3134 5158
564 268 714 368 ..ἓὸ-5,,

97 460 224 527 fflrobsn
251 467 336 528 terre
352 463 465 530 Buohk
491 465 524 530 in
540 465 730 551 quantitate,
760 466 964 550 etqualitate
988 469 1038 532 est
1061 465 1196 554 equalis,

98 567 149 632 ino
169 569 405 652 quodammodo
433 580 520 640 terre
545 573 694 640 Burehun
719 575 851 642 minoris
878 573 1000 642 valoris
1031 574 1195 658 existeret,

97 695 176 757 quum
198 679 241 744 sit
263 687 351 746 terre
376 681 499 769 Baebi,
525 689 619 768 prout
636 684 670 750 in
695 683 840 768 ejusdem
867 683 1015 768 Magistri
1043 683 1197 768 Preunay

96 783 193 850 litteris
208 787 348 854 vidimus
375 789 541 857 contineri.
559 791 755 859 Petieionem
776 811 853 876 ergo
873 791 1030 859 dictorum
1056 791 1195 858 filiorum

93 893 182 960 llsme
205 903 239 961 et
252 896 390 962 Renoldi
415 895 448 962 in
468 895 530 964 huo
545 903 638 983 perte
649 899 773 982 justum
789 897 1003 984 attendentes,
1026 899 1195 985 presertim

90 1003 157 1084 quis
170 1022 227 1088 per
242 1005 446 1092 privilegium
462 1013 608 1074 nostrum
624 1003 765 1094 (eorum)
781 1007 867 1094 petri
885 1025 1074 1076 conoessum
1101 1007 1196 1074 nobis

91 1111 241 1196 conetur,
273 1111 393 1180 dietum
417 1121 538 1182 terrum
562 1116 713 1182 Bnrohun
738 1116 787 1182 eis
812 1115 845 1181 in
871 1115 1110 1182 uonoumbieem
1137 1135 1196 1180 nos

89 1218 225 1306 dedisse;
253 1223 331 1306 quie
347 1243 387 1289 ex
403 1232 554 1308 suseepto
580 1224 745 1308 regiminis
761 1223 868 1291 ollioio
889 1243 999 1291 sumus
1026 1224 1196 1310 unicuique

88 1325 113 1390 in
127 1347 186 1394 sne
209 1327 394 1417 debitores;
419 1339 622 1417 prenotatam
648 1339 768 1399 terrum
795 1332 945 1399 Burehun
969 1329 1092 1400 eisdem
1118 1333 1195 1418 filijs

88 1435 179 1502 Deme
204 1443 237 1503 et
252 1438 389 1506 Renoldi
415 1438 614 1507 dimissimus
634 1449 791 1529 perpetuo
807 1441 1039 1529 possidendam
1058 1441 1120 1508 sub
1135 1440 1196 1506 eis·

86 1543 149 1610 dem
164 1545 258 1612 metis
274 1555 306 1612 et
321 1547 477 1635 terminis,
496 1547 611 1631 quibus
621 1546 742 1618 dietum
753 1548 901 1618 Castrum
911 1547 1114 1634 dignoseitur
1127 1569 1196 1636 pos-

87 1654 222 1738 sedisse;
254 1657 459 1742 presentibus
485 1657 600 1725 litteris
624 1659 743 1726 nostris
771 1658 872 1743 sigilli
903 1658 1004 1724 nostri
1032 1657 1195 1744 duppliois

87 1761 290 1848 impressione
309 1765 442 1832 munitis
458 1767 492 1832 in
508 1767 724 1834 testimonium
741 1767 977 1833 oonlirmentes.
997 1767 1121 1833 Datum
1137 1785 1196 1850 per

87 1891 189 1938 uenus
220 1873 370 1956 Magistri
395 1872 579 1959 Smarugdy
604 1873 756 1940 Albensls
770 1875 773 1880 “
787 1873 934 1940 Euolesie
968 1873 1089 1956 Flesti,
1121 1875 1196 1939 aule

87 1987 181 2047 nostre
198 1981 496 2069 Vise-Canoellsrij,
514 1981 626 2049 dileeti
642 1991 675 2050 et
697 1981 803 2052 fidelis
819 1983 939 2068 nostri;
964 2003 1049 2050 anno
1066 1981 1196 2048 Domini

87 2089 245 2157 millesimo
264 2090 497 2174 ducentesimo,
523 2089 791 2174 quinquagesimo
816 2090 938 2175 quinto,
962 2089 1067 2172 Regni
1088 2095 1195 2156 sutem

15 2225 16 2256 ;
86 2197 174 2263 nostri
191 2219 278 2264 enno
295 2197 454 2282 vigesimo
473 2198 585 2284 primo.

252 2395 352 2465 (nonar
367 2394 516 2464 uujossnyr
529 2379 612 2449 luem
629 2395 744 2448 ussum
757 2394 1015 2463 gyujomenysuu.)

503 2713 756 2724 -a———n-——s——nn

83 3408 135 3470 W.
155 3410 232 3474 Be'lu
257 3409 359 3494 kirtly
375 3407 465 3471 Kezuo
491 3405 639 3490 helym'pet
662 3404 812 3488 tdrppozd
836 3403 1025 3488 udonudnydt
1049 3401 1193 3488 Seuerou

349 3537 444 3580 coruos
459 3517 606 3578 srdmdra
620 3513 803 3595 meporb'er'ti.
823 3509 919 3575 1255.

180 3713 260 3780 Belu
275 3710 339 3779 Dei
365 3710 477 3795 grauis
498 3707 673 3793 Hungarie,
699 3707 878 3792 Delmuoie,
906 3707 1051 3794 Oroatis,
1080 3709 1190 3789 Rome,

78 3821 195 3906 Seruis,
213 3820 361 3904 Gellioie,
372 3816 573 3901 Lodomerie‚
586 3815 805 3898 cumunieque
820 3817 890 3882 Rex
905 3815 1053 3882 omnibus
1070 3813 1190 3882 Christi

78 3929 224 4000 fidelibus
250 3935 432 4016 presentem
448 3925 603 4012 peginam
629 3925 824 4012 inspecturis
846 3925 983 3991 sulutem
1000 3923 1032 3990 in
1048 3923 1189 3990 omnium

79 4039 247 4107 mluutore.
273 4035 324 4102 Ad
348 4035 571 4101 uniuersorum
595 4032 795 4120 presencium
820 4035 1085 4117 posterorumque
1108 4030 1191 4098 noti-

79 4147 153 4214 uism
179 4147 297 4213 burum
312 4143 396 4211 serie
421 4142 570 4210 uolumus
585 4142 764 4229 peruenire,
791 4141 877 4226 quod
901 4160 972 4207 eum
988 4159 1046 4207 nos
1068 4146 1189 4216 terrem

79 4255 177 4340 Kenw,
189 4254 286 4320 sltem
297 4252 330 4318 in
346 4249 685 4338 ComitatuPestiensi,
697 4269 793 4335 quern
809 4247 927 4334 conon,
948 4248 1062 4315 Petrus
1089 4254 1121 4314 et
1139 4248 1190 4316 Jo-

78 4361 206 4449 lennes,
217 4362 275 4448 filij
287 4361 456 4447 Johunnis,
466 4359 660 4427 hereditarie
669 4355 891 4447 possederant,
901 4357 982 4446 ipsis
990 4358 1062 4424 sine
1072 4356 1191 4423 herede

78 4469 312 4556 decedentibus,
331 4467 449 4536 dileeto
465 4473 497 4534 et
511 4467 598 4536 lideli
615 4475 725 4534 nostro
740 4465 915 4552 Seywredo
926 4463 1043 4534 Comiti
1053 4464 1191 4534 Albensi

79 4577 461 4668 obreeompensueionem
472 4576 681 4646 servitiorum
698 4595 836 4660 suorum,
854 4574 1020 4660 quenohis
1039 4580 1071 4641 et
1080 4575 1190 4660 Regno

114 4718 216 4758 norun.
233 4717 315 4758 suso.
331 4715 400 4755 suun.
422 4723 458 4735 -
471 4715 542 4754 uren.
555 4709 586 4747 12.
988 4695 1027 4749 25
