3102 5160
598 339 751 449 Q

102 533 159 626 qui
171 549 222 610 est
237 543 329 609 salus
346 544 499 611 omnium.
520 545 564 610 Vt
579 545 774 630 scrupulosa
789 544 963 612 multorum
979 543 1119 614 intencio
1140 551 1237 616 mate·

103 651 190 716 riam
214 651 442 738 inposterum
467 651 589 718 habere
613 672 679 718 non
707 652 818 720 valeat
833 653 988 739 accionis,
1015 654 1150 739 dignum
1175 656 1238 723 sibi

102 757 214 842 Regia
230 760 345 826 statuit
360 759 538 843 Gelsitudo,
563 765 775 828 attractatus
801 760 1003 829 subditorum
1028 781 1158 828 suorum
1183 782 1237 828 au-

101 863 259 932 thoritate
275 867 457 934 litterarum
473 865 738 933 testimonialium
754 867 903 936 stabiliat
918 874 951 934 et
966 869 1141 936 confirmet.
1162 868 1237 935 Pro-

100 971 180 1039 inde
196 974 243 1040 ad
259 975 484 1042 uniuersorum
509 982 576 1041 tam
591 976 795 1062 presencium
815 995 913 1061 quam
938 981 1141 1062 posterorum
1155 976 1235 1043 noti-

100 1079 191 1144 ciam
206 1079 323 1147 harum
339 1081 425 1149 serie
440 1081 587 1148 volumus
598 1081 788 1167 peruenire,
805 1082 892 1165 quod
908 1083 1100 1149 constitutus
1112 1083 1146 1148 in
1162 1104 1232 1170 pre·

101 1188 219 1253 sencia
243 1196 358 1255 nostra
383 1191 497 1255 Petrus
523 1188 608 1256 filius
624 1189 765 1258 Zebuslo
791 1190 926 1257 Comitis
952 1190 1069 1277 petiuit
1093 1207 1114 1256 a
1139 1191 1234 1258 nobis

1 1309 2 1330 ³
100 1295 274 1363 humiliter
289 1302 321 1362 et
337 1296 465 1382 deuote,
481 1303 517 1362 vt
531 1296 767 1384 possessiones,
787 1317 869 1382 quas
885 1300 1057 1366 asserebat
1071 1297 1234 1366 heredita-

98 1404 147 1469 rie
165 1404 348 1490 possidere,
374 1423 447 1471 cnm
463 1403 617 1471 heredum
635 1411 762 1472 careret
776 1406 911 1490 solacio,
928 1406 1175 1474 concederemus
1192 1426 1233 1474 ex

1 1565 2 1598 ,
99 1510 310 1595 benignitate
324 1513 440 1598 Regia,
465 1511 594 1578 filiabus
611 1511 828 1600 abnepotibus
844 1512 912 1580 suis
927 1513 1024 1600 pleno
1037 1515 1111 1598 jure
1135 1513 1230 1582 relin-

1 1603 2 1666 ἕ
98 1641 203 1705 quere
219 1620 446 1707 possidendas.
472 1621 541 1687 Nos
557 1627 665 1688 autem
681 1621 835 1707 peticioni
851 1641 909 1687 sue
925 1621 1148 1689 fauorabiliter
1175 1641 1230 1688 an·

1 1775 2 1818 3
94 1735 249 1811 nuentes,
266 1728 392 1796 dilectis
417 1735 450 1794 et
464 1726 614 1796 fidelibus
629 1729 750 1797 nostris
766 1729 903 1795 Albensi
928 1725 1089 1815 Capitulo,
1106 1729 1228 1796 nostris

1 1823 2 1828 ¹
95 1835 255 1901 dedimus
280 1835 397 1902 litteris
423 1836 457 1902 in
480 1835 644 1920 mandato,
672 1841 707 1902 vt
732 1835 958 1905 ordinaciones
984 1835 1061 1902 dicti
1087 1837 1174 1904 Petri
1198 1843 1231 1903 et

1 1951 2 1990 l
94 1943 243 2028 Agnetis
266 1944 375 2010 uxoris
392 1963 451 2010 sue
472 1945 696 2032 permitterent
720 1963 831 2011 coram
848 1944 905 2027 eis,
934 1950 966 2009 et
989 1962 1163 2031 processus
1178 1945 1229 2011 sui

1 2039 2 2050 ¹
95 2053 234 2135 seriem,
251 2051 334 2119 sicut
349 2058 508 2136 ageretur,
534 2073 593 2138 per
609 2051 755 2120 ordinem
770 2049 865 2116 nobis
880 2049 1018 2116 fideliter
1032 2050 1228 2118 intimarent.

93 2159 202 2226 Cuius
218 2160 345 2227 litteras
364 2161 536 2245 sigillatas,
553 2167 698 2226 tenorem
717 2157 961 2226 ordinationum
977 2156 1135 2226 dictarum
1154 2179 1227 2229 oon-

1 2249 2 2256 *
92 2270 252 2352 tinentes,
268 2268 450 2354 recepimus
466 2265 526 2334 sub
542 2267 604 2332 hac
621 2263 745 2333 forma:

1 2365 2 2382 ἢ
208 2373 396 2460 Capitulum
411 2375 558 2441 Ecclesia
573 2373 727 2440 Albensis
739 2373 800 2440 stb.
814 2371 911 2460 (mint
925 2372 1024 2437 alabb
1035 2375 1110 2441 208.
1124 2393 1169 2438 sz.
1180 2371 1226 2458 a.)

206 2481 277 2550 Nos
298 2501 376 2550 uero
400 2481 560 2569 premissa
587 2481 697 2550 omnia
720 2487 794 2547 rata
818 2480 987 2564 babentes,
1013 2493 1169 2562 quantam
1193 2479 1227 2544 in

89 2593 194 2660 nobis
211 2597 272 2675 est,
290 2595 323 2656 et
337 2592 439 2675 firma,
458 2609 498 2655 ac
513 2589 691 2655 secundum
707 2585 972 2656 consuetudinem
987 2587 1092 2670 Regni
1109 2606 1226 2673 appro-

1 2735 2 2770 t
91 2700 228 2782 bantes,
255 2696 452 2764 authoritate
473 2696 653 2762 litterarum
669 2695 873 2782 presencium
889 2697 1127 2780 confirmamus,
1143 2713 1226 2761 com·

90 2805 284 2872 munientes
300 2805 411 2889 sigillo
426 2809 536 2872 nostro
553 2803 686 2889 duplici,
711 2824 752 2870 ne
767 2809 881 2870 contra
905 2800 1131 2870 ordinaciones
1156 2822 1225 2887 pre-

1 2963 2 2972 η
89 2921 232 2983 taxatas
247 2913 357 2992 ualeat
372 2932 526 3000 processu
541 2912 696 2998 temporis
712 2911 899 2998 calumpnia
924 2931 982 2978 seu
996 2918 1225 2979 nocumentum

1 3027 2 3112 j
89 3023 233 3110 aliquod
247 3021 398 3089 suboriri.
423 3023 545 3088 Datum
560 3040 646 3087 anno
669 3021 913 3088 Incarnacionis
929 3018 1099 3086 Dominice
1124 3019 1224 3086 mille·

87 3135 176 3200 simo
193 3129 262 3199 00⁹
271 3132 345 3198 ΧΠ
361 3149 457 3219 nono,
473 3131 567 3199 nonis
585 3128 746 3214 Octobris,
766 3129 873 3212 Regni
887 3133 996 3195 autem
1019 3127 1122 3194 nostri
1137 3148 1224 3195 anno

88 3241 350 3328 quartodecimo.

86 3445 182 3509 (Garad
194 3439 301 3494 Mitrida
313 3435 453 3490 ntdornalr
469 3437 579 3489 trra-ki
591 3433 755 3500 dtiratdbdh
779 3435 859 3488 uthai
870 3436 1009 3501 Kasiucay
1031 3431 1122 3488 Gdbor
1133 3436 1222 3490 labala·

601 3524 719 3592 memet

529 3811 783 3825 m*
