3134 5150
624 315 776 414 Q

126 513 245 593 genter,
280 515 313 574 rt
329 507 363 573 iu
380 527 444 573 sua
460 506 536 591 lide,
563 527 628 592 qua
643 511 714 577 Deo
735 516 767 578 ct
791 511 886 578 uobis
911 518 1069 597 tenentur,
1096 514 1263 584 studerent

123 615 283 698 iutimare,
311 621 475 698 quantum
499 621 585 681 terre
610 615 758 701 predicto
774 617 808 682 S.
833 625 921 686 esset
944 619 1061 688 relicta
1088 623 1205 690 desua
1228 643 1263 702 et

125 742 254 788 sucrum
271 721 480 789 coniudicum
495 723 710 790 consciencia.
741 725 805 803 Qui
821 726 927 813 nobis,
955 727 1032 793 licet
1048 729 1258 812 singulariter

126 829 158 894 iu
174 829 316 896 diuersis
332 829 462 911 litteris,
490 834 522 896 et
537 831 598 896 sub
615 850 674 897 suo
691 832 826 917 quilibet
850 833 961 916 sigillo
978 833 1078 902 nobis
1093 856 1159 901 non
1174 836 1260 904 inco-

125 937 212 1023 gnito
238 939 300 1004 sub
318 937 434 1005 cedern
460 937 592 1005 omnino
607 946 721 1006 tenore
738 947 770 1006 et
786 941 871 1007 serie
885 942 1057 1009 verborum
1084 945 1258 1030 rescripse-

125 1054 208 1111 runt.
224 1044 349 1112 littere
365 1053 476 1110 autem
491 1044 571 1112 dicti
586 1045 721 1112 Comitis
738 1055 831 1113 erant
851 1048 990 1115 subhac
1007 1049 1134 1118 forma:

230 1151 425 1220 Reuerendo
452 1151 582 1219 domiuo
607 1173 667 1222 suo
683 1157 720 1222 B.
737 1155 800 1220 Dei
825 1156 938 1238 gracia
961 1158 1045 1241 Regi
1070 1157 1133 1224 stb.
1159 1155 1255 1244 (mint

126 1261 225 1326 dnbb
237 1263 292 1328 30.
308 1280 353 1324 sz.
370 1257 416 1344 a.)
764 1291 766 1300 =

232 1367 355 1434 Littere
380 1384 510 1450 quoque
525 1366 691 1452 Prepcriti
707 1369 876 1434 memorati
899 1368 1017 1435 litteris
1038 1367 1174 1436 Comitis
1191 1389 1254 1436 me·

126 1475 242 1542 morati
257 1475 389 1541 omuino
412 1474 663 1541 concordabant.

232 1582 301 1650 Nos
317 1589 426 1648 autem
437 1590 583 1650 tenorem
598 1584 782 1650 litterarum
791 1583 939 1668 ipsarum
959 1582 1135 1666 diligenter
1144 1602 1256 1670 accep·

123 1699 241 1774 tentes,
265 1697 387 1756 terram
403 1691 436 1757 S.
454 1691 575 1776 prefati
600 1699 634 1758 et
648 1691 786 1758 fratrum
810 1691 882 1758 eius
906 1690 1025 1757 litteris
1050 1691 1255 1776 presentibus

126 1799 248 1884 duplici
263 1799 374 1882 sigillo
399 1803 511 1864 nostro
527 1798 697 1881 roboratis,
713 1803 781 1864 tarn
798 1797 874 1882 sibi,
900 1816 999 1882 quarn
1014 1815 1146 1866 suorum
1165 1799 1255 1864 bere·

126 1904 231 1990 dibus,
249 1904 453 1971 etheredum
471 1905 711 1972 successoribus
723 1903 875 1970 duximus
891 1911 1048 1990 perpetuo
1066 1904 1253 1972 confirmau-

123 2013 219 2096 dum;
236 2013 408 2078 silencium
423 2011 622 2095 quibuslibet
634 2011 881 2098 impeditcribus
897 2007 985 2097 (lgy)
1001 2011 1169 2097 superhcc
1184 2031 1254 2097 per·

123 2128 256 2205 petuum
284 2117 493 2205 imponendo.
517 2120 637 2186 Datum
662 2120 698 2186 in
723 2120 856 2187 Zotmar
885 2138 973 2184 anuo
997 2119 1108 2202 grauis
1132 2117 1254 2186 M⁰OO⁰

121 2227 288 2293 tricesimo
304 2233 430 2310 cubuc,
456 2225 557 2294 tercio
581 2226 745 2294 kalendas
760 2225 922 2310 Octobris,
948 2246 1046 2308 anno,
1073 2245 1159 2294 auno
1175 2245 1253 2293 vero

122 2335 228 2419 Regni
243 2336 348 2402 nostri
366 2335 479 2400 tercio.

122 2547 159 2609 (A
172 2553 250 2616 gydri
268 2547 458 2617 kdptalauualr
473 2552 584 2602 sloo-ki
606 2553 651 2616 „in
666 2551 735 2602 isstc
747 2551 802 2602 BBa
815 2551 936 2616 Philippi
956 2555 984 2600 st
996 2547 1097 2600 Jaccbi
1115 2546 1255 2611 Apostolo-

6 2695 7 2700 ,
121 2640 197 2690 rum·
213 2639 271 2690 lsslt
282 2637 438 2701 dtirntdbdl,
451 2641 552 2705 mclyst
566 2639 681 2703 „nobilis
693 2640 804 2692 domina
813 2640 936 2690 Barbara
948 2643 1049 2690 vocata
1060 2635 1165 2696 relicta,
1177 2640 1204 2686 st
1213 2635 1254 2686 Si·

123 2729 282 2794 gismundus
296 2731 367 2780 tilius
380 2727 528 2781 Alexandri
540 2730 573 2780 de
584 2729 757 2795 Gwrgstcgh‚
771 2729 892 2781 Mathius
906 2729 977 2779 lilius
987 2726 1118 2784 Mathius‚
1131 2725 1151 2776 J
1153 2725 1255 2775 acubus

122 2819 197 2868 lilius
209 2820 317 2880 Jacobi,
330 2818 477 2870 Ladinlaus
491 2817 561 2868 lilius
574 2817 706 2884 Stephani
718 2819 752 2867 ds
766 2819 859 2868 eadem
873 2815 1047 2883 Gurgetsglr,
1069 2819 1097 2864 et
1108 2813 1255 2864 Ladizlaus

124 2907 195 2958 filius
208 2909 359 2960 Jocbaunis
381 2909 416 2960 de
427 2907 566 2973 Kelcclry“
581 2906 695 2974 kertelr,
720 2909 831 2958 sbudai
854 2907 905 2958 lrir.
918 2907 1040 2958 karnarai
1062 2898 1257 2969 lsudltdrban.)
