3122 5154
816 373 817 376 γ
843 286 998 388 ..Ere-

354 487 462 554 iudice
479 487 648 573 superiori,
678 494 790 554 elnon
809 485 967 572 hospites,
993 484 1112 551 debeat
1128 485 1304 552 conuenin‘.
1330 480 1485 551 Concedi-

355 615 427 662 mus
443 595 558 678 eciam,
585 595 670 678 quod
689 596 722 660 in
740 595 871 660 minutis
887 593 1116 678 mercimoniis,
1143 613 1205 677 que
1222 593 1343 660 ibidem
1364 593 1395 659 in
1410 593 1485 660 foro

355 703 396 770 de
416 704 496 770 Bors
511 695 714 770 'contrahere
730 702 913 786 debuerint,
940 701 1095 768 tributum
1121 699 1253 785 aliquod
1269 723 1335 769 non
1360 701 1484 788 persol-

354 817 460 877 uatur.
489 808 615 887 Quibus
640 811 745 876 eciam
771 809 814 875 ad
840 807 1107 896 inhabitandum,
1134 817 1169 875 ut
1194 809 1343 876 seruiciis
1368 809 1485 892 augeri

354 925 489 1006 possent
505 926 537 984 et
553 937 698 1000 numero,
713 918 774 983 has
791 922 896 983 terras
912 915 1063 984 duximus
1079 915 1304 984 conferendas.
1329 917 1380 982 Dc
1395 923 1484 982 terra

356 1025 570 1093 castrensium
597 1024 638 1093 de
653 1025 785 1110 Zengev
808 1033 930 1092 terram
946 1025 1097 1092 fruticum
1124 1031 1253 1092 aratvre
1267 1025 1410 1096 nondum
1428 1045 1485 1112 ap·

356 1142 423 1201 tam
439 1133 482 1199 ad
498 1141 636 1217 quatuor
653 1139 781 1220 aratra;
808 1133 884 1199 item
910 1139 1030 1199 terram
1054 1135 1150 1199 unius
1167 1133 1278 1216 aratti,
1304 1153 1367 1218 que
1383 1153 1484 1216 quon-

358 1243 432 1308 dam
449 1241 491 1306 ad
507 1239 680 1308 vdornieos
696 1247 826 1310 nostros
843 1241 1037 1326 pertinebat,
1060 1241 1118 1308 sed
1134 1261 1219 1308 nuuc
1234 1261 1340 1307 vacua
1356 1261 1485 1307 reman-

357 1355 452 1435 serat,
470 1349 562 1414 iuxta
573 1346 683 1415 Geron
700 1347 834 1414 ssuuium
852 1347 1060 1432 existentem
1077 1347 1155 1414 item
1172 1347 1215 1416 de
1230 1355 1317 1415 terra
1333 1347 1484 1414 eiusdem

357 1457 463 1523 Gastri
479 1457 523 1523 ad
538 1455 602 1523 tria
618 1461 737 1540 aratra,
756 1473 853 1537 quam
871 1455 1003 1540 quidam
1020 1455 1125 1523 uticus
1141 1456 1270 1524 nomine
1290 1453 1387 1524 auda
1404 1455 1488 1521 deti-

355 1566 462 1650 nebat,
482 1586 577 1650 quem
593 1565 697 1631 eciam
714 1585 780 1630 vna
795 1585 868 1631 cum
886 1585 944 1632 suo
960 1564 1060 1632 iratre
1075 1565 1109 1630 in
1126 1585 1259 1633 numero
1280 1571 1314 1632 et
1327 1565 1487 1632 libertate

354 1672 516 1758 hospitum
543 1670 719 1737 eorundem
736 1669 925 1754 reliquimus
947 1690 1213 1757 permansurum
1238 1671 1315 1738 item
1331 1673 1365 1739 in
1382 1671 1488 1760 Scyla
1545 1679 1551 1688 '

355 1787 474 1846 terram
490 1779 626 1846 duonum
641 1783 824 1844 aratrorum
840 1797 979 1844 vacuam
995 1777 1170 1863 quendam,
1194 1797 1256 1864 que
1272 1779 1423 1848 similiter
1439 1782 1488 1849 ad

355 1885 529 1954 vdornicos
546 1885 738 1971 pertinebat.
759 1885 850 1964 Quas
865 1905 924 1973 per
941 1891 1087 1954 nostrum
1103 1886 1298 1973 pristaldum
1311 1887 1410 1955 Belez
1426 1909 1487 1956 no-

355 1993 442 2059 mine
458 1993 551 2059 metis
568 1992 753 2059 distinctam
769 1994 856 2082 (tgy)
873 1993 955 2080 ipsis
970 1994 1106 2061 fecimus
1123 1995 1296 2080 assignari.
1311 1997 1355 2062 Vt
1371 2005 1487 2064 autem

356 2102 417 2166 hee
433 2121 454 2165 a
468 2107 578 2167 nostro
594 2099 746 2168 ordinata
769 2101 973 2188 beneplacito
988 2101 1181 2171 inconcusse
1201 2103 1301 2170 robur
1316 2103 1487 2173 firmitatis

354 2208 521 2275 obtineant
537 2209 569 2274 iu
585 2215 750 2294 posterum
761 2217 930 2296 presentes
940 2211 1067 2279 litteras
1078 2213 1297 2280 concessimus
1314 2213 1486 2300 dupplieis

352 2314 453 2400 sigilli
469 2317 571 2383 nostri
588 2317 763 2383 munimine
778 2316 959 2386 roboratas.
989 2319 1110 2385 Datum
1126 2319 1159 2384 in
1175 2320 1287 2387 insula
1303 2339 1393 2387 auno
1409 2341 1488 2406 gra-

352 2421 401 2488 cie
416 2423 462 2488 M⁰
473 2421 539 2489 00⁰
549 2423 630 2505 ΧΠ,
647 2431 763 2506 quarto
778 2425 856 2492 ldus
873 2423 1085 2512 Septembris,
1108 2427 1213 2510 Regni
1230 2445 1360 2510 quoque
1376 2429 1490 2495 nostri

351 2547 437 2594 auno
454 2527 574 2612 quinto.

351 2705 410 2772 (IV.
423 2706 490 2759 Bela
501 2705 647 2774 kirtlynsk
662 2709 774 2763 llus-ki
788 2709 950 2778 megerb'sitd
959 2709 1208 2780 privilegiumdbdl,
1221 2714 1290 2764 mint
1303 2709 1398 2768 eltbb.
1413 2715 1448 2768 V.
1461 2722 1489 2770 u.

628 2799 709 2866 Fejer
722 2801 788 2853 Cod.
802 2800 876 2870 Dipl.
890 2803 935 2854 1v.
950 2803 1007 2855 kur.
1021 2805 1046 2853 1.
1060 2819 1081 2858 r.
1096 2804 1157 2854 3l2.
1171 2799 1201 2871 1.)
1258 2833 1271 2860 ο

881 3553 938 3620 66.

348 3727 406 3794 IV.
424 3725 505 3792 Be'la
521 3727 695 3817 birdlyuuk
712 3733 820 3798 Ratun
835 3731 975 3800 ttrrokur
992 3739 1146 3824 tdrpyuzd
1159 3737 1339 3826 udontdnya
1355 3743 1500 3817 Mutua

599 3842 631 3903 ee
651 3840 762 3926 Tump,
777 3839 871 3908 Zeres
879 3843 945 3928 fini
959 3847 1115 3914 szdmdra.
1131 3849 1229 3912 1240.

452 4033 534 4101 Bela
553 4034 616 4100 Dei
641 4035 755 4120 gracia
778 4035 954 4124 Hungarie‚
980 4041 1161 4129 Dalmaeie,
1186 4043 1333 4130 Oroaeie,
1359 4047 1504 4144 Reme,

346 4140 470 4227 Seruie,
487 4143 638 4229 Gallieie,
655 4143 849 4214 Lodomerie
859 4148 1082 4237 (lamanieque
1096 4153 1166 4220 Rex
1182 4154 1334 4222 omnibus
1352 4155 1508 4236 Christi

345 4245 494 4317 fidelibus
510 4252 667 4338 paginam
682 4263 864 4339 presentem
881 4257 1078 4344 inspecturis
1101 4261 1243 4330 salutem
1259 4270 1292 4332 et
1308 4285 1419 4339 omne
1439 4277 1510 4348 bo.

347 4373 433 4421 uum.
458 4357 511 4423 Ad
527 4359 751 4427 uniuersorum
776 4363 930 4432 noticiam
947 4365 1061 4435 harum
1077 4369 1162 4438 serie
1189 4372 1339 4441 uolumus
1363 4397 1510 4465 perne.

346 4461 426 4547 nire,
449 4463 536 4548 quod
553 4485 625 4532 eum
642 4469 712 4533 Deo
738 4470 882 4556 propicio
898 4475 1003 4559 Regni
1026 4475 1188 4561 regimine
1212 4499 1272 4567 per
1296 4499 1510 4570 successio.

347 4586 421 4633 nem
437 4569 481 4634 ad
497 4590 557 4638 nos
573 4571 727 4643 desoluto
743 4577 816 4646 iura
831 4587 1009 4650 castrorum
1025 4591 1171 4673 tempore
1186 4587 1293 4657 lelieis
1316 4607 1511 4682 memorie
