3148 5156
593 255 746 356 ..su

136 453 245 538 antiqno
263 451 339 520 bine
356 459 388 521 et
403 453 478 522 bine
495 457 608 543 posite,
625 457 714 527 uenit
730 473 832 540 nsque
849 453 891 522 ad
908 455 1023 541 locum,
1044 453 1100 536 qui
1115 450 1234 522 dicitur

135 563 306 650 inrepserat,
323 567 355 629 et
370 562 416 630 ibi
434 571 508 633 sunt
524 565 587 635 due
605 577 697 656 mete,
715 566 798 634 inter
815 584 896 650 quas
913 571 961 632 ost
981 581 1064 631 unus
1080 561 1185 650 lapis;
1202 567 1234 630 et

134 661 272 755 premisse
288 675 372 738 mete
383 671 531 740 diuidunt
547 675 667 744 dictam
682 681 831 743 terrama
848 681 934 740 terra
948 671 1087 740 tiliorum
1098 669 1233 740 Comitis

133 779 286 865 iioiyan13
317 780 433 849 deinde
450 787 620 853 reuertitur
636 805 750 853 uersus
767 783 961 869 aquilonem,
987 785 1019 850 et
1034 781 1148 850 circuit
1167 787 1232 848 tres

133 895 248 972 montes,
275 896 307 952 et
324 889 412 956 uenit
429 910 525 976 super
541 913 638 960 unum
656 891 874 973 monticulum,
902 891 956 956 nbi
973 897 1046 958 sunt
1061 896 1126 957 tres
1149 892 1233 956 mete

131 995 227 1082 posite,
245 1002 278 1060 et
293 997 355 1063 iste
372 997 520 1065 diuidunt
536 1001 577 1069 de
592 1001 686 1070 terris
703 999 826 1069 Monak
842 1004 874 1067 et
890 986 972 1084 Oia}
993 997 1112 1066 deinde
1126 1015 1232 1064 reuer-

130 1103 190 1171 titur
207 1124 320 1174 uersus
346 1106 514 1196 orientem,
534 1116 567 1176 et
583 1109 750 1178 descendit
774 1109 867 1175 iuxta
891 1108 1012 1175 nollem
1036 1109 1233 1196 permotas,

130 1231 175 1296 que
189 1213 310 1282 dicitnr
332 1215 467 1283 Scomnc
483 1217 593 1304 osoia3
619 1227 652 1287 et
666 1217 756 1288 uenit
779 1235 880 1304 nsque
905 1214 1130 1300 arundinetum
1155 1213 1233 1281 dicti

129 1319 203 1408 iunij
222 1323 387 1408 Zeremch‚
404 1330 437 1390 et
452 1325 544 1394 iuxta
557 1328 813 1415 requetiorbokur
828 1333 903 1394 sunt
922 1331 1017 1409 mete,
1032 1329 1064 1392 et
1086 1322 1133 1392 ibi
1149 1328 1234 1388 mete

128 1431 258 1498 eiusdem
275 1437 359 1499 terre
374 1433 596 1502 terminantur.
612 1435 656 1502 Ut
672 1434 771 1519 igitur
781 1435 842 1501 hoc
856 1439 969 1500 nostra
985 1431 1121 1500 donacio
1138 1430 1235 1497 robur

127 1547 271 1624 perpetue
286 1539 431 1626 optineat
446 1541 617 1625 firmitatis,
636 1549 804 1628 presentes
821 1541 950 1607 litteras
965 1541 1000 1606 in
1015 1536 1234 1605 testimoninm

127 1643 183 1712 dori
198 1637 335 1714 fecimus
346 1647 446 1732 sigilii
461 1649 563 1717 nostri
577 1649 716 1736 duplicis
728 1647 902 1716 munimine
918 1646 1096 1714 roboratas.
1114 1645 1233 1712 Datum

126 1773 171 1840 per
186 1775 304 1823 manus
321 1757 468 1843 Magistri
482 1759 655 1844 Smaragdi
672 1758 777 1826 Eiecti
792 1757 938 1825 Ecclesie
957 1755 1143 1824 colocensis
1159 1753 1234 1820 aulo

126 1871 223 1932 nostre
242 1865 532 1953 Vico-Canceilarij
552 1867 662 1935 dilecti
679 1876 711 1935 et
727 1867 832 1935 fidelis
848 1865 969 1950 nostri3
994 1883 1078 1931 anno
1103 1861 1235 1930 Domini

125 1973 286 2042 millesimo
311 1976 531 2046 ducentesimo
557 1977 825 2062 quinquagesimo
845 1983 972 2058 octauo,
997 1971 1105 2060 pridie
1121 1971 1233 2040 iraten-

123 2079 173 2148 das
189 2083 318 2168 Maroij‚
336 2083 442 2170 Regni
458 2091 566 2152 autem
583 2087 685 2153 nostri
702 2105 788 2154 anno
805 2085 959 2153 vicesimo
974 2085 1087 2152 tercio.

123 2279 252 2342 (Erodotie
271 2281 443 2350 biirhdrtpdn,
463 2284 574 2353 melyritl
587 2300 604 2336 a
616 2281 760 2353 hirdiynak
784 2285 874 2338 kettds
887 2283 1009 2351 peosttje
1028 2281 1181 2336 eurus-sold
1194 2299 1233 2334 ao·

269 2373 467 2440 lyemasindron
481 2377 558 2444 digg,
572 2392 587 2430 a
601 2376 683 2430 budai
697 2377 746 2428 kir.
762 2377 883 2430 kamuai
896 2371 1083 2440 lentitirbaa.)

640 3125 718 3193 aas.

127 3306 143 3369 Ι
149 3307 177 3372 i'.
196 3309 270 3374 Boio
286 3307 451 3394 hirdipoalc
466 3305 548 3371 Koos
564 3305 706 3372 Dombro'
721 3312 750 3370 e'o
768 3305 958 3394 Keadctapu
977 3308 1160 3396 helyodpcket
1176 3312 1237 3375 teir·

210 3419 312 3502 ppozd
329 3416 506 3502 odorndapa
523 3416 606 3481 Kite'a
621 3415 851 3498 corneafiac'aak
867 3417 1022 3482 azdmcira.
1042 3415 1138 3482 1258.

217 3613 330 3701 (B)ele
349 3613 412 3678 Dei
428 3611 542 3697 gracia
558 3611 734 3697 Hungurie,
755 3611 936 3697 Dalmocie,
961 3611 1106 3698 Oroacic,
1124 3614 1235 3699 Rama,

122 3719 236 3808 Seruis,
249 3721 400 3808 Gallicis,
418 3721 619 3808 Lodomerie,
638 3723 857 3809 Cumanieque
867 3723 936 3788 Rex
953 3717 1101 3788 o'mnibus
1118 3719 1236 3789 Christi

123 3828 264 3898 fidelibus
283 3839 452 3919 presentes
476 3831 604 3898 litteras
621 3831 815 3919 inspecturis
832 3831 970 3897 salntem
986 3829 1019 3895 in
1036 3851 1086 3914 eo,
1106 3830 1159 3914 qni
1177 3831 1236 3896 Re-

122 3937 210 4020 gibus
226 3937 285 4006 dat
302 3939 449 4007 salntem.
467 3941 508 4006 Vt
523 3941 658 4025 Regalis
673 3939 883 4008 sublimitatis
899 3937 1091 4006 inmensitas
1106 3959 1237 4004 manum

122 4047 298 4115 munificam
310 4047 456 4134 porrigat
467 4045 509 4114 ad
519 4047 720 4117 sudoriferos
730 4048 908 4116 famulatus
918 4045 1131 4131 subditorum,
1152 4045 1238 4130 eqni·

119 4163 165 4222 tos
181 4155 306 4241 suadet,
333 4155 422 4221 rocio
440 4156 592 4241 postulat,
620 4157 670 4224 ius
687 4155 838 4241 requirit;
865 4155 1036 4242 presertim
1051 4173 1123 4221 oum
1140 4153 1174 4219 id
1192 4153 1237 4220 in·

120 4283 305 4333 concussum
315 4264 437 4350 quippo
452 4275 641 4352 permoneat
651 4272 749 4351 atque
765 4263 900 4348 firmum,
917 4261 1003 4350 quod
1015 4261 1116 4346 Regio
1132 4259 1239 4329 iuerat

120 4373 295 4455 patrocinio
322 4373 561 4440 communitum.
593 4371 734 4440 Proinde
759 4372 803 4440 ad
832 4373 1054 4440 uniuersorum
1085 4369 1238 4438 notioiom

121 4489 224 4548 mucre
249 4481 453 4568 presencium
479 4481 626 4548 volomus
642 4481 821 4568 peruenire,
848 4479 1023 4565 quodcum
1042 4475 1238 4566 stipticus,

123 4587 284 4677 Phiiippus
302 4599 333 4655 ct
354 4591 531 4672 Gregorius
553 4588 608 4672 filij
628 4589 762 4655 Comitis
779 4587 873 4672 Cletp·
890 4585 1001 4656 fideles
1018 4587 1119 4655 nostri
1137 4609 1157 4653 a
1174 4589 1238 4672 pri·

162 4725 259 4762 norun.
277 4725 360 4762 nnuc.
376 4725 445 4762 nnus.
465 4735 502 4746 -
522 4725 592 4761 nurus.
611 4715 644 4754 ¹²-
1038 4706 1076 4759 st
1127 4677 1139 4706 ⁰
