3148 5156
882 286 948 355 464

350 480 485 549 iuferius
502 489 577 548 suut
592 482 656 550 duo
671 489 773 568 mete,
797 481 949 568 aquibus
966 484 1127 552 ueniendo
1146 485 1255 554 adhue
1270 483 1314 554 ed
1330 487 1479 554 oeoiden·

350 591 449 656 talem
475 589 609 675 plagam
633 591 717 658 iuter
742 591 868 658 niueam
885 591 997 660 Sanoti
1023 593 1156 679 Georgij
1183 601 1215 662 et
1239 594 1322 664 iuter
1347 595 1480 662 niueam

352 699 511 786 Stephani
527 709 603 770 sunt
619 702 683 770 due
698 709 799 788 mete3
823 701 929 772 adhue
945 702 1063 772 abinde
1080 702 1246 788 pergendo
1262 703 1305 772 ad
1322 711 1479 773 montana

351 811 394 877 ad
411 812 610 880 oeoideutem
627 813 750 882 directe
764 812 852 881 uenit
868 813 912 880 ad
926 813 1046 882 ualiem
1064 817 1108 882 ad
1125 821 1228 882 metas
1245 815 1356 882 Pauus
1372 814 1478 882 Corui-

351 920 413 1007 tis;
437 920 478 988 (le
494 921 610 1006 quibus
625 921 807 1008 proceditur
830 921 874 988 uri
890 923 1023 1007 plagam
1041 923 1214 1009 aquilonis,
1239 930 1271 992 et
1291 921 1384 991 uadit
1399 943 1474 989 oon-

352 1028 441 1094 tiuue
456 1027 491 1094 in
505 1029 594 1096 ualle
609 1027 642 1094 iu
666 1027 834 1096 uieiuitate
848 1027 1107 1098 comitissarum
1122 1047 1224 1114 usque
1249 1035 1349 1113 eaput
1363 1029 1483 1108 uallis,

351 1143 383 1202 et
406 1135 451 1204 ibi
477 1143 554 1206 eunt
576 1135 639 1206 due
663 1143 764 1224 mete,
794 1135 910 1206 deinde
935 1137 1027 1206 uadit
1042 1138 1147 1206 etiem
1171 1137 1214 1205 orl
1230 1137 1419 1220 aquilonem
1443 1138 1478 1203 iu

352 1251 459 1312 monte
475 1245 508 1310 iu
523 1253 610 1315 terra
629 1245 756 1330 arabili,
783 1253 814 1312 et
838 1245 883 1314 ibi
898 1247 990 1315 iuxta
1006 1247 1093 1315 uiam
1119 1245 1153 1313 in
1178 1243 1300 1330 angulo
1319 1253 1396 1312 sunt
1412 1244 1476 1312 due

352 1357 455 1436 mete;
480 1350 519 1416 de
535 1351 651 1436 quibus
666 1351 865 1439 protenditur
889 1351 932 1419 ad
952 1360 1077 1438 partem
1103 1351 1246 1436 orientis,
1275 1359 1308 1417 et
1323 1351 1358 1417 in
1372 1351 1479 1418 latare

352 1457 473 1525 montis
498 1457 532 1524 in
557 1457 634 1528 ilioe
649 1465 725 1526 suut
739 1458 802 1527 due
815 1464 901 1528 mete
924 1459 1051 1546 Zagur;
1081 1457 1200 1526 abinde
1229 1457 1279 1525 bis
1304 1455 1415 1526 ueniet
1440 1457 1483 1523 ad

352 1568 486 1634 arbores
510 1566 583 1654 piri,
606 1569 667 1636 sub
683 1567 797 1652 quibus
812 1575 888 1637 suut
911 1577 1012 1651 mete;
1035 1569 1113 1636 item
1137 1569 1231 1636 iuxta
1257 1565 1411 1653 Rabatya
1428 1567 1476 1632 ‹li-

353 1671 440 1742 reoie
456 1675 616 1744 ueniendo
632 1677 675 1743 ad
699 1676 863 1764 orientem,
890 1684 966 1744 sunt
988 1679 1052 1746 due
1071 1685 1165 1762 mete,
1189 1696 1210 1742 a
1234 1676 1352 1760 quibus
1368 1674 1478 1742 eundo

352 1786 497 1853 instead
514 1785 677 1870 orientem,
695 1787 751 1854 ubi
765 1787 865 1854 intrat
878 1787 911 1855 in
928 1787 1052 1872 Karka,
1070 1795 1146 1857 suut
1162 1794 1300 1872 quatuor
1316 1791 1423 1869 mete,
1450 1791 1484 1849 et

353 1894 396 1960 ab
420 1894 486 1962 iliis
512 1894 615 1962 intrat
637 1895 671 1962 in
696 1913 809 1963 neruus
825 1897 946 1984 Karka,
972 1906 1004 1964 et
1030 1898 1120 1965 uenit
1144 1896 1187 1962 sd
1207 1894 1340 1962 fluuium
1357 1892 1476 1958 Karka

354 2002 413 2070 sub
438 2001 623 2068 molendino
640 2002 805 2089 Duoiysa3
828 2012 862 2071 et
885 2006 934 2073 sie
958 2005 1065 2074 eundo
1089 2005 1123 2072 in
1138 2003 1238 2074 fluuio
1253 2005 1288 2070 iu
1308 2000 1482 2068 uicinitate

356 2107 492 2176 Comitis
508 2110 617 2176 Pauus
642 2110 750 2178 ueniet
773 2113 816 2180 ad
838 2112 976 2198 priorem
1001 2121 1130 2198 metam,
1162 2121 1195 2179 et
1218 2112 1268 2180 sio
1292 2117 1378 2176 mete
1398 2114 1486 2176 terre

355 2217 541 2304 supradicte
555 2219 779 2288 terminantur.
796 2223 840 2291 Vt
853 2223 952 2307 igitur
966 2221 1062 2291 iunius
1078 2222 1157 2292 faeti
1166 2222 1269 2290 series
1283 2220 1382 2287 robur
1400 2216 1487 2301 opti·

354 2331 431 2393 neat
455 2330 612 2409 perpetue
628 2325 799 2414 firmitatis,
830 2351 889 2399 neo
913 2335 1265 2424 proeessufltemporum
1285 2347 1343 2415 per
1370 2345 1485 2410 quenu-

355 2435 442 2522 piam
457 2433 569 2501 ualeat
584 2433 714 2521 irritari,
740 2439 800 2506 aed
816 2439 928 2526 pocius
943 2438 1061 2526 prefati
1077 2439 1118 2506 de
1132 2437 1232 2505 Zelob
1248 2443 1368 2504 terram
1385 2433 1485 2500 metis

355 2543 553 2626 distinetam,
578 2551 611 2610 et
633 2547 836 2630 presentibus
851 2548 1055 2617 intersertam
1072 2548 1142 2614 iure
1158 2543 1359 2613 hereditario
1375 2543 1486 2628 possi-

355 2650 455 2718 deant
469 2651 503 2718 iu
519 2651 604 2718 filios
620 2651 766 2740 filiorum,
792 2665 958 2744 presentes
974 2655 1094 2725 eisdem
1111 2661 1241 2722 nostras
1257 2651 1483 2718 oonoessimue

354 2759 482 2826 litteras
498 2757 683 2841 sigillorum
698 2769 881 2832 nostrorum
899 2764 1077 2834 munimine
1095 2764 1278 2831 roboratas.
1306 2759 1430 2825 Datum
1450 2756 1487 2822 in

355 2867 496 2936 erastino
521 2865 710 2936 sestiuitatis
734 2871 827 2938 Beati
852 2873 1010 2941 Johannis
1025 2870 1175 2959 Apostoli
1195 2877 1227 2936 et
1252 2865 1483 2949 Euangeliste,

356 2996 413 3060 per
427 2993 543 3042 manus
553 2973 702 3058 Magistri
717 2979 902 3066 Laustaohij
918 2981 1115 3068 Ganoeiiarij
1131 2977 1243 3063 nostri,
1261 2995 1349 3043 anno
1365 2975 1481 3058 gratio

355 3084 405 3150 Μο
420 3081 489 3150 00⁰
505 3081 549 3148 [ιθ
565 3083 714 3166 septimo.

356 3279 414 3348 (tv.
438 3277 502 3330 Boia
515 3275 660 3344 kiriiynak
682 3286 791 3340 lats-ki
809 3287 971 3357 rungeriisitb
993 3285 1180 3356 okmtnytutt
1199 3287 1268 3338 ruint
1286 3283 1397 3336 fontebb
1411 3281 1477 3332 ΒΗ.

823 3379 894 3434 subm
913 3379 1011 3446 ailatt.)

785 3665 1049 3684 mun-na*
