3122 5154
598 281 749 382 „191-

123 481 291 569 peripsum
316 479 493 548 heredibus
513 479 731 564 heredumque
756 484 1000 552 successoribus
1027 485 1239 576 contulimus3

121 597 150 656 nt
164 597 215 656 est
229 589 463 674 supradictum.
488 587 698 654 Postmodum
715 587 825 658 aulem
842 609 915 656 cum
939 590 1027 659 idem
1043 595 1076 660 in
1093 618 1241 684 corpora-

120 696 177 764 lem
192 697 434 783 possessionem
450 694 533 760 foret
548 694 763 779 introductus,
780 696 974 782 iobagiones
986 701 1092 768 Gastri
1108 704 1149 770 de
1165 704 1240 774 Bor-

120 805 173 874 sod
188 803 230 871 de
255 804 334 872 uilla
350 801 476 887 Dedns,
492 802 601 870 Zadur
627 801 791 890 uidelicet,
816 804 942 890 Petrus,
963 807 1055 896 Ysip,
1072 811 1239 880 Abraham

120 921 148 980 et
168 913 226 998 aiij
242 911 282 979 de
306 910 524 996 generacione
549 912 694 998 ipsorum
720 911 858 978 eundem
886 913 1043 982 Comitem
1066 918 1238 987 Nicolaum

119 1027 277 1089 traxerunt
302 1020 487 1086 incensam
513 1017 669 1101 dicentes,
696 1017 783 1102 quod
808 1021 1016 1106 supradictus
1033 1025 1111 1092 Jula
1126 1027 1237 1094 Banus

119 1127 352 1215 possessionem
370 1132 593 1208 memoratam,
609 1123 653 1191 ad
667 1124 758 1210 ipsos
774 1124 843 1192 iure
859 1126 1055 1200 hereditario
1076 1135 1236 1219 pertinen·

20 1275 21 1278 =
118 1243 184 1320 tem,
202 1236 361 1304 uiolenter
376 1238 580 1320 occupasset.
597 1231 690 1300 Licet
705 1238 814 1300 autem
834 1233 961 1304 diucius
977 1237 1051 1324 ipsa
1069 1259 1169 1307 causa
1185 1263 1236 1310 co·

20 1353 21 1358 ’
116 1365 179 1411 ram
194 1342 288 1411 nobis
314 1342 431 1410 luisset
451 1341 610 1409 uentilata
621 1366 629 1426 ;
655 1342 788 1408 tandem
804 1342 1033 1427 iobagionibus
1056 1347 1234 1416 iamdictis

116 1453 145 1519 in
158 1472 217 1522 sna
231 1452 417 1520 intencione
427 1450 557 1517 omnino
574 1449 808 1536 deficientibus,
825 1450 866 1517 de
876 1451 1039 1519 Beronum
1049 1461 1232 1523 nostrorum

116 1561 243 1630 consilio
259 1561 365 1648 ipsam
382 1559 623 1645 possessionem
646 1558 755 1645 sepius
772 1557 859 1624 dicto
875 1559 1012 1627 Nicolao
1029 1559 1146 1628 Comiti
1162 1582 1233 1630 sen·

114 1669 289 1738 teneialiter
313 1666 575 1736 adiudicauimns
591 1665 662 1734 iure
677 1674 836 1754 perpetuo
858 1668 1099 1754 possidendam.
1126 1671 1232 1751 Quam

112 1777 168 1844 sibi
182 1796 243 1864 per
257 1775 387 1844 fidelem
414 1783 560 1844 nostrum
576 1775 705 1842 Kunam
721 1775 762 1840 de
779 1773 860 1841 uilla
875 1774 983 1859 Holog
1008 1777 1069 1843 sub
1091 1779 1231 1846 testimo-

111 1883 158 1952 nio
173 1882 368 1952 dilectorum
393 1882 487 1950 nobis
504 1881 648 1969 Capituli
665 1880 834 1967 Agriensis
859 1883 957 1950 certis
973 1882 1116 1970 undique
1137 1873 1231 1954 metis

111 1993 277 2060 limitatam
303 1991 440 2058 lecimus
456 1989 631 2075 assignari.
661 1991 747 2058 Mete
762 1995 880 2076 autem,
908 1993 991 2060 sicut
1006 2014 1065 2080 per
1089 1994 1230 2062 antedic-

110 2107 166 2166 tum
181 2099 348 2168 hominem
373 2105 529 2183 nostrum,
555 2117 615 2164 nec
632 2118 696 2166 non
713 2118 773 2184 per
798 2097 924 2166 litteras
945 2098 1088 2187 Capituli
1111 2123 1229 2170 memo-

107 2207 163 2272 rati
178 2206 275 2274 nobis
300 2205 456 2292 constitit,
482 2206 544 2273 hoe
560 2204 673 2274 ordine
698 2204 928 2291 distinguntur.
953 2208 1064 2276 Prima
1080 2219 1167 2278 meta
1182 2211 1228 2278 in·

108 2315 179 2400 cipit
203 2315 298 2381 iuxta
313 2313 472 2380 Turduna
496 2311 632 2400 potoka,
658 2311 714 2379 nbi
729 2311 835 2398 posite
860 2320 936 2381 sunt
952 2320 1017 2382 tres
1041 2321 1136 2404 mete,
1162 2339 1228 2386 vna

107 2430 195 2508 neta,
213 2441 278 2508 que
293 2443 315 2490 a
331 2428 424 2509 parte
439 2421 624 2508 aquilonari
649 2422 840 2508 continetur,
866 2421 989 2508 excipit
1007 2429 1126 2490 metam
1142 2431 1226 2492 terre

20 2587 21 2602 ,
106 2532 316 2600 castrensium
341 2531 383 2598 de
399 2529 523 2598 Borsod
549 2535 581 2596 et
596 2528 710 2596 uillam
734 2527 891 2596 Turduna
915 2532 1134 2618 nominatam,
1162 2531 1226 2600 due

108 2659 176 2708 uero
192 2651 289 2727 mete,
306 2641 424 2725 queat
440 2638 575 2708 anomali
584 2643 677 2725 parte
693 2640 906 2725 continentur,
929 2638 1095 2726 excipiunt
1105 2645 1225 2710 terram

20 2731 21 2736 ἵ
106 2749 229 2819 Nicolai
245 2748 401 2834 Comitis3
424 2745 501 2814 inde
517 2746 621 2814 tendit
635 2747 669 2814 in
685 2745 786 2814 altum
795 2747 887 2814 iuxta
902 2746 1075 2814 Rithonich
1090 2748 1224 2836 potolra,

105 2863 133 2922 ot
147 2855 264 2922 mansit
279 2853 363 2921 illud
378 2853 482 2940 potok
496 2852 530 2919 in
547 2852 696 2920 dextram
712 2859 839 2939 partem
858 2854 892 2920 in
907 2855 1012 2922 latere
1027 2856 1122 2923 unius
1137 2877 1224 2926 mon-

102 2965 149 3050 tis,
165 2970 199 3031 et
211 2963 260 3031 ibi
277 2971 353 3031 sunt
368 2963 432 3030 due
446 2968 542 3048 mete,
558 2981 624 3029 vna
639 2961 732 3047 eligit
747 2967 867 3029 terram
882 2961 1019 3031 Comitis
1033 2964 1172 3054 Nicolui,
1189 2965 1223 3034 in

104 3093 162 3156 qna
175 3081 228 3142 eet
242 3092 310 3140 una
325 3091 475 3158 quercus,
501 3079 534 3138 et
549 3071 617 3140 alia
636 3072 860 3159 castrensium,
886 3073 921 3139 in
936 3092 1001 3158 qua
1016 3080 1067 3142 est
1091 3073 1160 3142 alia
1174 3094 1222 3142 ar·

102 3181 163 3266 bor,
190 3200 255 3268 qne
271 3179 451 3264 uulgariter
474 3180 576 3267 mopol
591 3185 745 3265 uocatur3
772 3179 890 3248 deinde
905 3179 1076 3248 descendit
1098 3182 1143 3250 ad
1158 3183 1221 3270 Ly·

101 3289 200 3374 pouclr
216 3287 352 3377 potolm,
378 3293 412 3355 et
427 3287 518 3356 iuxta
534 3307 632 3356 unam
656 3287 744 3356 niam
760 3296 836 3358 sunt
850 3289 914 3356 dne
929 3297 1024 3376 mete,
1048 3311 1115 3358 vna
1129 3293 1222 3376 eligit

102 3405 215 3464 terram
231 3395 368 3464 Comitis
383 3396 521 3482 Nicolai,
539 3396 607 3464 alia
621 3397 848 3485 castrensium,
874 3403 906 3463 et
921 3397 1014 3466 uadit
1028 3398 1121 3466 iuxta
1138 3399 1222 3466 illud

99 3505 194 3590 potok
210 3505 246 3571 in
263 3505 377 3590 altum,
397 3511 436 3598 ¹et
450 3505 484 3573 in
499 3503 607 3591 capite
632 3505 721 3572 illius
737 3506 840 3592 potok
856 3513 931 3572 sunt
956 3510 1027 3574 octo
1044 3512 1141 3590 mete,
1158 3525 1221 3591 que

101 3623 168 3683 sunt
182 3623 271 3684 mete
287 3615 457 3703 capitales,
474 3635 540 3683 vna
556 3615 778 3700 castrensium,
794 3621 827 3683 et
836 3617 904 3683 alia
914 3617 1004 3700 Folo,
1019 3616 1121 3685 tercia
1129 3617 1220 3686 ioba·

101 3725 227 3808 gionmn
242 3725 343 3794 castri
363 3725 404 3791 de
419 3725 542 3810 Dedus,
567 3732 685 3809 quarta
700 3744 779 3794 uero
804 3723 950 3792 eiusdem
969 3724 1098 3793 Nicolni
1113 3725 1219 3795 comi-

100 3831 154 3919 tis3
179 3831 258 3900 inde
283 3831 495 3919 progrediens
520 3835 555 3900 in
575 3831 683 3902 medio
708 3833 818 3918 berch,
843 3833 930 3900 vnde
954 3831 1025 3900 fluit
1048 3833 1168 3900 fluuius
1185 3834 1218 3900 in

98 3947 263 4028 unamque
286 3945 418 4026 terram,
444 3949 477 4009 et
503 3941 595 4010 uadit
620 3943 654 4009 in
670 3943 772 4008 altum
797 3942 830 4009 iu
856 3939 974 4008 siluam
998 3947 1219 4026 magnumst

97 4047 182 4117 iuxta
196 4049 416 4118 Knmnnuska
440 4047 566 4136 potoka
593 4057 668 4118 sunt
686 4049 749 4116 due
773 4054 859 4116 mete
883 4047 1093 4132 iobagionnm
1110 4046 1217 4114 (lustri

98 4157 278 4226 etOomitis
294 4157 433 4242 Nicolai,
451 4165 483 4225 et
499 4158 628 4225 interim
645 4158 745 4226 multe
760 4157 826 4224 alio
842 4163 927 4223 mete
937 4175 1022 4222 nouo
1042 4161 1075 4222 et
1089 4161 1217 4223 ueteres

98 4263 136 4328 ub
151 4265 297 4349 utrisque
313 4265 461 4351 partibus
472 4273 548 4332 sunt
563 4265 723 4352 inposite;
740 4264 817 4332 inde
834 4261 981 4332 ascendit
996 4263 1030 4330 in
1046 4261 1166 4330 siluam
1182 4263 1216 4331 in

98 4371 198 4458 capite
224 4372 440 4440 Kamenusna
464 4373 599 4460 potolra,
626 4373 779 4441 obinunt
804 4371 867 4438 due
893 4377 978 4438 mete
1005 4371 1216 4458 iobagionum

20 4493 22 4584 p
97 4476 198 4547 Castri
213 4486 246 4546 et
261 4479 397 4550 Comitis
413 4481 553 4568 nicolai,
571 4489 604 4549 et
618 4481 686 4548 illie
701 4500 803 4569 prope
818 4479 861 4547 ad
876 4479 1052 4548 heremitas
1072 4480 1134 4548 sub
1150 4501 1214 4547 uno

20 4599 21 4684 l
97 4587 211 4656 uimine
226 4598 302 4658 sunt
316 4595 454 4675 quatuor
470 4597 567 4677 mete,
592 4590 647 4657 ubi
664 4588 857 4658 discernitur
873 4609 893 4654 a
912 4585 1140 4674 iobagionibus
1156 4587 1214 4652 (la-
