3102 5160
881 813 955 882 180.

352 1001 412 1066 IV.
442 1000 522 1065 Boio
548 999 714 1086 kirutlpnulr
739 995 996 1083 Lepidmcype'bea
1017 994 1115 1078 jbtob'
1137 996 1280 1080 biaoupor
1305 989 1490 1056 bia-toire'szt

482 1115 633 1195 trirpyurd
648 1108 832 1192 udoutdnpa
844 1104 944 1169 Burin
960 1104 1062 1187 e'afiua'
1077 1109 1235 1170 ozdmdra.
1252 1099 1352 1165 1248.

462 1303 543 1370 Bcla
559 1303 622 1370 Dei
647 1303 761 1389 gracia
784 1302 964 1388 Hungarie,
989 1299 1170 1383 Dalmacie,
1197 1295 1343 1380 Groaoie,
1367 1296 1486 1374 Remo,

353 1409 479 1494 Seruic,
508 1408 657 1494 Gallioie,
684 1410 886 1494 Ludomcrie,
908 1408 1128 1492 Cumanieque
1142 1409 1212 1474 Rex
1227 1406 1260 1472 in
1276 1408 1485 1490 perpetuum.

356 1513 517 1582 Omnibus
533 1515 654 1584 Christi
680 1516 831 1584 fidelibus
847 1523 914 1582 tarn
930 1514 1138 1601 presentibus
1157 1533 1255 1598 quam
1270 1508 1388 1577 suturis
1414 1527 1484 1594 pre-

353 1633 479 1690 sentem
495 1625 652 1712 paginam
668 1622 864 1712 inspecturis
879 1623 1017 1692 salutem
1035 1629 1067 1690 et
1087 1620 1328 1689 omnebonum.
1345 1617 1400 1684 Ad
1416 1615 1486 1682 vni·

353 1751 524 1800 uersurum
538 1731 692 1798 noticiam
708 1732 857 1798 volumus
867 1729 1048 1815 peruenire,
1065 1725 1153 1811 quod
1163 1725 1275 1813 populi
1291 1723 1334 1791 de
1349 1724 1485 1810 Liptou,

355 1840 466 1924 Bosin,
484 1857 555 1906 cum
570 1839 648 1923 fiiijs
664 1838 731 1906 suis
744 1837 905 1921 Sevislau,
920 1835 1048 1920 Punak,
1067 1834 1190 1918 Milatb,
1219 1831 1348 1899 Bohuta
1367 1837 1403 1896 et
1422 1831 1484 1896 Bo·

354 1949 450 2014 buret
476 1945 520 2010 ad
538 1953 683 2012 nostram
708 1945 900 2011 accedentes
926 1941 1143 2030 personaliter
1166 1939 1368 2026 presenciam
1384 1935 1485 2004 nobis

355 2049 443 2137 (igy)
464 2051 700 2118 instantissime
725 2059 945 2135 rogauerunt:
972 2057 1007 2118 nt
1022 2068 1095 2116 cum
1120 2047 1260 2134 quedam
1283 2054 1372 2114 terra
1398 2043 1487 2110 iuter

354 2159 452 2226 villas
478 2157 636 2224 Wrbicba
660 2165 694 2224 et
719 2157 903 2225 Obolichna
928 2157 1082 2240 existens,
1105 2157 1149 2223 ad
1168 2175 1261 2224 usum
1284 2153 1382 2221 trium
1408 2171 1483 2220 ara-

352 2275 475 2334 trorum
502 2285 524 2332 a
547 2263 642 2330 uobis
666 2267 827 2349 potuisset
854 2263 979 2332 eisdem
999 2263 1187 2350 condonari,
1211 2261 1332 2328 dietam
1358 2269 1484 2328 terram

352 2374 433 2441 dare
449 2379 482 2440 et
506 2370 649 2440 consenc
666 2371 727 2438 sibi
744 2369 963 2456 dignaremur.
988 2371 1082 2439 Vnde
1107 2390 1180 2438 curn
1195 2369 1338 2438 fidelium
1354 2379 1482 2437 nostro-

352 2503 423 2550 rum
434 2479 615 2569 peticiones
632 2477 804 2546 admittere
820 2487 998 2566 teneamur,
1022 2481 1202 2566 predictam
1218 2485 1338 2546 terram
1355 2476 1401 2544 ad
1418 2479 1484 2544 tria

351 2599 463 2656 aratra
478 2587 691 2656 sufficientem
701 2585 825 2672 prefato
836 2587 936 2654 Bosin
951 2607 1024 2654 oum
1040 2589 1117 2674 filijs
1127 2589 1196 2656 suis
1214 2593 1247 2654 et
1262 2606 1374 2654 eorum
1391 2586 1483 2652 bere-

353 2699 450 2764 dibus
468 2697 688 2779 heredumque
700 2695 942 2762 suecessoribns
957 2732 1001 2742 —
1017 2733 1061 2744 -
1076 2733 1120 2743 —
1135 2733 1179 2743 -
1194 2695 1284 2762 Mino
1300 2694 1342 2761 de
1363 2693 1482 2762 Zolnm

351 2804 473 2870 nostris
499 2803 647 2870 dedimus
672 2803 788 2870 litteris
807 2803 841 2868 in
857 2802 1029 2888 mandatis,
1055 2813 1091 2870 ut
1116 2802 1203 2872 idern
1228 2803 1333 2888 ipsam
1358 2809 1483 2870 terram

353 2907 547 2996 complendo
572 2911 614 2976 de
637 2911 795 2992 qualitate
819 2916 851 2976 et
871 2910 1051 2996 quantitate
1075 2912 1173 2978 trium
1189 2918 1379 2996 aratrorum,
1407 2929 1485 2976 oum

353 3018 504 3086 omnibus
521 3015 589 3082 suis
605 3017 800 3084 utilitatibus
817 3020 913 3086 certis
930 3018 1024 3084 metis
1043 3016 1186 3102 undique
1201 3016 1400 3101 distinctam,
1417 3024 1484 3083 sta-

351 3130 457 3191 tueret
472 3123 573 3191 Bosin
587 3144 659 3191 cnm
674 3122 751 3209 filijs
766 3125 834 3192 suis
851 3123 921 3191 sine
933 3125 1017 3210 juris
1037 3124 1216 3211 preiudicio
1236 3123 1388 3209 aliorum
1405 3143 1485 3190 oon·

350 3231 546 3299 tradiotores
563 3251 650 3316 vero,
678 3231 705 3298 si
721 3231 777 3316 qui
792 3231 919 3318 fuerint,
947 3231 990 3297 ad
1005 3240 1151 3299 nostram
1177 3231 1255 3298 citet
1273 3231 1483 3318 presenciam

352 3338 396 3404 ad
413 3339 584 3405 terminum
596 3345 841 3425 competentem,
862 3345 894 3404 et
909 3340 995 3406 hanc
1005 3340 1196 3423 qualitatem
1217 3347 1249 3406 et
1264 3338 1484 3424 quantitatem

351 3445 455 3530 ipsius
472 3453 571 3529 terre,
589 3465 751 3512 accursus
768 3445 1028 3514 metarumuobis
1045 3466 1104 3532 per
1121 3465 1198 3513 suas
1214 3445 1482 3512 litterasremau-

351 3553 456 3619 daret.
482 3552 652 3636 inquibus
669 3554 897 3638 conspeximus
922 3555 1034 3620 taliter
1061 3553 1237 3620 contineri:
1254 3553 1365 3618 Prima
1390 3563 1484 3619 meta

350 3667 436 3728 terre
461 3659 575 3746 incipit
600 3681 621 3726 a
646 3660 745 3726 fluuio
771 3661 899 3746 Wagh,
924 3661 1061 3728 Cbemec
1085 3661 1202 3728 fluuius
1231 3659 1286 3726 ubi
1310 3660 1414 3726 intrat
1439 3680 1483 3726 er

350 3769 455 3834 altera
470 3777 563 3854 parte
580 3767 670 3854 fluuij
680 3769 798 3852 Wagh,
817 3777 931 3835 eontra
946 3790 986 3836 ex
1003 3768 1069 3834 ista
1084 3776 1178 3855 parte
1194 3775 1283 3835 stant
1301 3775 1368 3835 tres
1384 3770 1482 3837 arbo·

349 3895 403 3942 res
420 3875 533 3944 salicis
559 3877 653 3959 quasi
670 3877 828 3942 ininsula
845 3897 999 3943 venarum
1024 3897 1107 3962 aque
1124 3875 1290 3962 ejusdem3
1316 3876 1393 3943 inde
1411 3880 1486 3944 exit

350 3991 383 4049 ct
394 3983 543 4068 procedit
555 3983 676 4049 directo
687 4003 745 4068 per
754 4003 903 4069 eampum
915 3985 958 4051 ad
968 3984 1102 4050 fluuium
1115 3984 1276 4050 Verbicbe
1285 3985 1329 4049 ad
1340 3991 1483 4069 septem-

348 4089 498 4176 trionem,
515 4093 570 4158 vbi
587 4094 782 4160 aZelesrew
793 4113 966 4179 parumper
983 4093 1133 4178 superius
1144 4115 1185 4161 ex
1202 4093 1267 4160 ista
1282 4101 1377 4179 parte
1393 4115 1485 4177 aque

349 4203 425 4264 sunt
441 4195 504 4264 due
520 4199 631 4264 salicis
655 4199 806 4284 arbores;
835 4199 912 4266 inde
927 4201 1074 4286 procedit
1089 4199 1213 4266 directe
1229 4205 1262 4266 et
1276 4199 1427 4268 ascendit
1445 4204 1483 4268 in

348 4309 492 4371 montem
509 4303 551 4368 ad
567 4303 714 4371 arborem
732 4305 924 4391 pomiferam
941 4307 974 4372 in
990 4327 1106 4392 campo
1130 4307 1191 4372 sub
1209 4307 1330 4372 vertice
1346 4311 1481 4394 muntia,

349 4409 411 4475 sub
437 4429 500 4492 quo
517 4417 566 4476 est
584 4448 924 4462 ------
940 4412 1103 4481 Ohewisie
1116 4413 1234 4500 posita
1250 4433 1322 4481 curn
1348 4413 1484 4484 duabus

347 4516 493 4602 auribus,
511 4523 704 4606 etcooperta
715 4539 787 4585 cum
798 4519 1046 4606 patinaierrea3
1064 4520 1182 4588 deinde
1194 4519 1341 4608 procedit
1352 4521 1483 4593 directe
