3148 5156
596 272 745 374 eu„

105 467 161 536 bio
186 469 376 540 medietatis
403 473 488 539 dicte
513 479 600 539 terre
625 491 690 557 sue,
716 469 924 537 medietatem
951 469 1119 536 cuiusdam
1148 476 1234 538 terre

106 579 213 648 Gastri
229 583 336 649 nostri
352 581 553 648 lluntheusis
568 583 659 665 Saag
674 586 799 665 uocate,
824 579 913 644 circa
932 577 1066 644 fluuium
1082 575 1234 665 Corpona

107 687 304 774 adiacentis,
330 709 429 775 quam
444 688 541 757 homo
556 693 665 755 noster
681 686 764 754 dixit
779 686 823 753 ad
838 691 911 754 octo
931 690 1042 752 aratra
1057 703 1131 752 cese
1148 685 1235 753 soili-

103 795 253 882 cientem,
274 802 307 861 ct
322 795 366 864 ad
381 802 527 863 nostram
551 793 765 863 collacionem
781 793 823 860 de
838 795 908 860 iure
923 797 1136 879 spectantem,
1160 811 1234 858 cum

105 899 233 970 eisdem
244 903 353 989 metis,
370 901 526 987 terminis,
543 901 741 968 utilitatibus
752 909 785 968 et
799 899 1099 987 pertinencijssuis,
1115 900 1233 982 quihus

106 1010 152 1076 ad
168 1029 229 1078 noe
245 1010 442 1097 pertinebat,
460 1009 584 1094 absque
599 1009 753 1095 porcione
767 1013 981 1093 cognatorum
997 1027 1138 1094 sucrum,
1165 1015 1233 1075 tam

105 1117 180 1203 sibi,
196 1137 295 1202 quam
311 1119 382 1186 eius
398 1116 582 1202 heredibus,
598 1115 818 1200 heredumque
834 1135 966 1184 suorum
982 1115 1235 1202 successoribus,

106 1225 271 1310 dedimus,
299 1224 491 1292 donabimus
516 1229 548 1290 et
563 1224 770 1308 contulimus,
794 1223 864 1291 iure
882 1229 1040 1311 perpetuo
1065 1231 1099 1292 et
1115 1225 1234 1292 irreuo·

107 1331 259 1399 cabiliter
275 1333 319 1400 ad
334 1331 520 1401 habendum
535 1337 569 1398 et
583 1331 692 1416 quiete
714 1330 955 1419 possidendum,
981 1353 1003 1398 a
1017 1332 1147 1398 nemine
1162 1351 1232 1400 suc

106 1457 240 1507 cessure
265 1445 375 1508 nostre
390 1439 604 1526 posteritatis,
629 1458 688 1507 reu
705 1439 854 1523 aliorum,
879 1445 954 1527 post
968 1439 1117 1527 elapsum
1142 1439 1233 1524 longi

108 1547 266 1633 temporis
277 1547 397 1633 aliquia
409 1545 495 1636 (lgy)
507 1545 717 1634 repetendam
727 1553 784 1612 aut
795 1545 1030 1632 requirendam.
1045 1547 1115 1615 Nos
1125 1551 1233 1614 autem

107 1653 243 1740 insuper
252 1653 359 1740 Regia
374 1653 498 1722 inducti
508 1653 723 1740 benignitate,
739 1655 814 1720 visa
824 1659 858 1720 ct
872 1653 1233 1740 cognitaipsiusgrata,

108 1767 144 1828 et
158 1781 281 1848 magna
295 1761 462 1846 fidelitate,
479 1781 577 1846 quem
592 1761 688 1829 nubis
703 1760 834 1847 prebuit
848 1760 882 1826 in
897 1761 961 1828 hac
975 1765 1085 1848 parte,
1108 1769 1141 1828 et
1155 1762 1234 1846 quia

109 1875 201 1936 tante
227 1869 396 1938 fidelitatis
421 1869 635 1937 exhibitorem
651 1869 789 1954 Regiam
814 1851 907 1936 decet
930 1868 1135 1937 Maiestatem
1160 1869 1233 1938 dili·

112 1993 192 2056 gere
207 1981 240 2040 et
255 1993 480 2059 remunerare,
505 1973 729 2058 supradictum
745 1974 875 2040 Petrum
891 1979 924 2040 et
942 1994 1055 2043 omnes
1070 1995 1234 2046 successo

111 2099 163 2148 res
180 2101 240 2148 sue
256 2083 458 2168 posteritatis
474 2082 662 2168 excepimus
677 2087 710 2150 et
724 2083 904 2150 exemimus
920 2101 942 2149 a
956 2083 1095 2151 seruicio
1111 2091 1145 2152 et
1159 2105 1233 2154 con-

113 2189 241 2257 dicione
259 2191 495 2276 j0bagiouatus
521 2190 628 2258 (lustri
653 2190 756 2258 nostri
783 2190 1003 2280 Hunthensis,
1034 2191 1233 2280 collocando,

114 2296 337 2366 constituendo
354 2305 386 2364 et
402 2296 582 2366 ordinando
598 2298 705 2384 ipsum
721 2305 754 2364 et
769 2298 840 2365 eius
852 2297 999 2383 heredes,
1015 2298 1234 2386 heredumque

116 2423 317 2472 successores
343 2404 377 2470 in
402 2405 575 2488 collegium
601 2411 634 2472 ct
649 2421 815 2472 numerum
838 2404 1009 2492 Regaliani
1035 2405 1233 2474 seruientem

115 2511 198 2598 (lgy)
213 2519 406 2596 nostrorum,
422 2510 465 2578 ad
480 2522 625 2579 nostram
642 2509 827 2597 recipiendo
844 2511 989 2594 greciam
1005 2519 1038 2578 et
1056 2513 1233 2596 proteccio-

116 2641 188 2687 nem
207 2620 396 2705 specialem.
423 2621 460 2685 Iu
477 2619 569 2686 cuius
585 2625 668 2686 terro
693 2619 933 2704 possessionem
953 2619 1089 2686 eundem
1104 2619 1235 2686 Petrum

115 2747 170 2813 per
194 2726 348 2796 dilectum
374 2735 406 2794 et
421 2727 550 2795 fidelem
565 2726 727 2795 hominem
754 2732 899 2794 nostrum
917 2727 1110 2810 Magistrum
1134 2727 1233 2814 Bach,

117 2835 309 2903 auctoritate
325 2835 432 2920 Regia
445 2835 582 2902 lecimus
598 2833 769 2903 introduci.
794 2833 894 2902 Guius
908 2833 1015 2922 prima
1029 2841 1062 2903 et
1083 2835 1235 2923 capitalis

117 2949 202 3010 meta
215 2944 387 3013 inchoatur
410 2943 471 3010 sub
487 2943 632 3011 scissura
647 2941 818 3010 cuiusdam
834 2942 952 3009 montis
970 2941 1166 3030 Hradyscha
1179 2963 1234 3011 nc·

117 3052 192 3137 cati,
207 3051 262 3119 ubi
279 3059 331 3118 est
347 3051 451 3119 eciam
467 3052 535 3118 alia
551 3060 639 3118 meta
655 3051 801 3120 Ecclesia
817 3052 859 3119 de
874 3050 974 3136 Saag,
1000 3054 1102 3119 tercia
1117 3051 1235 3121 uduor-

116 3161 279 3244 nicorum3
296 3157 415 3225 deinde
432 3157 580 3245 procedit
594 3177 694 3246 supra
708 3177 823 3226 uersus
838 3158 1022 3243 aquilonem
1041 3159 1103 3227 sub
1122 3160 1236 3228 eodem

118 3275 231 3353 monte,
255 3286 314 3355 per
330 3267 475 3354 spacium
492 3267 628 3334 duarum
641 3267 845 3353 sagittarum,
870 3274 902 3333 et
917 3267 963 3334 ibi
983 3275 1034 3334 est
1049 3287 1114 3336 una
1129 3275 1235 3354 meta3

118 3381 230 3460 postea
253 3374 370 3442 circuit
392 3371 529 3440 eundem
556 3379 696 3443 montem
713 3395 772 3461 per
790 3372 955 3460 quoddam
980 3373 1148 3460 fossatum,
1175 3395 1237 3460 que

119 3481 232 3549 dicitur
255 3481 346 3550 fossa
372 3483 569 3567 gigaucium,
597 3481 678 3548 etin
695 3481 803 3570 capite
827 3481 916 3549 illius
931 3480 1048 3550 fossati
1075 3489 1149 3548 sunt
1174 3481 1237 3549 due

119 3597 217 3676 mete,
243 3589 364 3657 abhinc
388 3589 558 3657 descendit
583 3589 625 3656 de
649 3587 763 3657 eodem
787 3595 895 3656 monte
924 3589 1045 3657 directe
1070 3589 1113 3656 ad
1138 3609 1238 3656 unum

118 3699 230 3782 locum,
246 3699 280 3764 in
298 3717 361 3781 quo
377 3695 470 3764 uadit
486 3717 596 3785 supra,
614 3705 647 3764 et
663 3698 779 3764 circuit
797 3719 894 3766 unum
910 3703 1052 3785 pratum,
1077 3703 1109 3764 et
1124 3697 1158 3763 iu
1175 3698 1239 3764 line

119 3804 202 3869 illius
225 3803 311 3890 prati
327 3811 378 3870 est
392 3811 496 3890 meta;
521 3805 657 3891 posthec
672 3804 765 3871 uadit
791 3804 833 3872 ad
853 3803 1017 3888 quendam
1042 3801 1239 3870 uelociorem

120 3917 242 3997 portum
257 3911 349 3997 fluuij
366 3914 526 3999 Corpoua,
551 3919 584 3979 et
599 3913 646 3978 ihi
661 3913 789 3999 transit,
814 3919 848 3980 et
863 3911 956 3979 iuxta
970 3931 1069 3977 unam
1086 3909 1174 3976 viam
1190 3918 1240 3979 eet

121 4023 218 4104 meta;
244 4025 277 4085 et
293 4039 352 4104 per
377 4019 515 4086 eandem
530 4021 618 4087 viam
643 4021 736 4087 uadit
751 4040 853 4108 supra
876 4039 990 4088 uersus
1016 4017 1173 4086 orientem
1196 4017 1239 4084 ad

122 4143 268 4210 magnam
283 4127 382 4212 riam,
409 4146 471 4212 que
487 4127 576 4194 veuit
590 4127 632 4195 de
649 4127 749 4216 Saag,
775 4129 867 4194 iuxta
883 4146 981 4211 qoam
997 4131 1048 4194 est
1063 4145 1129 4192 uua
1152 4131 1239 4191 meta

123 4233 201 4299 inter
215 4253 337 4321 paruas
353 4235 486 4320 spinas3
504 4235 621 4302 deinde
638 4233 787 4303 ascendit
802 4255 860 4321 per
876 4235 1024 4321 spacium
1041 4234 1136 4300 unius
1147 4234 1239 4318 juge·

124 4339 175 4422 ris,
190 4349 220 4408 et
234 4343 383 4410 similiter
397 4345 481 4411 inter
497 4346 609 4431 spinas
625 4353 676 4414 est
691 4353 796 4430 meta,
822 4344 957 4431 posthoc
971 4343 1065 4410 uadit
1083 4345 1126 4408 ad
1140 4361 1241 4426 quan·

123 4446 193 4513 dan
208 4452 355 4518 arborem
371 4450 442 4536 piri,
459 4451 521 4517 sub
537 4471 602 4536 qua
618 4459 668 4519 est
683 4470 750 4518 una
765 4457 852 4518 meta
866 4451 953 4517 circa
968 4468 1123 4534 magnam
1132 4449 1241 4534 viam3

124 4551 234 4623 deiude
249 4557 349 4624 intrat
363 4559 482 4626 siluam
498 4579 557 4646 per
573 4559 734 4628 modicum
749 4559 895 4644 spacium
911 4557 954 4623 ad
970 4557 1135 4641 quandam
1151 4556 1241 4622 arbo·

1007 4673 1048 4730 27
1061 4673 1077 4706 ¹·
