3148 5156
842 927 920 997 304.

321 1136 344 1200 Ι
350 1135 382 1200 V.
393 1135 472 1200 Rota
487 1128 653 1216 kirdtprsalo
663 1127 754 1193 Seeck
771 1122 949 1208 (Slatvr'rro)
961 1124 1092 1190 &rotor
1107 1126 1257 1212 trirpyazd
1266 1125 1457 1211 adomdnya

704 1237 775 1302 Fies
789 1239 945 1302 rzouuora.
962 1231 1060 1300 1256.

437 1455 519 1523 Belo
542 1451 603 1518 Dei
628 1449 742 1536 gretie
760 1448 938 1534 Hungnrie,
962 1447 1142 1531 Delmeoie,
1163 1445 1310 1533 Oroseie,
1333 1451 1458 1532 Rome,

321 1563 445 1647 Seruis,
461 1559 608 1644 Gellieie,
619 1556 823 1641 Lodomerie,
839 1554 1061 1639 Oumenieque
1072 1557 1143 1624 Rex
1158 1556 1308 1624 omnibus
1325 1555 1459 1624 Christi

321 1673 471 1740 fidelibus
495 1675 563 1736 tum
587 1665 795 1753 presentibus
821 1682 917 1748 quum
940 1663 1058 1730 futuris
1084 1673 1268 1750 presentem
1287 1667 1458 1752 peginam

322 1776 516 1865 inspeoturis
542 1777 681 1842 salutem
703 1773 738 1838 in
763 1771 906 1840 omnium
932 1771 1105 1840 saluatore.
1131 1772 1227 1850 Quod
1249 1773 1355 1856 Regis
1375 1773 1458 1840 Gel-

324 1887 432 1956 situdo
449 1881 492 1950 sd
508 1881 685 1948 remedium
702 1879 920 1947 subiectorum
931 1878 1067 1964 prouide
1081 1877 1212 1945 duxerit
1220 1878 1459 1963 ordinandum,

323 1996 505 2062 litterarum
521 1988 689 2058 consueuit
715 1985 897 2054 testimonio
913 1985 1108 2068 oonflrmuri,
1134 2006 1176 2053 ne
1191 2005 1345 2074 proeessu
1371 1993 1459 2054 tem-

323 2120 437 2188 porum
453 2100 486 2164 in
502 2097 628 2164 irritum
642 2094 848 2180 aliquatenus
863 2100 1042 2163 reuocetur.
1063 2093 1204 2164 Proinde
1220 2093 1262 2160 nd
1281 2094 1459 2162 uniuerso-

323 2229 394 2276 rum
409 2204 565 2274 noticiam
591 2203 739 2270 volumus
755 2201 937 2288 peruenire,
964 2201 1049 2286 quod
1064 2221 1138 2268 eum
1154 2222 1213 2270 nos
1237 2201 1458 2269 consideren-

323 2323 373 2382 tes
388 2313 485 2381 idele
510 2310 682 2380 seruitium
698 2309 782 2395 Fylo
798 2309 856 2394 filij
873 2309 978 2394 Filey,
1003 2309 1196 2378 contulimus
1212 2309 1276 2376 sibi
1291 2309 1324 2374 in
1340 2309 1459 2400 Seeek

323 2431 444 2490 terrem
459 2419 501 2487 od
518 2418 710 2486 trituratus
725 2415 949 2500 suffioieutem,
975 2415 1017 2484 de
1033 2435 1098 2501 qus
1113 2415 1219 2484 fidelis
1237 2424 1348 2484 noster
1363 2417 1460 2504 Aba,

323 2549 419 2617 quem
436 2548 495 2614 pro
506 2523 697 2594 ordinandis
712 2523 810 2591 terris
820 2524 855 2590 in
865 2523 988 2609 Soepus
999 2521 1201 2608 miseramus,
1223 2524 1459 2611 retulitnobis,

323 2633 409 2720 quod
434 2634 469 2700 in
485 2633 599 2717 aliqua
624 2637 717 2718 purte
732 2637 819 2700 esset
835 2650 1017 2713 nemorosa,
1042 2629 1205 2716 lapidosa,
1229 2651 1289 2698 neo
1308 2631 1461 2716 piscinis

322 2741 455 2825 habilis,
472 2759 533 2808 neo
549 2737 764 2823 molendinis;
790 2738 896 2806 dietus
912 2739 979 2806 ism
997 2737 1068 2806 Filo
1083 2737 1143 2804 teli
1168 2737 1360 2806 eondioione
1377 2757 1459 2804 eam

323 2847 513 2933 assumpsit,
540 2848 627 2931 quod
646 2867 705 2933 pro
730 2847 835 2914 tribus
860 2848 979 2914 enutris
1004 2846 1046 2914 de
1070 2865 1111 2914 ee
1131 2845 1277 2929 seruiret,
1303 2852 1336 2913 et
1361 2847 1461 2929 quod

324 2955 454 3022 rueione
480 2955 625 3022 eiusdem
640 2961 725 3022 terre
745 2953 839 3022 uobis
856 2958 1001 3021 teneatur
1015 2953 1059 3020 od
1078 2953 1255 3021 exereitum
1271 2951 1458 3040 prodoisei

324 3081 364 3128 se
380 3080 439 3148 per
454 3060 564 3128 omnis
588 3061 675 3128 idem
691 3060 864 3128 seruioium
890 3061 1056 3145 exhibere,
1080 3059 1164 3145 quod
1182 3059 1238 3144 elij
1251 3054 1461 3144 Jobugiones

177 3250 182 3262 1
325 3168 366 3235 de
391 3169 513 3254 Seepus
539 3166 647 3234 faeere
673 3174 928 3253 consueverunt,
949 3167 1034 3234 siout
1057 3167 1091 3233 in
1115 3165 1260 3254 ipsorum
1285 3171 1461 3234 eommuni

324 3273 498 3362 priuilegio
509 3293 607 3360 super
622 3273 773 3341 libertate
783 3293 845 3341 sua
859 3273 983 3359 habito,
1000 3275 1130 3360 plenius
1139 3273 1329 3342 continetur.
1347 3272 1462 3344 Cuius

324 3390 410 3448 terre
434 3379 542 3466 primo
567 3387 670 3466 mete,
701 3388 798 3466 prout
822 3379 855 3446 in
880 3379 999 3448 litteris
1023 3381 1173 3465 MogIstri
1198 3381 1270 3448 Abe
1295 3379 1462 3468 vidimus,

324 3488 438 3576 iuoipit
462 3492 603 3574 spreto,
628 3486 788 3555 ueniendo
813 3487 854 3554 de
870 3489 955 3556 Foro
974 3489 1133 3556 Sebbothi
1159 3491 1192 3555 in
1217 3489 1335 3557 semite
1356 3491 1464 3558 vadit

324 3616 384 3684 per
401 3602 543 3664 montom
553 3593 631 3663 dost
646 3595 844 3663 transeundo
854 3595 992 3664 siusium
1002 3596 1124 3680 Semi,
1141 3595 1289 3664 aseendit
1305 3595 1349 3663 sd
1362 3617 1461 3665 mon-

322 3713 389 3772 tem
405 3703 566 3788 usquead
583 3703 692 3786 vism3
709 3702 830 3771 ibidem
845 3703 963 3772 transit
978 3703 1079 3772 alium
1098 3709 1239 3772 montem
1255 3703 1343 3785 Cost,
1361 3704 1463 3772 ondit

322 3811 356 3878 in
373 3810 514 3878 riuulum
529 3807 718 3896 Melpotok5
735 3808 811 3877 inde
827 3809 943 3877 transit
958 3829 1072 3878 versus
1089 3811 1237 3878 Saxones
1261 3809 1303 3876 de
1318 3809 1462 3896 Poprad

323 3917 367 3984 od
384 3917 547 4002 quoddam
563 3922 703 4004 protum,
729 3925 761 3984 et
776 3918 811 3984 in
826 3915 971 3986 eiusdem
987 3917 1072 4004 proti
1087 3919 1194 3985 riuulo
1218 3917 1391 3986 deseendit
1409 3922 1462 3989 nd

323 4025 491 4109 quendum
508 4023 680 4112 paludem3
709 4023 785 4091 iude
800 4025 905 4092 tendit
919 4025 963 4092 ed
978 4025 1109 4110 iontem,
1137 4032 1170 4094 et
1184 4025 1269 4094 redit
1284 4027 1328 4093 ud
1343 4033 1464 4096 metas

323 4131 517 4198 antedictas.
543 4129 586 4197 vt
602 4131 700 4215 igitur
715 4137 828 4199 nostre
850 4133 1053 4199 eondrmaeio
1069 4131 1165 4200 fidem
1188 4133 1354 4217 roburque
1377 4155 1460 4218 per-

323 4245 421 4325 petue
447 4237 609 4306 firmitatis
625 4237 780 4322 obtineat,
805 4245 975 4326 presentes
990 4241 1117 4309 litteras
1141 4248 1271 4310 nostras
1297 4239 1462 4311 dedimus

324 4346 485 4431 duppliois
502 4346 604 4430 sigilli
620 4347 722 4414 nostri
738 4347 915 4416 munimine
930 4349 1113 4417 roboratus.
1129 4351 1250 4416 Datum
1263 4369 1462 4435 permenus

324 4453 473 4535 Magistri
499 4452 671 4536 Smoregdi
687 4451 840 4522 Albensis
866 4455 1027 4542 Prepositi
1051 4458 1127 4526 sule
1150 4463 1259 4525 nostre
1275 4455 1463 4524 Vionen-

324 4556 461 4639 oetlorij,
488 4577 572 4625 anuo
589 4561 722 4628 Domini
740 4560 912 4630 millesimo
938 4562 1160 4634 ducentesimo
1176 4563 1463 4648 quinquagesimo
