3134 5158
812 314 963 418 juo„

329 516 377 585 sui
404 515 541 602 predicti
567 521 600 580 et
624 532 716 581 suam
734 511 894 599 sepsistis
919 510 995 596 filijs
1024 510 1181 578 Iwachini
1208 511 1241 577 in
1267 519 1464 600 perpetuum

330 623 480 692 donando
509 621 707 690 restituisset
732 621 828 706 pleno
841 621 927 706 jure.
957 620 1095 704 Insuper
1111 617 1324 688 donacionem
1350 620 1466 687 inclite

330 731 571 801 recordacionis
605 731 708 817 patris
737 729 788 796 sui
814 729 954 815 predicti
982 746 1040 812 per
1070 745 1162 794 suam
1189 727 1405 796 collacionem
1433 733 1466 794 et

330 840 571 910 restituciouem
597 838 683 906 idem
710 837 860 906 domiuus
895 837 976 903 Bcla
1000 837 1069 902 Rex
1089 835 1213 904 eisdem
1238 834 1369 903 domiuo
1389 835 1466 903 Plri-

330 949 399 1036 lipo
416 949 579 1034 Episcopo
605 953 636 1013 et
653 947 777 1012 Thome
795 943 913 1012 Comiti
929 942 1106 1010 earundem
1124 942 1305 1010 litterarum
1329 961 1468 1030 suarum

330 1057 512 1147 patrocinio
539 1055 789 1142 inperpetuum
816 1053 990 1122 valituram
1022 1050 1210 1120 innonando
1242 1052 1469 1120 confirmasset

332 1167 395 1235 stb.
413 1165 474 1234 stb.

440 1274 562 1342 Datum
571 1271 662 1339 Bude
681 1271 888 1356 sexagesima
905 1289 992 1338 nona
1009 1267 1063 1335 die
1084 1271 1273 1335 octonarum
1284 1267 1359 1334 festi
1369 1265 1469 1334 Beati

333 1379 503 1448 Michaelis
520 1379 718 1464 Archangeli
744 1399 829 1447 anno
850 1375 982 1446 Domini
1007 1375 1182 1443 millesimo
1209 1373 1468 1460 quadringente-

334 1486 415 1556 simo
432 1490 630 1574 octogesimo
656 1493 757 1556 sexto.

825 1596 926 1662 Lecta
944 1602 976 1661 et
992 1597 1180 1680 presentata
1195 1610 1254 1677 per
1269 1589 1469 1675 Magistrum

1002 1701 1053 1770 Jo.
1071 1700 1112 1768 de
1127 1699 1291 1767 Thwrocr.

479 1903 617 1968 (Ersdctis
630 1898 794 1970 bdrhsirtyin
807 1918 824 1954 s
840 1902 923 1956 budai
935 1903 986 1955 kir.
998 1903 1120 1956 lamanai
1134 1893 1323 1962 revertimus.)

769 2187 1029 2200 ..m

868 2689 941 2760 21⁷.

348 2875 487 2941 Vunchoi
511 2873 619 2940 Istodu
642 2873 823 2958 mztcrpami
846 2872 928 2938 eraclo
944 2873 1088 2958 biscopes
1102 2870 1321 2957 sucessuum,
1352 2871 1474 2956 malpel:

342 2979 472 3067 ngrpp
487 2979 716 3064 ouppszomboti
732 2978 816 3044 lotos
830 2983 908 3044 atde
923 2977 991 3042 suedi
1001 2976 1063 3042 cdo
1073 2975 1218 3061 marcel,
1234 2999 1271 3041 oz
1286 2980 1476 3062 mztcryami

614 3085 825 3171 kciptulaoculc
840 3086 1082 3171 odomdoyoazo.
1096 3081 1193 3150 1250.

448 3282 631 3368 Stephanus
648 3282 708 3349 Dei
724 3281 838 3368 gracia
853 3283 1084 3368 strigoniensis
1098 3283 1379 3370 Arolriepiscopus
1405 3300 1475 3346 om-

342 3389 438 3461 nibus
463 3393 631 3474 presentes
656 3389 781 3457 litteras
798 3390 990 3474 inspecturis
1023 3389 1162 3460 salutem
1179 3391 1212 3456 in
1237 3389 1355 3458 salutis
1373 3389 1476 3474 largi-

343 3505 421 3566 tore.
446 3497 497 3562 Ad
521 3497 746 3566 uniuersorum
773 3499 928 3566 noticiam
954 3504 1066 3567 tenore
1091 3498 1295 3584 presencium
1321 3497 1477 3565 uolumus

343 3606 525 3693 peruenire,
551 3605 638 3688 qood
665 3626 737 3672 cum
764 3604 924 3693 Georgius
951 3608 992 3674 de
1019 3609 1132 3692 Tyrna
1158 3607 1191 3674 in
1217 3606 1338 3674 iudicio
1364 3605 1476 3672 villici

344 3721 587 3800 oeterorumque
609 3713 757 3799 judicum
780 3715 822 3782 dc
848 3713 963 3784 eadem
978 3717 1089 3801 Tyrna
1114 3715 1209 3784 nobis
1234 3717 1266 3781 in
1284 3712 1423 3798 triginta
1440 3723 1477 3778 ot

344 3842 403 3890 sex
428 3819 548 3890 marcis
565 3821 691 3903 argenti
718 3819 843 3888 debitor
859 3823 1080 3906 remansisset,
1109 3829 1140 3888 et
1157 3821 1303 3907 pluribus
1328 3818 1393 3886 sibi
1410 3829 1475 3886 ter-

344 3929 439 3998 minis
465 3927 508 3994 ad
534 3927 733 3996 solucionem
760 3929 950 4013 assignatis,
981 3950 1045 3996 non
1071 3931 1224 4012 haberet,
1251 3927 1337 3996 unde
1363 3929 1477 4013 ipsam

345 4056 503 4104 summam
531 4035 667 4121 pecunie
682 4037 893 4122 persoluerrt,
921 4043 953 4103 et
967 4036 1045 4104 dieti
1062 4037 1191 4104 villicus
1217 4043 1249 4104 et
1261 4037 1392 4121 judices
1418 4056 1476 4102 cu-

344 4145 438 4230 riam,
456 4145 579 4228 dumos,
597 4163 696 4230 agros
708 4153 740 4214 at
757 4144 841 4214 alias
857 4145 1092 4232 possessiones,
1109 4165 1190 4229 quas
1209 4145 1294 4212 idem
1307 4145 1476 4230 Georgius

345 4253 459 4322 habuit
474 4251 506 4317 in
518 4253 640 4336 Tyrna,
659 4272 718 4338 pro
736 4252 900 4321 antedicto
918 4252 1026 4320 debito
1043 4253 1138 4322 uobis
1155 4253 1389 4338 instituissent3
1409 4272 1477 4322 nos

347 4361 479 4429 casdem
492 4361 622 4442 curiam,
641 4359 763 4442 domos,
777 4379 875 4444 agros
893 4359 1019 4429 etalias
1030 4361 1255 4447 possessiones
1276 4361 1371 4447 pleno
1388 4359 1477 4446 iure,

347 4466 430 4534 sicut
445 4465 540 4533 nobis
566 4465 693 4534 fuerant
710 4467 867 4551 institute,
884 4467 1003 4536 Diuine
1020 4469 1135 4536 intuitu
1152 4469 1294 4555 pietatis,
1315 4477 1347 4536 et
1362 4468 1406 4536 ob
1426 4490 1479 4536 rc-

346 4570 487 4639 medium
513 4571 619 4637 anime
645 4573 749 4658 patris
774 4575 848 4658 mei,
877 4573 933 4658 qui
958 4577 992 4640 in
1018 4577 1157 4643 ecclesie
1182 4575 1276 4644 Beati
1296 4573 1476 4644 adalberti
