3122 5154
552 917 656 1016 ¹ocu

92 1103 135 1168 lX.
152 1101 278 1189 Gerpelp
297 1105 389 1190 pcipe
405 1123 424 1164 a
441 1099 530 1165 edrai
544 1099 699 1186 pdepdlrdt
709 1095 914 1186 fclsadllttjo,
931 1099 1010 1186 hcpy
1030 1121 1050 1163 a
1067 1095 1195 1163 tetdrolc

260 1208 338 1274 elien
354 1210 502 1274 kereeztes
518 1207 651 1272 tabeat
666 1205 876 1274 hirdctteaacu.
902 1208 999 1272 1241.

179 1404 353 1490 Gregorius
378 1405 559 1492 Episcopus
592 1424 706 1472 seruus
733 1424 899 1472 seruorum
924 1402 986 1469 Dei
1014 1402 1194 1470 venerabili
1293 1389 1296 1394 ¹

87 1513 167 1579 fratri
244 1515 407 1600 Episcopo
420 1513 583 1580 Waciensi
601 1514 741 1579 salutem
757 1519 788 1579 ct
805 1511 1029 1598 apostolicam
1047 1509 1195 1576 benedic·

87 1622 202 1688 tionem.
229 1623 348 1689 Vocem
364 1621 398 1686 in
415 1621 544 1687 excelso
571 1619 814 1686 lamentationis
831 1627 863 1686 et
886 1619 980 1685 tlctus
998 1617 1194 1701 audiuimus,

87 1735 178 1796 ctnos
203 1727 311 1795 multis
338 1727 509 1795 amaricati
524 1725 690 1794 doloribus
716 1725 935 1812 deploramus,
963 1726 1049 1811 qrrod
1073 1725 1196 1792 iacula·

86 1845 140 1901 tum
157 1836 196 1902 de
211 1837 281 1902 celo
297 1833 452 1900 iudicium
464 1834 528 1899 iam
547 1834 764 1920 depopulatur
781 1832 923 1918 undique
944 1835 1098 1921 populum
1117 1833 1197 1900 cbri-

86 1943 221 2030 suanum,
253 1941 341 2024 quod
367 1942 543 2007 infidelium
569 1942 699 2027 gladius
724 1942 759 2008 in
783 1941 896 2009 fideles
922 1942 1089 2029 reciproca
1115 1939 1195 2008 cede

86 2051 284 2134 convertitur,
312 2056 344 2115 ct
369 2049 400 2114 in
427 2049 629 2116 christicolas
655 2069 859 2136 paganorum
885 2069 993 2116 murro
1022 2048 1196 2116 crudeliter

87 2157 283 2225 debachatur.
310 2157 441 2225 Clamor
458 2159 543 2224 enim
570 2159 727 2228 scelerum
744 2160 877 2225 humani
894 2159 1022 2243 generis
1043 2157 1195 2243 multipli-

83 2273 170 2354 catus,
188 2267 370 2334 ascendens
382 2267 415 2332 in
433 2286 528 2333 aures
539 2266 681 2334 omnium
694 2266 881 2350 conditoris,
899 2265 1017 2352 ipsum,
1035 2267 1088 2348 qui
1100 2267 1195 2351 quasi

84 2375 259 2442 considens
275 2375 337 2441 huc
349 2393 453 2457 usque
469 2377 581 2458 tacuit,
598 2375 653 2459 qui
669 2377 900 2443 correctionem
912 2374 1024 2460 populi
1040 2374 1091 2440 sui
1107 2373 1197 2466 velut

82 2483 196 2566 patiens
220 2483 417 2570 expectavit,
442 2485 580 2550 ultorem
596 2483 800 2568 iniquitatum
819 2483 965 2569 gladium
991 2481 1098 2564 coegit
1124 2499 1194 2545 exc-

83 2611 159 2674 rere,
185 2600 217 2658 et
243 2593 286 2656 ab
312 2591 416 2658 oculis
442 2592 599 2676 patientie
625 2612 682 2658 sue
709 2591 990 2660 abhominationes
1019 2586 1195 2655 emundare

84 2697 287 2783 flagitiorum,
313 2699 460 2784 expetita
486 2698 621 2782 gravide
647 2701 874 2786 peccatoribus
899 2699 1038 2782 ultione;
1064 2701 1196 2783 propter

83 2805 156 2888 quod
171 2827 293 2888 ennea,
312 2825 446 2890 quorum
463 2806 562 2872 corda
578 2808 673 2874 timor
690 2807 821 2875 Domini
838 2807 956 2890 tetigit,
984 2811 1112 2892 opertos
1130 2804 1195 2874 cili-

84 2916 130 2982 ciis
146 2926 177 2983 et
192 2935 347 3000 aspersos
365 2917 473 2982 cinere
490 2916 523 2981 in
540 2917 680 3002 suspirio
705 2925 736 2983 et
754 2917 895 2984 lacrimis
913 2917 1067 2982 Divinam
1084 2935 1196 2982 conre-

83 3023 117 3087 rit
140 3023 397 3090 misericordiam
413 3023 596 3109 implorare,
626 3033 659 3090 ut
676 3025 730 3107 qui
748 3045 875 3110 semper
895 3025 938 3090 ad
963 3023 1196 3107 ignoscendum

83 3132 187 3198 nultus
213 3131 330 3217 extitit,
358 3130 413 3214 qui
429 3132 619 3218 prestabilis
645 3153 742 3218 super
760 3133 888 3199 malitia
915 3133 1001 3200 omni
1021 3152 1094 3199 esse
1120 3137 1196 3198 tem-

82 3260 145 3322 pore
160 3239 341 3322 coasucvit,
367 3247 511 3305 exertum
529 3240 675 3324 gladium
693 3240 735 3306 ad
755 3242 908 3326 vaginam
929 3241 1039 3307 iubeat
1055 3241 1196 3326 regredi,

84 3347 199 3413 stiram
216 3347 251 3412 in
262 3352 385 3432 gentes,
402 3365 464 3430 que
479 3347 569 3412 illum
587 3368 650 3414 nou
660 3357 828 3434 noverunt,
847 3347 1025 3434 effundens,
1046 3348 1197 3431 dignetur

83 3453 190 3538 populo
206 3451 265 3517 filii
282 3454 332 3518 sui
348 3453 502 3536 insignito
524 3460 691 3520 caractere
708 3456 863 3522 misereri.
885 3455 1060 3541 Speramus
1076 3461 1195 3540 autem,

81 3560 155 3642 quod
171 3561 232 3626 etsi
243 3561 334 3626 Deus
350 3565 460 3626 noster
475 3580 535 3627 nos
551 3559 634 3627 dura
652 3563 875 3647 increpatione
887 3561 1083 3646 redarguere
1102 3581 1194 3649 cepe-

83 3669 123 3748 rit
146 3669 263 3751 Regna
287 3671 407 3750 tamen,
435 3685 497 3750 que
523 3665 627 3752 ipsius
653 3688 769 3734 nomen
796 3669 957 3752 invocant,
982 3691 1003 3735 a
1026 3669 1111 3736 lacie
1137 3689 1197 3736 sua

82 3773 259 3860 disperdere
283 3795 347 3842 non
364 3774 520 3860 intendit;
547 3775 739 3859 quinimmo
758 3789 879 3862 apena
898 3786 1058 3864 perpetua
1085 3796 1196 3864 pecea-

81 3896 154 3950 tores
181 3890 273 3949 curat
289 3883 427 3970 eripere,
454 3885 570 3968 quibus
587 3883 777 3970 temporalis
794 3885 902 3952 studet
927 3885 1058 3952 ultionis
1080 3885 1196 3950 beneti-

79 3993 151 4058 eiun
168 3991 213 4058 ad
223 3991 473 4076 castigationem
488 3994 590 4060 nostri
601 3994 731 4080 generis
749 3993 923 4080 adhibere,
939 3993 1017 4078 quia
1033 3993 1094 4061 etsi
1110 3991 1194 4059 filios

78 4099 200 4168 Israelis
227 4103 398 4188 temptatio
424 4103 536 4170 mortis
552 4107 585 4170 in
602 4105 734 4170 heremo
760 4103 956 4188 quandoque
980 4101 1133 4187 tetigerit,
1160 4101 1194 4166 in

79 4209 118 4276 eis
132 4217 240 4277 umen
257 4209 307 4276 ira
322 4211 452 4278 Domini
469 4209 590 4281 diutius
606 4233 671 4279 uon
697 4213 884 4298 permansit.
912 4213 1030 4278 Verum
1047 4210 1108 4278 etsi
1124 4231 1195 4296 gra-

78 4317 150 4384 u'ter
165 4317 208 4384 dc
223 4317 367 4384 omniurn
383 4318 526 4387 fidelium
546 4321 759 4406 oppressione
784 4321 960 4406 turbemur,
978 4340 1076 4406 super
1096 4318 1196 4387 afflic-

21 4453 22 4456 ¹
80 4425 156 4493 tione
173 4435 284 4493 tamen
299 4428 404 4512 Regni
414 4429 567 4516 Ungarie,
586 4429 710 4515 quoda
727 4429 875 4497 Tartaris
896 4429 1046 4496 invasum
1058 4436 1090 4495 et
1106 4447 1195 4495 occu-

21 4551 23 4628 p
79 4543 180 4617 patum
206 4556 265 4622 pro
282 4556 406 4621 magna
431 4547 535 4625 parte,
556 4540 590 4605 in
615 4539 756 4607 lectione
772 4539 953 4607 litterarum
978 4545 1108 4605 tuarum
1131 4555 1195 4602 non

21 4633 22 4660 l
81 4642 143 4707 sine
157 4644 329 4711 multarum
355 4645 562 4714 lacrimarum
580 4647 738 4716 effusione
764 4645 946 4731 didicimus,
963 4667 1001 4714 eo
1018 4643 1192 4732 specialior
