3198 5160
662 829 740 898 364.

136 1016 181 1080 Ae
196 1017 381 1100 eseterrpamn'
394 1014 609 1100 ledptulannuk
634 1013 904 1098 bizouyedqleoele,
927 1014 1009 1097 kopp
1025 1011 1149 1077 erlrrr'rr
1165 1011 1263 1075 Sardi

138 1123 334 1210 Royarulnalr
349 1124 402 1206 fla
417 1123 565 1187 Sar-osan
581 1123 649 1186 leod
663 1121 795 1186 tiutolcdt
818 1121 1009 1186 rotonaiuak
1025 1121 1139 1186 elodta.
1166 1122 1263 1186 1259.

240 1319 424 1406 Phylippus
434 1317 622 1402 Prepositus
635 1323 666 1382 et
676 1315 864 1403 Capitulum
875 1318 1022 1386 Itoelesie
1030 1315 1265 1402 strigoniensis

124 1413 289 1492 'omnibus
307 1424 426 1492 Christi
442 1424 593 1492 fidelibus
619 1432 785 1510 presentes
803 1425 931 1492 litteras
956 1425 1152 1508 inspeeturis
1174 1425 1264 1490 salu-

136 1543 201 1600 tem
217 1533 252 1597 in
269 1532 410 1599 Domino
437 1530 679 1614 sempiternum.
705 1529 757 1596 Ad
775 1531 1000 1600 uniuersorum
1022 1532 1176 1599 noticiam
1199 1537 1266 1598 tem

136 1639 344 1728 presencium
360 1658 458 1721 quem
482 1638 663 1704 futurorum
678 1639 794 1704 harum
821 1641 904 1706 serie
920 1639 1067 1708 volumus
1083 1639 1265 1726 peruenire,

137 1749 223 1833 quod
237 1747 335 1813 Lnka
350 1746 436 1813 filius
452 1745 586 1828 Bogard
603 1747 643 1812 de
660 1747 774 1815 Serow
791 1748 825 1812 in
840 1753 953 1816 nostre
969 1748 1143 1833 presenoia
1157 1766 1267 1834 perso-

137 1857 256 1924 naliter
272 1854 467 1922 constitutus
493 1853 534 1920 ab
551 1874 616 1920 uua
632 1860 736 1940 parte,
764 1862 796 1920 et
811 1857 905 1939 Gugo
921 1854 1007 1921 tilius
1022 1855 1109 1920 Petri
1126 1853 1167 1920 de
1187 1854 1267 1920 ville

138 1965 252 2050 Belau,
280 1983 320 2028 eo
344 1961 525 2028 Lndizlaus
549 1961 634 2028 filius
651 1963 788 2028 Adriani
813 1961 913 2028 freter·
937 1962 1094 2046 eiusdem,
1119 1981 1179 2028 nee
1202 1982 1266 2028 non

138 2071 277 2158 Egidins
293 2070 379 2136 iilius
396 2071 510 2154 Rugas
527 2069 646 2136 nobilis
662 2069 702 2134 de
718 2071 809 2154 Seag
825 2071 865 2137 de
880 2071 1096 2156 generacione
1111 2077 1144 2136 et
1158 2068 1266 2157 proxi-

141 2181 255 2247 mitate
268 2179 443 2246 eorundem
460 2177 607 2245 similiter
618 2198 659 2244 ex
675 2179 798 2264 altera,
816 2180 920 2246 dietus
932 2175 1267 2262 LuknfiliusBogerd

139 2285 179 2351 de
195 2287 311 2352 Serow
328 2303 477 2350 asserens
493 2303 603 2350 eornm
620 2284 715 2351 nobis
732 2284 810 2350 uiue
826 2303 914 2370 uoee,
935 2285 1022 2368 quod
1037 2291 1158 2350 terrem
1173 2303 1267 2351 snam

139 2394 172 2460 iu
186 2395 301 2462 Serow
318 2392 384 2484 iem
400 2390 489 2460 diota
505 2391 706 2476 existentem,
733 2398 765 2458 et
781 2389 824 2459 nd
840 2411 898 2458 sex
914 2399 1024 2458 aratra
1039 2389 1263 2476 sufficientem,

140 2521 211 2570 eum
228 2500 356 2568 duobus
381 2497 589 2585 molendynis
606 2519 703 2586 super
718 2499 852 2567 fluuium
868 2499 976 2567 (toron
992 2499 1027 2564 in
1044 2498 1158 2565 eudem
1177 2505 1264 2566 terre

141 2609 224 2692 sitis,
254 2614 287 2674 et
309 2608 450 2676 insulem
475 2626 548 2674 eum
573 2627 704 2674 nemore
730 2615 762 2673 et
783 2607 891 2674 teneto
917 2608 960 2674 ed
985 2607 1122 2676 eundem
1147 2617 1268 2675 terrem

141 2715 391 2804 pertinentibus,
418 2736 516 2800 quum
533 2715 576 2782 ab
602 2714 724 2782 eisdem
742 2716 835 2801 Guge
851 2716 916 2782 filio
932 2716 1029 2802 Petri,
1058 2723 1090 2784 et
1109 2716 1265 2785 Ledizleo

140 2827 206 2894 filio
224 2824 364 2892 Adriani
389 2825 489 2891 fratre
505 2844 564 2890 sno
582 2825 761 2912 iamdicto,
786 2825 882 2894 titulo
898 2827 1078 2914 empoionis
1104 2823 1268 2910 quondam

140 2956 196 3021 pro
214 2933 462 3018 quatuordeeim
480 2934 610 3016 merois,
628 2933 845 3002 mediantibus
861 2935 979 3002 litteris
995 2937 1115 3004 nostris
1138 2936 1268 3022 priuile-

141 3043 286 3128 gialibns
304 3047 561 3128 comparaueret,
587 3039 821 3128 possidendam
838 3043 871 3108 in
888 3044 972 3111 filios
988 3045 1126 3110 filiorum
1145 3045 1269 3130 pariter

141 3159 172 3218 et
187 3149 388 3235 habendam,
412 3150 604 3218 eondieione
627 3151 688 3218 tuli
703 3151 884 3236 interiectu,
911 3153 1047 3235 quodsi
1072 3152 1159 3220 idem
1175 3151 1271 3218 Luka

142 3261 227 3328 filius
244 3258 386 3342 Bogard,
403 3259 455 3326 uel
471 3260 575 3346 ipsius
592 3260 827 3345 progenitores,
855 3279 913 3327 seu
929 3279 1145 3345 successores,
1162 3261 1270 3348 ipsem

142 3377 264 3436 terrem
291 3364 333 3434 ed
359 3385 418 3434 sex
443 3373 562 3455 aratra,
591 3374 625 3434 rt
649 3369 844 3454 premissum
870 3376 936 3453 est,
961 3368 1174 3436 suffieientem
1200 3389 1272 3436 enm

143 3477 272 3545 dnobus
289 3475 494 3561 molendynis
519 3477 585 3542 iem
602 3476 706 3562 dietis,
723 3482 755 3542 et
770 3477 889 3562 insula,
913 3499 953 3544 ae
969 3499 1102 3576 nemore
1118 3483 1152 3546 et
1165 3477 1271 3546 teneto

145 3585 332 3654 memoratis
348 3585 466 3668 quouis
492 3603 648 3670 proeessn
672 3595 853 3670 temporum
868 3586 1020 3672 uendere,
1045 3588 1097 3655 nel
1114 3588 1271 3672 obligare,

144 3715 200 3762 sen
216 3694 428 3782 inpignorare
443 3693 633 3778 intenderet,
651 3696 680 3761 si
696 3695 802 3781 ipsum
817 3698 997 3763 necessitas
1013 3697 1126 3778 alique
1143 3704 1272 3779 urgeret

146 3809 201 3870 eut
216 3803 380 3885 noluntas,
404 3803 525 3870 nemini
542 3808 664 3889 posset,
691 3822 751 3870 neo
768 3803 911 3887 deberet,
938 3805 1002 3871 nisi
1026 3803 1108 3890 ipsis
1125 3803 1221 3888 (inge
1240 3810 1274 3869 et
1371 3809 1374 3816 '

147 3909 313 3995 Ladizleo,
340 3909 394 3976 uel
409 3910 556 3995 ipsorum
580 3911 738 3997 proximo,
762 3913 818 3994 qui
834 3932 889 3979 eos
906 3913 995 3978 lineo
1012 3912 1193 3997 affinitatis,
1219 3913 1274 3979 uel

148 4017 248 4084 eninm
273 4018 585 4102 eonsenguineitntis
611 4021 784 4102 attingeret
809 4021 842 4085 in
865 4020 1011 4106 ipsorum
1036 4021 1272 4105 generacioner

151 4125 233 4192 dixit
249 4133 282 4192 et
297 4125 466 4196 eonsessns
483 4135 544 4213 est,
561 4128 668 4215 ipsam
684 4134 803 4194 terrum
819 4127 972 4196 videlieet
997 4151 1058 4215 pro
1073 4151 1131 4197 serr
1156 4131 1274 4196 aratris

149 4233 369 4319 sufficientem,
387 4255 459 4304 eum
476 4236 556 4322 ipsis
573 4237 700 4304 duobus
720 4235 937 4323 molendynis,
954 4247 987 4305 et
1004 4239 1121 4325 insula,
1143 4261 1273 4310 nemore

152 4359 187 4406 ae
202 4343 311 4410 teneto
329 4343 515 4412 memoretis
533 4343 719 4412 uendidisse
735 4365 794 4429 pro
811 4347 945 4413 totidem
962 4351 1104 4434 peenuie
1123 4357 1272 4434 quatuor·

153 4449 251 4514 decim
270 4466 454 4518 marearum
471 4451 590 4538 Egidio
606 4453 671 4520 filio
687 4455 800 4538 Rugus
817 4456 992 4544 antedicto,
1015 4466 1048 4524 et
1063 4457 1132 4526 suis
1149 4457 1274 4528 heredi-

154 4553 217 4641 bus,
235 4557 457 4644 heredumque
470 4579 603 4660 suorum
618 4562 861 4631 suecessoribus
876 4565 958 4630 ‘iure
975 4563 1133 4653 perpetuo·
1148 4562 1186 4635 et'
1196 4569 1275 4641 irro-

195 4693 295 4729 norrun.
313 4694 391 4730 unse.
410 4696 479 4731 rursu.
556 4699 625 4734 urrr..
645 4691 676 4730 12.
1074 4687 1114 4744 ³3
