3134 5150
581 305 738 405 -3—1-

96 511 238 596 jutlieum
262 511 520 595 prenotatornm,
547 523 643 589 quem
659 502 774 569 Abbas
794 505 940 593 elegerit,
968 511 1090 592 egendi
1106 516 1226 585 habeat

100 619 294 685 facultatem.
317 617 421 684 Porro
439 613 556 678 iratres
573 611 721 678 eiusdem
736 611 885 680 Eeelesie
899 634 959 700 per
974 623 1076 686 totam
1095 622 1227 708 Huuga

100 728 179 792 riam
193 726 307 806 libere,
333 729 367 790 et
389 721 515 806 absque
536 718 658 786 tributo
679 719 806 804 possint
830 719 971 790 vendere
997 731 1030 792 et
1044 727 1169 814 einero,
1195 739 1228 799 et

99 831 233 898 tramine
248 830 437 914 ubieunque
452 825 623 894 volueriut.
650 827 771 892 Verum
787 847 901 896 omnes
918 831 1099 918 oybriones,
1121 839 1177 922 qui
1193 841 1227 906 in

100 945 183 1004 terra
197 938 327 1016 Nerati,
352 936 406 1004 uel
421 939 457 1002 iu
472 933 621 1001 omnibus
641 933 717 1000 aliis
732 937 837 1021 terris,
864 945 896 1005 ot
914 941 1019 1009 vineis
1044 943 1150 1013 eidem
1165 949 1228 1014 Alr

102 1044 166 1110 bati
191 1043 322 1112 collatis
337 1042 422 1126 Regi
448 1041 502 1108 nel
516 1039 632 1106 Comiti
657 1039 879 1128 debebantur,
905 1050 1099 1118 contulimus
1123 1054 1228 1122 eidem

101 1153 246 1218 lleelesie
262 1159 332 1217 tam
348 1151 391 1216 de
407 1148 511 1216 vineis
535 1148 688 1234 propriis,
715 1169 813 1232 quam
830 1153 934 1221 eniam
948 1157 1068 1225 alienis
1084 1160 1117 1225 in
1133 1163 1228 1228 terris

100 1261 243 1346 ipsorum
257 1257 454 1338 constitutis,
470 1257 528 1341 ita,
545 1249 632 1342 quod
648 1256 837 1342 desingulis
848 1262 1056 1345 oybrionibus
1075 1265 1228 1336 dimidius

103 1367 182 1434 terto
198 1367 418 1454 persolvatur.
443 1365 598 1431 Volumus
614 1364 719 1432 eoiam
735 1373 768 1432 et
783 1369 963 1454 statuimus,
981 1373 1069 1456 quod
1084 1377 1228 1461 sepedio

103 1485 170 1541 tum
184 1473 421 1540 monasterium
439 1471 617 1538 Belefontis
636 1472 746 1555 quoad
759 1471 810 1542 ius
826 1482 1018 1560 patronatus
1042 1480 1230 1548 immediate

104 1581 145 1647 ad
167 1584 293 1667 Regem
318 1581 490 1667 pertineat,
517 1578 575 1662 qui
599 1599 658 1664 pro
684 1587 831 1665 tempore
857 1581 956 1651 inerit
971 1585 1094 1654 Dinina
1118 1591 1231 1673 graeia

106 1689 307 1756 constitutus.
333 1688 374 1752 Vt
387 1686 488 1769 igitur
503 1686 564 1752 hee
578 1692 690 1752 nostre
714 1685 907 1756 donacionis
922 1692 1047 1776 pagina
1062 1693 1231 1763 inuiolabi-

106 1795 175 1860 liter
190 1795 224 1859 in
241 1801 407 1880 posterum
424 1799 623 1878 perseueret,
651 1811 722 1858 eam
739 1793 880 1880 duplicis
897 1797 998 1882 sigilli
1016 1803 1117 1868 nostri
1132 1805 1233 1870 muni·

108 1901 189 1968 mine
204 1901 344 1968 feeimus
360 1899 518 1966 roborari.
536 1899 658 1966 Datum
675 1901 710 1966 in
723 1903 827 1969 Sebus
844 1924 929 1973 anno
940 1908 1110 1976 Dominiee
1127 1913 1233 1980 ineer-

107 2009 249 2075 naoiouis
265 2007 439 2074 millesimo
455 2006 676 2075 dueentesimo
693 2011 854 2078 trieesimo
873 2013 1022 2101 septimo,
1042 2025 1158 2086 oetauo
1175 2019 1233 2086 lra-
1261 2083 1270 2093 ,

107 2116 220 2183 lendes
236 2115 329 2200 Julii,
353 2113 461 2199 Regni
476 2119 586 2180 autem
601 2115 704 2181 nostri
720 2135 805 2185 anno
821 2119 974 2188 seeundo.

112 2313 154 2378 (V.
167 2309 263 2363 lstvlu
273 2307 422 2375 kirtlynalu
435 2310 547 2364 lntt-ki
557 2309 718 2376 mogertstto
727 2311 917 2381 olrmlnylbol,
928 2320 1054 2386 melynelu
1063 2337 1080 2372 a
1088 2323 1159 2374 llus-i
1169 2321 1236 2392 inip-

109 2401 181 2452 tainu
194 2397 352 2451 limitato.
365 2397 473 2450 ktszfflt
485 2395 586 2451 ltirata
598 2401 754 2453 eredetiben
766 2419 783 2454 a
793 2405 875 2458 budai
887 2408 913 2459 la
924 2409 1049 2462 kamarai
1060 2409 1235 2463 leveltlrbau.

7 2483 8 2490 ’
360 2489 393 2540 V.
404 2493 429 2539 ὖ.
441 2487 525 2554 Pejor
535 2489 601 2542 eod.
614 2491 689 2556 Dipl.
704 2493 750 2546 tv,
761 2496 817 2548 luet.
831 2500 855 2548 1.
869 2513 889 2547 r.
903 2499 946 2548 68.
957 2499 987 2566 l.)
1064 2519 1066 2526 ¹

535 2786 797 2798 W

654 3257 708 3326 le.

19 3477 20 3483 κ
115 3437 173 3503 IV.
192 3436 275 3501 Bata
289 3435 399 3522 kiroly
414 3439 519 3522 ottrja
535 3437 599 3502 111.
617 3437 709 3502 loeas
719 3439 879 3524 popdnalt
897 3439 1045 3528 tuttojtt,
1065 3439 1205 3527 melylyel
1220 3464 1241 3505 a

114 3545 343 3634 pennonltalmi
366 3549 506 3631 apatedq
520 3547 668 3608 aadmdra
686 3569 729 3614 ea.
743 3547 854 3611 Iatodo
880 3547 987 3634 kirtly
1001 3549 1126 3636 aloptto'
1138 3549 1242 3614 otma-

452 3674 517 3739 oyo
530 3653 788 3739 moperlieittetott.
805 3655 902 3719 1237.

220 3849 260 3914 ln
275 3849 408 3915 nomine
423 3848 543 3915 Sauate
558 3847 729 3916 Trinitatis
745 3855 778 3915 et
796 3847 968 3916 indiuiduo
984 3851 1136 3917 Vnitatis.
1161 3849 1243 3915 Bela

121 3955 178 4022 Dei
192 3955 308 4040 gracia
323 3955 501 4041 Hungorie,
517 3955 686 4040 Groaehie,
704 3956 885 4043 Dalmatio,
901 3957 1014 4040 Rame,
1037 3956 1161 4039 Seruio,
1179 3957 1244 4022 Ga·

121 4063 199 4146 licie,
211 4064 416 4146 Lodomerie‚
434 4065 654 4148 (inmanieque
666 4067 737 4132 Rex
751 4065 786 4130 in
801 4073 1005 4150 perpetuum.
1021 4063 1121 4130 Urias
1131 4063 1244 4134 Abbas

120 4172 306 4258 llonasterij
323 4172 436 4238 Saneti
450 4173 583 4240 llartini
608 4173 650 4239 de
666 4171 767 4239 Saero
791 4173 901 4238 Monte
920 4169 1089 4238 Pannonio
1114 4172 1243 4241 anobis

123 4279 234 4348 deuote
250 4279 352 4365 peoiit
376 4278 545 4364 instanter,
572 4285 608 4345 ut
622 4275 807 4363 priuilegia,
824 4296 888 4360 que
904 4295 965 4362 pro
989 4275 1245 4347 immunitatibus

123 4395 151 4456 et
174 4388 386 4472 libertatibus
411 4385 550 4472 predicti
565 4384 753 4468 Monasterij
771 4383 893 4451 aSetle
907 4383 1099 4469 Apostolioa
1121 4383 1246 4470 habuit,

124 4493 311 4564 transseribi
324 4493 519 4574 faceremus,
547 4499 707 4562 eteorum
722 4491 925 4577 exemplaria
948 4488 1050 4557 nostri
1066 4489 1167 4572 sigilli
1190 4489 1248 4556 ka

124 4615 243 4674 metere
258 4599 470 4669 muniremus.
487 4597 573 4678 Quia
589 4597 858 4682 oumfrequenter
874 4597 918 4664 ad
934 4597 1067 4666 diuersa
1076 4596 1247 4662 trahantur
