3102 5160
816 363 932 463 ,ἓὲθ
961 456 967 462 .

337 543 472 628 dignum
489 543 661 628 inveneris,
689 561 786 628 super
801 539 930 610 delectu
946 537 1116 622 natalium,
1133 533 1307 604 dnmmodo
1319 535 1361 602 de
1376 532 1472 600 adul-

335 651 428 736 terio,
455 651 507 716 vel
522 651 708 718 incestuoso
735 647 823 717 coitu
848 655 944 717 natus
969 647 1111 732 nonsit,
1136 644 1329 714 auctoritate
1353 645 1473 709 nostra

339 758 533 844 dispensans
544 757 649 844 ipsum
660 757 774 823 valeas
790 757 893 823 libere
908 757 943 823 in
953 755 1152 841 Episcopum
1162 753 1325 821 ordinare.
1342 754 1471 820 Datum

337 865 488 950 Lugduni
513 869 552 933 V.
580 865 742 932 kalendas
768 861 979 950 Septembris.
1010 861 1224 932 Pontificatus
1248 861 1351 930 nostri
1378 879 1471 926 enno

334 973 457 1057 quinto.

665 1114 822 1182 (Turgcncv
834 1113 871 1167 id.
883 1129 917 1166 m.
932 1114 955 1166 l.
968 1113 1024 1168 lsbt
1038 1110 1081 1166 oc.
1092 1113 1122 1180 l.)

769 1401 1026 1416 W

864 1881 942 1950 les.

338 2085 398 2150 IV.
416 2084 507 2150 Iacae
520 2089 613 2169 pcipe
640 2083 857 2168 upyauoltboz,
883 2080 963 2168 leogy
978 2080 1098 2146 Dciar'eel
1120 2081 1271 2166 puliczc'ac'
1293 2082 1469 2168 brolyncl,

442 2191 474 2256 lcc'
487 2192 619 2256 creusae?
631 2189 798 2276 oppleret
812 2189 957 2276 cpycadll,
972 2188 1071 2274 mikep
1080 2189 1190 2274 jdojou
1205 2190 1241 2256 el.
1257 2185 1354 2254 1247.

442 2385 653 2456 Innocentius
678 2383 861 2473 Episcbpus
887 2403 1000 2452 seruus
1017 2403 1184 2452 servornm
1199 2385 1260 2452 Dei
1281 2387 1468 2454 venerabili

339 2495 432 2564 lratri
449 2547 457 2564 .
475 2545 483 2563 .
501 2545 509 2561 .
529 2491 784 2581 Archiepiscopc
808 2492 962 2578 Prussie,
988 2491 1125 2560 Livcnie
1144 2499 1177 2560 et
1200 2491 1335 2562 Rstonia
1345 2544 1354 2578 ,
1379 2495 1469 2581 Apo-

337 2603 453 2674 stclice
467 2602 563 2671 Sedis
579 2603 704 2690 Legato
728 2602 916 2668 salutemet
945 2600 1169 2688 Apostolicam
1194 2599 1466 2670 benedictionem.

337 2711 429 2780 Sicut
445 2730 569 2796 omnes,
586 2729 668 2796 quos
684 2715 778 2778 extra
802 2708 935 2776 archam
950 2707 1076 2778 invenit
1102 2707 1269 2796 diluvium,
1286 2708 1466 2798 perierunt,

339 2819 525 2904 itacmnes,
542 2818 687 2901 quisunt
713 2823 807 2884 extra
831 2816 1089 2885 communionem
1114 2815 1272 2902 Ecclesie,
1298 2817 1362 2884 nisi
1387 2837 1467 2885 con·

337 2927 425 2994 versi
441 2925 484 2992 ad
502 2927 572 3012 ejus
589 2925 748 2995 unitatem
763 2925 929 3010 redierint,
956 2927 990 2992 in
1006 2929 1118 2994 eterne
1137 2923 1377 3012 dampnationis
1389 2946 1467 3012 sup-

338 3033 471 3120 plicium
500 3034 706 3121 deputantur.
732 3035 804 3101 Hac
834 3033 995 3119 siquidem
1020 3032 1281 3102 consideratione
1312 3032 1468 3102 inductus

339 3141 527 3211 carissimus
543 3143 577 3209 in
593 3142 722 3210 Christo
738 3141 823 3210 lilius
835 3147 945 3209 noster
959 3139 1079 3207 Daniel
1094 3141 1164 3208 Rex
1179 3141 1296 3209 Russie
1310 3141 1465 3231 niustria,

336 3249 429 3335 cujus
445 3253 585 3317 mentem
601 3247 772 3333 Dominus,
799 3245 935 3333 quinon
951 3247 1021 3314 vult
1036 3253 1171 3316 mortem
1186 3249 1377 3335 peccaturis,
1403 3252 1470 3319 sed

336 3366 371 3428 ut
386 3363 592 3428 convertatur
607 3363 640 3424 ct
655 3357 755 3441 vivat,
773 3375 835 3422 sua
851 3353 1075 3424 misericordia
1089 3353 1278 3439 illustravit,
1303 3373 1362 3444 per
1378 3355 1465 3426 litte-

336 3489 392 3536 ras
408 3467 569 3554 speciales
595 3475 628 3534 et
644 3465 786 3550 nuntios,
812 3484 893 3549 quos
917 3470 1048 3551 propter
1071 3464 1131 3532 hoc
1156 3465 1336 3533 transmisit
1360 3485 1469 3554 nuper

337 3577 380 3644 ad
396 3583 540 3645 nostram
565 3574 773 3662 presentiam,
800 3593 872 3640 cum
889 3572 1070 3640 humilitate
1086 3591 1126 3640 ac
1141 3573 1299 3642 instantia
1322 3577 1469 3662 postula-

335 3686 382 3754 vit
397 3707 418 3752 a
433 3684 537 3770 nobis,
555 3691 589 3751 ut
604 3683 710 3772 ipsum
725 3689 759 3749 ct
783 3688 884 3750 totam
910 3689 1040 3764 gentem
1068 3701 1108 3748 ac
1120 3683 1267 3768 Regnum
1290 3684 1362 3768 ejus
1385 3681 1468 3750 hec·

335 3801 429 3863 tenus
445 3814 467 3860 a
483 3793 558 3860 fidei
574 3791 693 3859 unione
718 3791 875 3878 precisus,
893 3789 936 3856 ud
955 3789 1112 3858 unitatem
1137 3791 1406 3876 ecclesiasticam,
1432 3801 1470 3858 ct

335 3901 540 3969 devotionem
555 3897 703 3968 Ecclesie
718 3900 875 3981 Romane,
893 3916 956 3984 quc
972 3899 1112 3966 aliarum
1129 3899 1271 3964 omnium
1288 3904 1388 3986 caput
1414 3907 1471 3966 cst

335 4010 547 4095 etmagistra,
559 4008 704 4093 recipere
719 4005 760 4074 de
771 4006 970 4092 benignitate
981 4005 1079 4074 solita
1090 4025 1286 4073 curaremus.
1303 4005 1469 4084 Quocirca

335 4137 513 4201 monemus,
531 4122 691 4200 quatenus
707 4113 924 4202 personaliter
940 4113 983 4180 ad
1002 4120 1111 4200 partes
1136 4113 1212 4182 illas
1237 4113 1407 4197 accedens,
1437 4115 1470 4181 si

337 4227 484 4314 prelatus
500 4227 570 4294 Rex
585 4224 618 4292 in
635 4232 702 4292 tam
720 4230 833 4292 sancto
861 4223 1028 4310 proposito
1045 4239 1269 4309 perseverans,
1297 4228 1364 4288 tam
1381 4223 1469 4308 ipse,

336 4355 435 4419 quum
460 4333 716 4421 Archicpiscopi,
743 4339 775 4400 et
789 4331 956 4420 Episcopi,
982 4331 1087 4398 etalii
1103 4331 1276 4416 Magnetes
1291 4329 1397 4414 Regni
1413 4333 1471 4400 sui

337 4441 490 4510 scismate
507 4440 653 4525 quolibet
668 4441 797 4527 penitus
816 4441 975 4526 abjurato,
1002 4439 1212 4525 promiserint
1227 4445 1260 4508 ct
1271 4438 1468 4527 juraverint,

336 4570 373 4620 se
390 4551 431 4616 de
447 4557 554 4619 cetero
570 4551 605 4618 in
621 4551 746 4618 unitate
761 4549 847 4634 fidei,
873 4569 970 4634 quum
986 4547 1136 4616 Ecclesia
1152 4548 1300 4615 Romm
1314 4543 1470 4632 predicat

336 4666 370 4727 et
385 4657 546 4742 observat,
562 4657 696 4742 eiusque
711 4659 858 4727 Romane
873 4657 1019 4726 Reclcsic
1033 4655 1206 4726 devotione
1221 4660 1379 4742 perpetuo
1394 4674 1469 4742 pcr-
