3122 5154
109 1091 201 1154 Βάκι
227 1088 396 1154 maenala
420 1085 522 1153 uotae
547 1109 604 1174 epp
627 1087 813 1154 hirtckceere
836 1087 1095 1172 eritleuittaerlll,
1119 1089 1228 1174 motget

106 1196 183 1263 dccc
196 1221 219 1264 α
233 1195 358 1283 lerctyi
380 1195 476 1262 cirea
494 1195 628 1282 Nuper
642 1197 803 1284 mepytben
817 1197 942 1284 albdag
965 1197 1116 1264 mamaea·
1133 1195 1225 1263 hirto·

297 1305 355 1370 lter
370 1304 404 1369 le
418 1303 610 1392 ectay'obbctpy
624 1301 696 1370 luae
710 1305 909 1373 mallet.
931 1307 1028 1372 1238.

206 1501 389 1587 Dyouisius
414 1501 478 1570 Dei
504 1507 618 1587 gracia
643 1501 812 1571 Palatinus
838 1511 871 1572 ct
886 1501 1002 1574 (lomes
1026 1501 1069 1570 (le
1089 1502 1228 1570 Zounulr

106 1608 260 1693 omnihus,
276 1607 396 1695 quibus
420 1608 592 1696 presencia
607 1608 731 1696 scripta
745 1611 923 1697 patuerint,
950 1613 1091 1679 salutem
1113 1611 1148 1676 in
1165 1612 1229 1678 Do·

106 1715 198 1782 mino.
224 1715 340 1786 Sciant
354 1727 422 1786 tam
446 1721 623 1804 presentes,
650 1735 748 1800 quam
764 1717 896 1805 posteri,
921 1717 1008 1802 quod
1032 1715 1228 1785 accedentes

106 1825 145 1890 ad
158 1845 220 1894 nos
235 1826 423 1912 Stephanus
448 1832 482 1894 et
496 1825 659 1894 Adrianus
676 1825 796 1912 clerici,
820 1825 932 1894 hirrcd
948 1833 982 1894 et
996 1825 1079 1893 alter
1093 1825 1228 1912 Stepha-

104 1953 160 2000 nus
185 1941 218 2000 ct
243 1934 327 2002 Paul
352 1934 393 2002 de
417 1935 568 2002 Ruhman
592 1939 805 2021 portauerant
830 1933 925 2004 nobis
947 1935 1074 2003 litteras
1105 1932 1226 2003 domini

106 2039 201 2126 Regia
217 2042 280 2110 hoc
291 2041 387 2110 morlo
397 2040 619 2110 continentes:
635 2043 679 2110 Vt
693 2040 918 2110 concambium
927 2041 1051 2110 iactum
1062 2059 1121 2130 per
1135 2041 1157 2109 J
1159 2041 1226 2110 udi·

8 2147 9 2202 l
105 2169 155 2216 ecs
170 2155 315 2216 terarum
324 2147 620 2234 Naagradienaium
635 2149 720 2217 inter
735 2173 789 2217 eos
799 2169 841 2217 ex
856 2170 924 2217 vna
932 2156 1035 2238 parte,
1050 2156 1082 2217 et
1091 2149 1227 2218 Loudan

106 2255 187 2346 (lgy)
203 2263 237 2323 et
252 2258 445 2341 Gregorium
461 2257 606 2342 bilotum,
625 2256 823 2343 j0bagiones
838 2255 944 2326 Gastri
960 2256 1227 2342 Ncugradieuscs

105 2387 141 2431 ex
157 2367 275 2452 altera,
299 2385 398 2452 super
413 2373 501 2434 terra
525 2367 559 2432 in
573 2365 777 2451 Thusnapya
792 2385 905 2433 uersus
929 2371 1049 2432 terram
1072 2365 1226 2433 Kalanda

8 2521 9 2528 κ
104 2473 283 2560 adiacente,
302 2481 343 2542 ct
359 2494 456 2561 super
471 2475 579 2542 media
604 2479 698 2561 parte
713 2481 800 2542 terre
815 2475 975 2558 Ruhman,
998 2491 1227 2542 reuocaremus

105 2589 136 2650 et
150 2583 326 2652 iudiciaria
351 2583 518 2652 sentencia
533 2603 593 2670 per
617 2583 755 2652 alteram
771 2582 1059 2652 commutacionem
1079 2580 1228 2650 emenda-

104 2699 166 2758 tam
191 2713 396 2778 equaremus.
421 2693 491 2762 Nos
506 2691 607 2777 igitur
620 2691 787 2780 Stephano
815 2691 903 2762 dicto
928 2700 963 2762 et
983 2692 1052 2760 suis
1076 2692 1225 2776 cognatis

104 2799 276 2867 nominatis
291 2799 488 2888 pristaldum
503 2797 709 2884 contulimus,
736 2806 772 2866 vt
787 2799 849 2867 iret
864 2806 897 2866 ct
910 2798 1033 2867 iactam
1053 2799 1227 2885 inspiceret

8 2925 9 2928 ’
104 2908 409 2992 commutacionem
436 2915 470 2974 et
484 2913 587 2976 teram
603 2906 760 2994 Stephani
785 2908 916 2976 nomine
938 2908 1131 2995 'l'husnapia
1155 2927 1226 2976 suo-

103 3035 235 3101 rumque
260 3023 492 3101 cognatorum,
518 3034 582 3100 que
601 3017 636 3084 iu
659 3016 735 3104 ipsa
759 3015 1016 3086 commutacione
1039 3020 1074 3083 in
1099 3020 1226 3103 partem

103 3123 248 3193 Loudani
264 3129 298 3190 et
307 3123 459 3210 Gregorij
471 3123 687 3211 jobagionnm
697 3131 851 3212 cesserat,
867 3123 1052 3193 restitueret
1061 3125 1226 3213 Stephano

104 3231 228 3300 Glcrico
244 3239 278 3300 et
293 3231 362 3300 suis
378 3233 548 3320 cognatis;
574 3233 724 3301 similiter
738 3239 866 3320 partem
881 3240 967 3302 terre
985 3235 1145 3320 Bahman,
1162 3254 1226 3321 que

102 3343 202 3410 iuius
218 3341 381 3431 Stephani
396 3351 429 3412 et
451 3349 664 3429 coguatomm
680 3343 749 3410 eius
765 3349 920 3428 cesserat,
944 3342 1130 3412 restitueret
1144 3343 1225 3408 Lau·

104 3452 186 3520 dano
205 3449 292 3540 (lgy)
310 3459 343 3521 ct
357 3450 516 3540 Gregorio
529 3477 537 3538 ;
564 3453 798 3538 subiungentes
814 3451 920 3519 eciam
935 3451 1041 3520 eidem
1056 3447 1225 3538 pristaldo,

103 3567 137 3625 ut
150 3559 179 3627 si
192 3580 251 3648 per
265 3557 371 3630 dictos
387 3561 581 3629 Laudanum
597 3567 630 3628 et
646 3559 842 3646 (tragurium
856 3561 1094 3648 prohiberetur,
1111 3559 1226 3628 citaret

103 3688 157 3736 eos
172 3665 218 3734 ad
240 3671 386 3735 nostram
400 3667 618 3756 presenciam.
645 3666 802 3748 Quidum
817 3666 852 3734 iu
873 3666 979 3756 primo
999 3665 1137 3734 termino
1159 3665 1227 3733 Ste

102 3777 228 3862 pharus
244 3793 317 3842 cnm
333 3775 403 3842 suis
417 3775 578 3862 cognatis,
594 3781 628 3842 et
642 3774 793 3844 similiter
807 3773 987 3843 Laudanus
1002 3780 1035 3841 et
1048 3771 1226 3858 Gregorius

8 3859 9 3886 ¹
102 3883 238 3952 iubeant
253 3902 362 3952 coram
378 3883 485 3971 nobis,
508 3883 614 3952 dictus
630 3883 816 3972 Stephanus
835 3889 868 3952 et
883 3883 953 3952 cius
977 3881 1109 3968 cognati
1132 3899 1227 3948 suam

8 3995 9 3998 ’
102 3992 194 4059 nobis
209 3991 321 4058 taliter
337 3997 556 4077 exposuerunt
570 3993 808 4079 querimoniam
825 4019 833 4059 ε
850 3992 937 4078 quod
951 3991 1002 4058 illi
1016 3989 1150 4058 ludices
1164 3995 1227 4056 ter·

103 4119 211 4166 rarum
226 4099 269 4166 cic
283 4099 444 4186 Ncugrad
463 4100 545 4188 ipsis
568 4121 653 4190 pene
668 4101 854 4170 nolentibus
869 4101 1053 4186 inequalem
1071 4097 1227 4166 iecissent

104 4205 186 4274 inter
210 4225 269 4274 ecs
293 4209 592 4293 commutacionem,
617 4229 798 4297 perquam
822 4228 858 4276 se
878 4208 989 4294 inepte
1013 4205 1115 4273 fuisse
1139 4207 1227 4275 lesos

103 4315 361 4400 proclamabant
386 4315 526 4382 Demum
540 4335 613 4382 cum
629 4317 725 4384 ambe
740 4321 852 4403 partes
868 4333 1021 4382 unacum
1036 4317 1147 4381 nostro
1163 4314 1226 4401 pri-

102 4421 207 4490 staldo
234 4441 343 4491 coram
356 4423 453 4491 nobis
478 4423 618 4492 iumseut
641 4423 833 4512 constitut03
860 4423 1044 4512 Stephanus
1060 4443 1133 4492 cum
1157 4424 1225 4492 suis

101 4530 249 4615 cognatis
273 4537 393 4598 terram
409 4551 502 4599 suam
527 4533 658 4600 nomine
673 4531 878 4620 Thusnapya
897 4531 1088 4619 repetebant
1105 4553 1126 4599 a
1141 4533 1224 4598 Lau·

101 4637 185 4707 dano
210 4645 244 4707 et
258 4636 418 4728 Gregorio
443 4640 507 4709 sihi
533 4639 697 4732 restititui,
723 4639 865 4708 mediam
892 4659 970 4708 uero
990 4645 1116 4726 partem
1139 4645 1225 4704 terre
