3148 5156
845 810 922 879 stt.

313 963 343 1062 '1
348 993 381 1060 V.
398 991 477 1060 Bere
486 993 650 1082 tirdtpaulc
659 992 806 1060 &lochen
816 991 947 1060 birtokdt
961 993 1113 1080 tarpyozd
1123 993 1302 1078 udonadnpa
1313 991 1447 1057 Zocdad

495 1123 592 1168 comes
607 1105 642 1166 io
657 1100 789 1186 Serp‘eel
808 1099 908 1168 Canta
915 1100 982 1186 fiai
996 1105 1152 1166 cadurcina.
1174 1097 1269 1164 1258.

428 1295 496 1364 Nos
512 1296 548 1364 B.
557 1297 620 1365 Dei
636 1295 749 1381 gracia
763 1296 989 1383 RexVugarie
1005 1296 1158 1364 memorie
1179 1295 1446 1364 commendantes

321 1407 541 1492 significamus
567 1405 737 1492 uniuersis,
763 1403 849 1492 quod
866 1403 1057 1474 accedentes
1083 1405 1126 1472 ad
1141 1412 1286 1475 nostram
1311 1422 1445 1500 presen-

321 1515 406 1584 ciam
421 1512 533 1584 fideles
559 1513 660 1582 nostri
677 1515 792 1582 Comes
809 1514 942 1582 Zochud
968 1521 1000 1581 et
1019 1513 1171 1600 Sereseel,
1197 1532 1236 1579 ac
1252 1511 1371 1578 fratres
1392 1530 1446 1576 eo-

185 1647 188 1653 ·
320 1621 455 1696 renuam
468 1622 527 1708 filij
545 1621 651 1690 Ounta
676 1621 770 1691 nobis
786 1627 1016 1709 exposuerunt,
1042 1623 1128 1708 quod
1144 1620 1208 1710 ipsi
1228 1621 1448 1687 iustrumenta

321 1750 379 1800 seu
393 1729 529 1814 litteras,
557 1749 639 1815 quas
655 1729 820 1798 habebant
845 1749 943 1818 super
966 1729 1052 1798 facto
1079 1737 1163 1796 terre
1179 1728 1325 1812 Buguna,
1344 1746 1447 1810 quam

320 1860 380 1927 per
395 1837 534 1906 Ouutam
549 1847 675 1927 patrem
691 1838 836 1926 ipsorum
853 1859 874 1904 a
890 1836 1009 1908 cosma
1025 1845 1057 1905 et
1072 1839 1167 1905 Petro
1183 1837 1259 1924 filijs
1276 1835 1446 1922 Hemyruh

322 1947 364 2015 de
381 1946 459 2014 vilia
474 1946 636 2014 Zelechen
661 1946 812 2014 dicebant
826 1948 912 2014 iusto
927 1947 1106 2034 empcionis
1121 1945 1214 2014 titulo
1238 1943 1341 2012 fuisse
1356 1964 1444 2012 corn·

322 2061 482 2144 paratam,
500 2073 596 2142 snper
612 2075 677 2140 qua
693 2055 862 2142 empcione
876 2060 1020 2124 nostrum
1036 2055 1243 2143 priuilegium
1269 2074 1304 2120 se
1320 2051 1445 2119 habere

322 2163 524 2246 asserebant,
542 2163 718 2232 casualiter
743 2163 939 2250 amisissent,
956 2173 1107 2254 petentes
1123 2185 1144 2232 a
1158 2164 1263 2248 nobis,
1292 2169 1327 2228 ut
1343 2161 1444 2228 homi-

321 2291 395 2340 nem
417 2277 563 2340 nostrum
578 2271 742 2357 ydoneum
768 2293 866 2358 super
881 2273 987 2360 ipsam
1006 2282 1124 2342 terrum
1150 2273 1360 2354 mitteremus,
1387 2272 1445 2356 qui

322 2379 458 2467 uideret,
482 2387 588 2447 utrum
603 2378 740 2467 predicti
756 2381 890 2450 Zoehud
916 2387 948 2450 et
963 2381 1078 2452 frames
1098 2382 1149 2450 sui
1173 2389 1283 2450 essent
1308 2381 1341 2448 in
1356 2378 1444 2467 paci·

320 2491 383 2558 tica
407 2488 618 2575 possessione
643 2495 726 2558 terre
752 2497 937 2559 memorate.
965 2492 1033 2560 Nus
1058 2492 1157 2578 igitur
1181 2491 1226 2559 ad
1250 2488 1445 2578 peticionem

322 2597 496 2666 eorundem
509 2598 659 2668 fidelibus
676 2599 795 2668 nostris
806 2599 957 2688 Capitulo
967 2601 1122 2670 Nitriensi
1138 2601 1288 2670 dedimus
1305 2599 1339 2666 in
1354 2617 1445 2664 man·

322 2703 418 2792 detis,
435 2713 469 2774 nt
485 2705 567 2776 duos
584 2727 625 2774 ex
641 2707 733 2794 ipsis,
750 2727 907 2795 personas
915 2707 1073 2796 ydoneus,
1088 2729 1186 2795 super
1201 2709 1308 2796 ipsam
1323 2711 1444 2774 mutam

323 2815 587 2902 transmitterent,
613 2815 668 2900 qui
684 2816 841 2903 uiderent,
866 2824 974 2886 utrum
989 2818 1108 2905 prefati
1123 2816 1257 2888 Zoohud
1273 2821 1306 2884 et
1325 2813 1444 2882 frames

315 2922 373 3008 ,sui
389 2922 502 2991 sintin
518 2924 658 3012 pacifica
680 2925 888 3014 possessione
903 2925 1006 3013 ipsius
1021 2932 1115 3014 terre,
1141 2932 1174 2994 et
1187 2924 1221 2994 id
1237 2923 1331 2994 nobis
1354 2927 1445 3008 post·

316 3029 463 3118 prodam,
482 3051 522 3100 ao
542 3051 670 3102 cursum
690 3040 850 3102 metarum
874 3033 1019 3102 eiusdem
1044 3042 1129 3106 terre
1153 3033 1294 3102 debeant
1318 3049 1444 3097 reman-

322 3139 411 3206 dare.
436 3137 540 3225 ljdem
557 3137 668 3225 itaque
691 3138 804 3208 fideles
832 3142 936 3208 nostri
960 3139 1144 3228 capitulum
1169 3136 1368 3208 antedictum
1394 3155 1442 3202 re-

323 3247 520 3334 scripserunt
534 3247 639 3334 nubis,
663 3247 750 3335 quod
767 3248 849 3316 duos
864 3268 905 3316 ex
921 3248 969 3315 eis
983 3249 1130 3334 ydoneos
1147 3267 1245 3335 super
1259 3247 1367 3335 ipsam
1381 3250 1443 3311 ter·

321 3373 393 3422 ram
408 3353 674 3444 transmisissent,
699 3354 754 3440 qui
772 3355 978 3443 presentibus
995 3357 1145 3424 omnibus
1161 3353 1395 3426 commetaneis
1411 3359 1445 3418 et

321 3461 450 3548 uicinis,
474 3461 564 3530 nullo
580 3463 814 3532 contradictore
829 3463 999 3552 existente,
1019 3461 1366 3534 inuenissent-eosdem
1382 3463 1443 3530 Zo-

322 3569 406 3638 ohnd
422 3577 455 3638 et
469 3568 588 3638 iratres
613 3591 690 3638 suos
705 3571 737 3638 in
753 3571 892 3660 pacifica
906 3575 1114 3659 possessione
1135 3580 1220 3640 terre
1244 3571 1442 3660 supradicte.

322 3676 421 3746 Cuius
445 3678 575 3762 quidem
600 3684 685 3746 teme
711 3685 805 3764 mete,
830 3687 927 3765 prout
941 3681 1106 3760 insslitteris
1130 3679 1274 3748 eiusdem
1298 3679 1443 3768 Capituli

320 3787 479 3858 contineri
488 3787 639 3873 uidimus,
656 3789 717 3856 hoo
733 3789 847 3857 ordine
856 3788 1094 3875 distinguntur:
1114 3791 1225 3858 Prima
1234 3798 1321 3860 meta
1329 3791 1445 3880 incipit

322 3903 453 3982 aparte
478 3895 672 3964 occidentali
697 3897 731 3962 in
748 3915 834 3982 aqua
850 3899 976 3967 Balura
991 3901 1131 3985 nornine,
1158 3909 1191 3966 et
1205 3901 1252 3968 ibi
1277 3907 1354 3968 sunt
1379 3899 1444 3967 due

322 4007 408 4072 mete
432 4005 573 4090 antique,
601 4010 634 4071 et
657 4003 721 4072 duc
745 4004 787 4072 de
812 4025 897 4075 nouo
913 4015 1037 4094 erecte,
1064 4008 1195 4076 atinde
1220 4007 1442 4076 asscendendo

322 4113 440 4182 transit
463 4135 616 4201 magnam
640 4113 729 4180 uiam
755 4114 1003 4184 descendentem
1025 4139 1046 4184 a
1071 4117 1151 4184 uilla
1169 4119 1280 4204 Degce
1306 4125 1441 4202 uocata,

323 4219 441 4295 deiude
456 4220 547 4291 uadit
572 4241 683 4289 uersus
701 4223 855 4289 orientem
880 4223 974 4291 iuxta
997 4230 1116 4292 terram
1142 4224 1276 4292 alterius
1293 4227 1441 4311 Bagnna,

317 4327 433 4404 ,sillam
449 4326 599 4399 videlicet
614 4327 862 4416 cruciferorum
884 4338 916 4398 et
930 4331 1007 4398 inde
1022 4335 1141 4401 transit
1156 4353 1215 4420 per
1230 4342 1349 4401 terram
1365 4353 1441 4401 ara·

323 4435 432 4522 bilem,
457 4444 489 4502 et
505 4439 593 4507 uenit
609 4457 711 4523 nsque
736 4439 834 4508 aliam
857 4459 1009 4528 magnam
1035 4443 1123 4509 uiam
1149 4443 1329 4511 uenientem
1347 4465 1369 4512 a
1384 4443 1441 4530 Ui·

312 4541 460 4628 vtuuche;
478 4563 574 4628 quam
590 4548 789 4615 transermdo
800 4537 899 4617 intrat
909 4549 1114 4638 fructeccum,
1136 4550 1222 4638 quod
1233 4551 1319 4637 wigo
1335 4553 1443 4619 darae
