3134 5158
126 1116 251 1184 Rolaad
266 1115 390 1184 tenuat
404 1116 552 1203 Gurhysa
578 1117 736 1184 birtokdra
752 1117 920 1184 tcnutkozo'
943 1119 1039 1184 udae
1054 1118 1171 1185 dezlo'
1189 1119 1248 1185 Rc-

201 1223 341 1291 uoldaok
347 1223 400 1306 fia
415 1230 446 1288 e's
461 1223 592 1310 Gydrpy
607 1247 704 1290 comes
719 1225 962 1308 Mdtdccuulefia
976 1224 1053 1290 ledat.
1069 1223 1166 1290 1253.

246 1419 413 1491 Roiandus
439 1423 550 1490 Banns
575 1421 680 1490 tocius
705 1419 881 1490 Solanonie
905 1423 1054 1490 omnibns
1080 1428 1249 1510 presentes

125 1524 248 1594 litteras
273 1529 470 1615 inspecturis
496 1531 647 1598 salutem.
672 1530 885 1598 Uniuersitati
908 1530 1051 1596 omnium
1066 1529 1249 1613 significan-

124 1631 198 1698 dnm
214 1635 368 1704 duximus
392 1639 597 1726 presencium
616 1658 676 1724 per
691 1645 846 1722 tenorem,
872 1637 959 1722 qnod
983 1657 1055 1704 eum
1072 1635 1248 1704 Ladizlaus

123 1740 206 1808 filins
216 1742 465 1832 Renoldisuper
475 1746 694 1832 occupaeioue
706 1753 739 1810 et
751 1750 910 1812 metarum
921 1744 1145 1812 destruccione
1162 1751 1249 1810 terre

123 1846 276 1934 Gurbysa
292 1871 351 1936 per
366 1851 566 1938 Stephanum
583 1853 709 1920 Battum
726 1853 779 1938 pie
802 1849 1042 1920 recordacionis
1058 1851 1175 1920 Scema
1191 1851 1248 1920 Oo-

122 1955 190 2022 miti
206 1958 338 2044 coliate,
364 1966 397 2026 et
421 1960 628 2048 postmodum
650 1981 709 2046 per
731 1960 925 2043 Magistrum
950 1959 1121 2027 Nicolaum
1146 1959 1248 2027 fliium

122 2065 266 2152 eiusdem
284 2075 317 2136 et
331 2067 448 2136 fratres
463 2088 541 2136 suos
557 2068 622 2156 ipsi
632 2068 789 2136 Ladiclao
804 2067 935 2154 tradite,
954 2066 1132 2153 Georgium
1142 2066 1248 2142 Comi·

122 2178 184 2238 tem
200 2173 304 2241 filium
320 2174 469 2260 Maeuieij
486 2175 531 2242 ad
556 2181 701 2241 nostram
717 2181 889 2241 euocatum
915 2175 1116 2259 presenciam
1133 2194 1249 2242 conue-

122 2280 243 2366 nisset;
261 2279 346 2348 idem
358 2281 475 2350 Oomes
485 2281 646 2366 Georgius
663 2304 681 2349 e
698 2301 854 2350 conuerso
871 2281 1048 2367 respondit,
1065 2281 1248 2366 quodterra

123 2387 224 2472 ipsius
240 2389 302 2454 sub
329 2391 426 2456 certis
451 2390 545 2456 metis
562 2408 583 2454 a
598 2396 686 2454 terra
702 2388 857 2474 Gurhysa
872 2398 960 2454 esset
986 2387 1028 2454 ab
1049 2387 1183 2470 antiquo
1200 2407 1248 2454 se-

122 2503 240 2582 parata
257 2503 290 2563 et
305 2497 470 2584 distincta,
496 2498 615 2584 etipse
632 2499 693 2564 sub
709 2497 894 2564 huiusmodi
919 2497 1014 2562 metis
1040 2495 1195 2562 terminos
1215 2498 1248 2560 et

123 2603 355 2674 distinctiones
371 2614 528 2673 metarum
538 2625 672 2674 suarum
687 2605 759 2671 sine
776 2604 1035 2671 contradicoione
1045 2603 1157 2687 aliqua
1172 2603 1246 2669 heo·

121 2717 214 2776 tenus
231 2711 453 2798 possedisset;
474 2733 572 2800 super
588 2731 725 2798 quarum
742 2719 829 2778 statu
846 2716 879 2777 et
894 2709 978 2777 serie
993 2729 1051 2797 per
1066 2729 1125 2776 nos
1143 2709 1247 2793 requi·
1315 2765 1326 2781 ,

122 2819 213 2903 situs,
241 2819 366 2887 nulium
381 2819 486 2906 potnit
512 2821 746 2887 munimentum
772 2838 830 2886 seo
850 2816 1057 2904 priuilegium
1081 2816 1246 2884 exhihere.

123 2925 297 2993 Ladialans
314 2934 423 2994 autem
448 2934 639 3014 prenotatur
656 2947 754 3016 super
770 2931 859 2993 certa
873 2924 1066 2992 habitudine
1089 2909 1122 2990 e't
1137 2924 1247 2991 obten-

124 3033 215 3099 cione
242 3040 326 3100 terre
346 3033 531 3120 supradicte
556 3034 682 3102 litteras
707 3033 821 3100 ordine
842 3031 1013 3100 iudiciario
1039 3050 1136 3118 snper
1160 3032 1247 3102 iacto

123 3139 226 3225 ipsius
250 3149 336 3208 terre
359 3149 473 3210 eontra
496 3141 657 3228 prefatum
682 3138 1041 3230 Georgium.Comitem
1066 3158 1246 3226 prouectas,

124 3259 155 3318 et
169 3248 380 3336 priuilegium
406 3247 484 3314 dicti
504 3248 551 3316 St.
573 3247 655 3314 Beni
681 3247 775 3314 nohis
798 3246 1001 3334 presentauit
1021 3247 1124 3318 talem
1150 3249 1250 3338 conti·¹

123 3376 203 3424 nens
217 3363 365 3424 tenorem
381 3360 414 3422 et
429 3373 638 3440 processum:

229 3463 299 3531 Nos
316 3462 501 3550 Stephanus
518 3463 581 3529 stb.
600 3462 812 3548 (horetkeziir
829 3465 940 3530 Istvdn
960 3461 1093 3529 bhnnah
1113 3461 1248 3531 1251-hi

123 3575 301 3657 okmtnya
318 3570 401 3638 mint
415 3571 547 3640 ientebb
562 3571 640 3640 228.
656 3589 701 3637 sz.
719 3570 767 3656 a.)

170 3726 175 3734 -
229 3681 300 3770 Nos
316 3679 415 3764 igitur
440 3679 606 3746 intellecta
622 3679 708 3746 serie
733 3678 838 3764 ipsius
854 3678 1019 3765 priuilegij
1046 3677 1248 3768 sepedictum

128 3785 287 3860 comitem
300 3785 477 3871 Georgium
502 3786 742 3874 requisimus,
767 3787 798 3856 si
813 3787 1048 3856 contradiceret
1063 3786 1128 3873 ipsi
1151 3787 1247 3874 priui-

125 3895 208 3982 legio
225 3904 258 3966 st
274 3895 394 3964 litteris
410 3894 583 3964 antedictis
598 3914 660 3964 nee
674 3915 734 3980 ne3
753 3896 808 3982 qui
823 3897 857 3964 in
867 3895 956 3964 nullo
975 3893 1062 3964 dioto
1072 3894 1247 3982 priuilegio

127 4003 231 4071 extitit
246 4001 477 4088 contradictor,
494 4002 553 4076 scd
563 4003 675 4090 pocius
686 4002 877 4072 iustificanit
892 4008 924 4070 et
934 4023 993 4090 per
1008 4003 1121 4072 omnia
1131 4021 1247 4090 appro-

127 4111 215 4182 hauit
240 4108 445 4197 acceptando
468 4111 546 4178 vine
569 4130 661 4182 uoce.
687 4112 782 4180 Vnde
804 4131 866 4178 nos
891 4109 1056 4180 mediante
1081 4108 1248 4178 sentamia

128 4219 280 4296 nobilium
305 4218 615 4288 circumsedentium
640 4239 699 4306 per
715 4219 899 4289 iohannem
922 4217 1026 4286 fllium
1041 4217 1173 4287 Hemiei
1192 4217 1247 4286 ho·

129 4325 240 4394 minem
256 4329 414 4401 ¹nostrum
439 4326 616 4397 secundnm
641 4325 780 4396 sormam
805 4323 926 4414 prefati
950 4325 1103 4412 priulegij
1126 4331 1248 4393 terram

132 4430 450 4518 nuduiuuruysa
464 4431 504 4498 de
521 4433 616 4500 metis
639 4433 683 4500 ad
698 4439 802 4502 metas
818 4432 1017 4500 reambulari
1041 4431 1189 4518 fecimus,
1215 4439 1248 4502 et

133 4537 216 4623 ipses
238 4547 367 4610 ueteres
399 4547 503 4608 metes
528 4539 673 4611 eiusdem
698 4548 783 4608 terre
809 4541 993 4612 asenneus
1019 4559 1077 4628 pcr
1107 4537 1260 4610 eundem,

134 4642 298 4746 theurgiam
326 4647 485 4727 Comitem
510 4657 543 4719 et
568 4650 762 4725 combustus.
780 4650 953 4724 ordinatim
968 4648 1140 4738 renonem
1156 4646 1247 4717 assi·

1021 4765 1085 4830 tt·
