<?xml version="1.0" encoding="UTF-8"?>
<!DOCTYPE html PUBLIC "-//W3C//DTD XHTML 1.0 Transitional//EN"
    "http://www.w3.org/TR/xhtml1/DTD/xhtml1-transitional.dtd">
<html xmlns="http://www.w3.org/1999/xhtml" xml:lang="en" lang="en">
 <head>
  <title>
</title>
<meta http-equiv="Content-Type" content="text/html;charset=utf-8" />
  <meta name='ocr-system' content='tesseract 3.04.00' />
  <meta name='ocr-capabilities' content='ocr_page ocr_carea ocr_par ocr_line ocrx_word'/>
</head>
<body>
  <div class='ocr_page' id='page_1' title='image "./codexdiplomatic15wenzgoog_0100.png"; bbox 0 0 3122 5154; ppageno 0'>
   <div class='ocr_carea' id='block_1_1' title="bbox 582 255 738 352">
    <p class='ocr_par' dir='ltr' id='par_1_1' title="bbox 582 255 738 352">
     <span class='ocr_line' id='line_1_1' title="bbox 582 255 738 352; baseline 0 -33"><span class='ocrx_word' id='word_1_1' title='bbox 582 255 738 352; x_wconf 47' lang='lat' dir='ltr'><strong>ja-</strong></span> 
     </span>
    </p>
   </div>
   <div class='ocr_carea' id='block_1_2' title="bbox 14 445 1230 972">
    <p class='ocr_par' dir='ltr' id='par_1_2' title="bbox 14 445 1230 972">
     <span class='ocr_line' id='line_1_2' title="bbox 107 445 1224 534; baseline 0.005 -19"><span class='ocrx_word' id='word_1_2' title='bbox 107 447 139 515; x_wconf 90' lang='lat' dir='ltr'><strong>de</strong></span> <span class='ocrx_word' id='word_1_3' title='bbox 151 445 315 514; x_wconf 81' lang='lat' dir='ltr'><strong>Ourmend</strong></span> <span class='ocrx_word' id='word_1_4' title='bbox 329 467 388 534; x_wconf 92' lang='lat' dir='ltr'><strong>per</strong></span> <span class='ocrx_word' id='word_1_5' title='bbox 405 454 512 514; x_wconf 88' lang='lat' dir='ltr'><strong>metas</strong></span> <span class='ocrx_word' id='word_1_6' title='bbox 529 467 643 516; x_wconf 88' lang='lat' dir='ltr'><strong>uersus</strong></span> <span class='ocrx_word' id='word_1_7' title='bbox 658 455 780 516; x_wconf 88' lang='lat' dir='ltr'><strong>terram</strong></span> <span class='ocrx_word' id='word_1_8' title='bbox 792 451 880 515; x_wconf 77' lang='lat' dir='ltr'><strong>Buta</strong></span> <span class='ocrx_word' id='word_1_9' title='bbox 896 448 1023 518; x_wconf 89' lang='lat' dir='ltr'><strong>leuatas</strong></span> <span class='ocrx_word' id='word_1_10' title='bbox 1043 451 1088 518; x_wconf 93' lang='lat' dir='ltr'><strong>ad</strong></span> <span class='ocrx_word' id='word_1_11' title='bbox 1103 458 1224 521; x_wconf 90' lang='lat' dir='ltr'><strong>terram</strong></span> 
     </span>
     <span class='ocr_line' id='line_1_3' title="bbox 107 555 1227 644; baseline 0.004 -24"><span class='ocrx_word' id='word_1_12' title='bbox 107 555 205 642; x_wconf 79' lang='lat' dir='ltr'><strong>Lapsa</strong></span> <span class='ocrx_word' id='word_1_13' title='bbox 230 555 432 640; x_wconf 76' lang='lat' dir='ltr'><strong>pertinuisse</strong></span> <span class='ocrx_word' id='word_1_14' title='bbox 458 556 656 640; x_wconf 79' lang='lat' dir='ltr'>allegabant.</span> <span class='ocrx_word' id='word_1_15' title='bbox 689 556 757 622; x_wconf 88' lang='lat' dir='ltr'><strong>Nos</strong></span> <span class='ocrx_word' id='word_1_16' title='bbox 782 561 891 623; x_wconf 90' lang='lat' dir='ltr'><strong>autem</strong></span> <span class='ocrx_word' id='word_1_17' title='bbox 916 558 1030 626; x_wconf 80' lang='lat' dir='ltr'><strong>ordine</strong></span> <span class='ocrx_word' id='word_1_18' title='bbox 1052 560 1227 644; x_wconf 78' lang='lat' dir='ltr'><strong>judiciario</strong></span> 
     </span>
     <span class='ocr_line' id='line_1_4' title="bbox 105 663 1228 750; baseline 0.008 -21"><span class='ocrx_word' id='word_1_19' title='bbox 105 663 310 747; x_wconf 75' lang='lat' dir='ltr'><strong>procedentes</strong></span> <span class='ocrx_word' id='word_1_20' title='bbox 342 664 474 747; x_wconf 90' lang='lat' dir='ltr'><strong>utrique</strong></span> <span class='ocrx_word' id='word_1_21' title='bbox 498 665 585 750; x_wconf 90' lang='lat' dir='ltr'><strong>parti</strong></span> <span class='ocrx_word' id='word_1_22' title='bbox 609 665 829 748; x_wconf 83' lang='lat' dir='ltr'><strong>iniunximus,</strong></span> <span class='ocrx_word' id='word_1_23' title='bbox 863 672 899 731; x_wconf 91' lang='lat' dir='ltr'><strong>ut</strong></span> <span class='ocrx_word' id='word_1_24' title='bbox 924 673 1044 734; x_wconf 88' lang='lat' dir='ltr'><strong>terram</strong></span> <span class='ocrx_word' id='word_1_25' title='bbox 1070 669 1121 735; x_wconf 91' lang='lat' dir='ltr'><strong>sui</strong></span> <span class='ocrx_word' id='word_1_26' title='bbox 1149 671 1228 738; x_wconf 86' lang='lat' dir='ltr'><strong>iuris</strong></span> 
     </span>
     <span class='ocr_line' id='line_1_5' title="bbox 14 771 1228 861; baseline 0.007 -26"><span class='ocrx_word' id='word_1_27' title='bbox 14 815 15 845; x_wconf 72' lang='lat'><strong>,</strong></span> <span class='ocrx_word' id='word_1_28' title='bbox 104 771 196 838; x_wconf 83' lang='lat' dir='ltr'><strong>fuisse</strong></span> <span class='ocrx_word' id='word_1_29' title='bbox 210 773 401 842; x_wconf 86' lang='lat' dir='ltr'><strong>testimonio</strong></span> <span class='ocrx_word' id='word_1_30' title='bbox 416 774 679 859; x_wconf 78' lang='lat' dir='ltr'><strong>comprobarent.</strong></span> <span class='ocrx_word' id='word_1_31' title='bbox 708 774 771 839; x_wconf 91' lang='lat' dir='ltr'><strong>Die</strong></span> <span class='ocrx_word' id='word_1_32' title='bbox 787 780 897 840; x_wconf 87' lang='lat' dir='ltr'><strong>antem</strong></span> <span class='ocrx_word' id='word_1_33' title='bbox 913 776 1120 861; x_wconf 90' lang='lat' dir='ltr'><strong>probaeionis</strong></span> <span class='ocrx_word' id='word_1_34' title='bbox 1142 778 1228 846; x_wconf 88' lang='lat' dir='ltr'><strong>testi-</strong></span> 
     </span>
     <span class='ocr_line' id='line_1_6' title="bbox 108 881 1230 972; baseline 0.01 -28"><span class='ocrx_word' id='word_1_35' title='bbox 108 881 210 964; x_wconf 88' lang='lat' dir='ltr'><strong>monij,</strong></span> <span class='ocrx_word' id='word_1_36' title='bbox 227 881 321 948; x_wconf 86' lang='lat' dir='ltr'><strong>Buna</strong></span> <span class='ocrx_word' id='word_1_37' title='bbox 334 902 415 968; x_wconf 85' lang='lat' dir='ltr'><strong>sepe</strong></span> <span class='ocrx_word' id='word_1_38' title='bbox 433 883 619 950; x_wconf 87' lang='lat' dir='ltr'><strong>nominatus</strong></span> <span class='ocrx_word' id='word_1_39' title='bbox 645 883 818 950; x_wconf 90' lang='lat' dir='ltr'><strong>multorum</strong></span> <span class='ocrx_word' id='word_1_40' title='bbox 834 883 990 950; x_wconf 90' lang='lat' dir='ltr'><strong>bonorum</strong></span> <span class='ocrx_word' id='word_1_41' title='bbox 1005 885 1180 972; x_wconf 91' lang='lat' dir='ltr'><strong>hominum,</strong></span> <span class='ocrx_word' id='word_1_42' title='bbox 1197 895 1230 956; x_wconf 90' lang='lat' dir='ltr'><strong>et</strong></span> 
     </span>
    </p>
   </div>
   <div class='ocr_carea' id='block_1_3' title="bbox 13 988 1229 1071">
    <p class='ocr_par' dir='ltr' id='par_1_3' title="bbox 13 988 1229 1071">
     <span class='ocr_line' id='line_1_7' title="bbox 13 988 1229 1071; baseline 0.009 -21"><span class='ocrx_word' id='word_1_43' title='bbox 13 1014 15 1071; x_wconf 59' lang='grc' dir='ltr'><strong>χ</strong></span> <span class='ocrx_word' id='word_1_44' title='bbox 108 993 401 1056; x_wconf 81' lang='lat' dir='ltr'><strong>nommetaneornm</strong></span> <span class='ocrx_word' id='word_1_45' title='bbox 430 1009 562 1056; x_wconf 91' lang='lat' dir='ltr'><strong>suorum</strong></span> <span class='ocrx_word' id='word_1_46' title='bbox 587 988 772 1056; x_wconf 90' lang='lat' dir='ltr'><strong>testimonio</strong></span> <span class='ocrx_word' id='word_1_47' title='bbox 804 991 1039 1058; x_wconf 87' lang='lat' dir='ltr'><strong>terramillam</strong></span> <span class='ocrx_word' id='word_1_48' title='bbox 1069 994 1120 1060; x_wconf 91' lang='lat' dir='ltr'><strong>sni</strong></span> <span class='ocrx_word' id='word_1_49' title='bbox 1148 994 1229 1062; x_wconf 91' lang='lat' dir='ltr'><strong>iuris</strong></span> 
     </span>
    </p>
   </div>
   <div class='ocr_carea' id='block_1_4' title="bbox 15 1092 1232 1510">
    <p class='ocr_par' dir='ltr' id='par_1_4' title="bbox 13 1078 1232 1510">
     <span class='ocr_line' id='line_1_8' title="bbox 108 1092 1229 1184; baseline 0.011 -26.984"><span class='ocrx_word' id='word_1_50' title='bbox 108 1092 203 1160; x_wconf 83' lang='lat' dir='ltr'><strong>tuisse</strong></span> <span class='ocrx_word' id='word_1_51' title='bbox 228 1095 477 1181; x_wconf 85' lang='lat' dir='ltr'><strong>eomprobauit;</strong></span> <span class='ocrx_word' id='word_1_52' title='bbox 503 1096 633 1184; x_wconf 91' lang='lat' dir='ltr'><strong>populis</strong></span> <span class='ocrx_word' id='word_1_53' title='bbox 650 1095 692 1162; x_wconf 92' lang='lat' dir='ltr'><strong>de</strong></span> <span class='ocrx_word' id='word_1_54' title='bbox 707 1095 787 1162; x_wconf 90' lang='lat' dir='ltr'><strong>uilla</strong></span> <span class='ocrx_word' id='word_1_55' title='bbox 810 1095 972 1164; x_wconf 84' lang='lat' dir='ltr'><strong>Ourmend</strong></span> <span class='ocrx_word' id='word_1_56' title='bbox 996 1101 1117 1168; x_wconf 84' lang='lat' dir='ltr'><strong>nullius</strong></span> <span class='ocrx_word' id='word_1_57' title='bbox 1142 1104 1229 1169; x_wconf 92' lang='lat' dir='ltr'><strong>testi·</strong></span> 
     </span>
     <span class='ocr_line' id='line_1_9' title="bbox 15 1203 1230 1294; baseline 0.009 -29"><span class='ocrx_word' id='word_1_58' title='bbox 15 1247 16 1259; x_wconf 57' lang='lat'><strong>,</strong></span> <span class='ocrx_word' id='word_1_59' title='bbox 109 1203 212 1270; x_wconf 89' lang='lat' dir='ltr'><strong>nonio</strong></span> <span class='ocrx_word' id='word_1_60' title='bbox 228 1205 371 1289; x_wconf 90' lang='lat' dir='ltr'><strong>probare</strong></span> <span class='ocrx_word' id='word_1_61' title='bbox 386 1203 583 1272; x_wconf 91' lang='lat' dir='ltr'><strong>ualentibus.</strong></span> <span class='ocrx_word' id='word_1_62' title='bbox 600 1204 690 1270; x_wconf 85' lang='lat' dir='ltr'><strong>Buza</strong></span> <span class='ocrx_word' id='word_1_63' title='bbox 707 1210 814 1270; x_wconf 90' lang='lat' dir='ltr'><strong>autem</strong></span> <span class='ocrx_word' id='word_1_64' title='bbox 835 1205 989 1294; x_wconf 74' lang='lat' dir='ltr'><strong>precipue</strong></span> <span class='ocrx_word' id='word_1_65' title='bbox 999 1207 1128 1276; x_wconf 91' lang='lat' dir='ltr'><strong>illorum</strong></span> <span class='ocrx_word' id='word_1_66' title='bbox 1143 1211 1230 1278; x_wconf 90' lang='lat' dir='ltr'><strong>testi-</strong></span> 
     </span>
     <span class='ocr_line' id='line_1_10' title="bbox 111 1311 1232 1400; baseline 0.011 -26"><span class='ocrx_word' id='word_1_67' title='bbox 111 1311 234 1395; x_wconf 89' lang='lat' dir='ltr'><strong>monio,</strong></span> <span class='ocrx_word' id='word_1_68' title='bbox 262 1313 418 1380; x_wconf 84' lang='lat' dir='ltr'><strong>videlieet</strong></span> <span class='ocrx_word' id='word_1_69' title='bbox 443 1313 692 1398; x_wconf 78' lang='lat' dir='ltr'><strong>generationum</strong></span> <span class='ocrx_word' id='word_1_70' title='bbox 717 1313 880 1398; x_wconf 83' lang='lat' dir='ltr'><strong>Hermen,</strong></span> <span class='ocrx_word' id='word_1_71' title='bbox 904 1315 960 1400; x_wconf 92' lang='lat' dir='ltr'><strong>qui</strong></span> <span class='ocrx_word' id='word_1_72' title='bbox 985 1336 1026 1382; x_wconf 84' lang='lat' dir='ltr'><strong>ex</strong></span> <span class='ocrx_word' id='word_1_73' title='bbox 1051 1316 1232 1386; x_wconf 78' lang='lat' dir='ltr'><strong>donatione</strong></span> 
     </span>
     <span class='ocr_line' id='line_1_11' title="bbox 111 1417 1232 1510; baseline 0.009 -28"><span class='ocrx_word' id='word_1_74' title='bbox 111 1417 205 1500; x_wconf 81' lang='lat' dir='ltr'><strong>Regis</strong></span> <span class='ocrx_word' id='word_1_75' title='bbox 220 1425 343 1486; x_wconf 88' lang='lat' dir='ltr'><strong>terram</strong></span> <span class='ocrx_word' id='word_1_76' title='bbox 360 1420 523 1488; x_wconf 85' lang='lat' dir='ltr'><strong>Ourmend</strong></span> <span class='ocrx_word' id='word_1_77' title='bbox 548 1427 580 1486; x_wconf 90' lang='lat' dir='ltr'><strong>et</strong></span> <span class='ocrx_word' id='word_1_78' title='bbox 595 1420 708 1506; x_wconf 80' lang='lat' dir='ltr'><strong>Lapsa</strong></span> <span class='ocrx_word' id='word_1_79' title='bbox 723 1421 756 1486; x_wconf 91' lang='lat' dir='ltr'><strong>in</strong></span> <span class='ocrx_word' id='word_1_80' title='bbox 773 1420 991 1507; x_wconf 77' lang='lat' dir='ltr'><strong>perpetuitate</strong></span> <span class='ocrx_word' id='word_1_81' title='bbox 1009 1425 1232 1510; x_wconf 85' lang='lat' dir='ltr'><strong>possidebant,</strong></span> 
     </span>
    </p>
   </div>
   <div class='ocr_carea' id='block_1_5' title="bbox 14 1526 1234 1613">
    <p class='ocr_par' dir='ltr' id='par_1_5' title="bbox 14 1526 1234 1613">
     <span class='ocr_line' id='line_1_12' title="bbox 14 1526 1234 1613; baseline 0.007 -22"><span class='ocrx_word' id='word_1_82' title='bbox 14 1534 17 1567; x_wconf 61' lang='lat' dir='ltr'><em>s</em></span> <span class='ocrx_word' id='word_1_83' title='bbox 111 1526 353 1612; x_wconf 78' lang='lat' dir='ltr'><strong>comprobauit5</strong></span> <span class='ocrx_word' id='word_1_84' title='bbox 386 1527 578 1612; x_wconf 80' lang='lat' dir='ltr'><strong>quinorum</strong></span> <span class='ocrx_word' id='word_1_85' title='bbox 602 1527 696 1594; x_wconf 92' lang='lat' dir='ltr'><strong>nobis</strong></span> <span class='ocrx_word' id='word_1_86' title='bbox 720 1529 939 1613; x_wconf 87' lang='lat' dir='ltr'><strong>personaliter</strong></span> <span class='ocrx_word' id='word_1_87' title='bbox 967 1531 1132 1598; x_wconf 83' lang='lat' dir='ltr'><strong>constituti</strong></span> <span class='ocrx_word' id='word_1_88' title='bbox 1156 1532 1234 1599; x_wconf 89' lang='lat' dir='ltr'><strong>uiua</strong></span> 
     </span>
    </p>
   </div>
   <div class='ocr_carea' id='block_1_6' title="bbox 13 1633 1237 1939">
    <p class='ocr_par' dir='ltr' id='par_1_6' title="bbox 13 1633 1237 1939">
     <span class='ocr_line' id='line_1_13' title="bbox 14 1633 1232 1728; baseline 0.003 -26"><span class='ocrx_word' id='word_1_89' title='bbox 14 1666 16 1702; x_wconf 60' lang='grc' dir='ltr'>ι</span> <span class='ocrx_word' id='word_1_90' title='bbox 110 1651 187 1700; x_wconf 88' lang='lat' dir='ltr'><strong>uoee</strong></span> <span class='ocrx_word' id='word_1_91' title='bbox 212 1633 380 1721; x_wconf 84' lang='lat' dir='ltr'><strong>dixerunt,</strong></span> <span class='ocrx_word' id='word_1_92' title='bbox 407 1636 496 1720; x_wconf 91' lang='lat' dir='ltr'><strong>quod</strong></span> <span class='ocrx_word' id='word_1_93' title='bbox 520 1655 590 1704; x_wconf 90' lang='lat' dir='ltr'><strong>eum</strong></span> <span class='ocrx_word' id='word_1_94' title='bbox 607 1635 672 1723; x_wconf 89' lang='lat' dir='ltr'><strong>ipsi</strong></span> <span class='ocrx_word' id='word_1_95' title='bbox 699 1643 818 1702; x_wconf 89' lang='lat' dir='ltr'><strong>terram</strong></span> <span class='ocrx_word' id='word_1_96' title='bbox 834 1636 996 1703; x_wconf 78' lang='lat' dir='ltr'><strong>Gurmeud</strong></span> <span class='ocrx_word' id='word_1_97' title='bbox 1020 1643 1053 1705; x_wconf 88' lang='lat' dir='ltr'><strong>et</strong></span> <span class='ocrx_word' id='word_1_98' title='bbox 1067 1640 1180 1728; x_wconf 81' lang='lat' dir='ltr'><strong>Lapsa</strong></span> <span class='ocrx_word' id='word_1_99' title='bbox 1198 1639 1232 1706; x_wconf 92' lang='lat' dir='ltr'><strong>in</strong></span> 
     </span>
     <span class='ocr_line' id='line_1_14' title="bbox 13 1739 1235 1832; baseline 0.008 -28"><span class='ocrx_word' id='word_1_100' title='bbox 13 1796 15 1831; x_wconf 47' lang='lat'>3</span> <span class='ocrx_word' id='word_1_101' title='bbox 113 1739 289 1809; x_wconf 83' lang='lat' dir='ltr'><strong>donacione</strong></span> <span class='ocrx_word' id='word_1_102' title='bbox 313 1745 566 1829; x_wconf 88' lang='lat' dir='ltr'><strong>perpetuitatum</strong></span> <span class='ocrx_word' id='word_1_103' title='bbox 591 1742 816 1830; x_wconf 88' lang='lat' dir='ltr'><strong>detinuissent,</strong></span> <span class='ocrx_word' id='word_1_104' title='bbox 834 1764 893 1830; x_wconf 91' lang='lat' dir='ltr'><strong>per</strong></span> <span class='ocrx_word' id='word_1_105' title='bbox 908 1751 1022 1830; x_wconf 90' lang='lat' dir='ltr'><strong>metas,</strong></span> <span class='ocrx_word' id='word_1_106' title='bbox 1048 1767 1130 1832; x_wconf 87' lang='lat' dir='ltr'><strong>quas</strong></span> <span class='ocrx_word' id='word_1_107' title='bbox 1146 1749 1235 1816; x_wconf 80' lang='lat' dir='ltr'><strong>Bura</strong></span> 
     </span>
     <span class='ocr_line' id='line_1_15' title="bbox 113 1849 1237 1939; baseline 0.011 -26"><span class='ocrx_word' id='word_1_108' title='bbox 113 1849 358 1935; x_wconf 86' lang='lat' dir='ltr'><strong>demonstrauit,</strong></span> <span class='ocrx_word' id='word_1_109' title='bbox 384 1853 533 1939; x_wconf 85' lang='lat' dir='ltr'><strong>prefatas</strong></span> <span class='ocrx_word' id='word_1_110' title='bbox 548 1862 653 1920; x_wconf 90' lang='lat' dir='ltr'><strong>terras</strong></span> <span class='ocrx_word' id='word_1_111' title='bbox 670 1851 842 1920; x_wconf 87' lang='lat' dir='ltr'><strong>distinctas</strong></span> <span class='ocrx_word' id='word_1_112' title='bbox 858 1873 879 1919; x_wconf 92' lang='lat' dir='ltr'><strong>a</strong></span> <span class='ocrx_word' id='word_1_113' title='bbox 894 1859 983 1920; x_wconf 90' lang='lat' dir='ltr'><strong>terra</strong></span> <span class='ocrx_word' id='word_1_114' title='bbox 997 1853 1087 1920; x_wconf 85' lang='lat' dir='ltr'><strong>Bnna</strong></span> <span class='ocrx_word' id='word_1_115' title='bbox 1106 1856 1237 1924; x_wconf 92' lang='lat' dir='ltr'><strong>habuis-</strong></span> 
     </span>
    </p>
   </div>
   <div class='ocr_carea' id='block_1_7' title="bbox 14 1960 1237 2045">
    <p class='ocr_par' dir='ltr' id='par_1_7' title="bbox 14 1960 1237 2045">
     <span class='ocr_line' id='line_1_16' title="bbox 14 1960 1237 2045; baseline 0.008 -22"><span class='ocrx_word' id='word_1_116' title='bbox 14 1973 17 2045; x_wconf 74' lang='lat' dir='ltr'><strong>t,</strong></span> <span class='ocrx_word' id='word_1_117' title='bbox 115 1967 192 2025; x_wconf 88' lang='lat' dir='ltr'><strong>sent.</strong></span> <span class='ocrx_word' id='word_1_118' title='bbox 209 1960 281 2028; x_wconf 84' lang='lat' dir='ltr'><strong>Nos</strong></span> <span class='ocrx_word' id='word_1_119' title='bbox 297 1969 408 2028; x_wconf 88' lang='lat' dir='ltr'><strong>autem</strong></span> <span class='ocrx_word' id='word_1_120' title='bbox 433 1961 702 2044; x_wconf 89' lang='lat' dir='ltr'><strong>adiudieauimus,</strong></span> <span class='ocrx_word' id='word_1_121' title='bbox 724 1968 759 2028; x_wconf 93' lang='lat' dir='ltr'><strong>ut</strong></span> <span class='ocrx_word' id='word_1_122' title='bbox 775 1960 1017 2044; x_wconf 89' lang='lat' dir='ltr'><strong>quatuordeeim</strong></span> <span class='ocrx_word' id='word_1_123' title='bbox 1033 1962 1179 2033; x_wconf 89' lang='lat' dir='ltr'><strong>homines</strong></span> <span class='ocrx_word' id='word_1_124' title='bbox 1194 1965 1237 2032; x_wconf 89' lang='lat' dir='ltr'><strong>de</strong></span> 
     </span>
    </p>
   </div>
   <div class='ocr_carea' id='block_1_8' title="bbox 15 2065 1242 2798">
    <p class='ocr_par' dir='ltr' id='par_1_8' title="bbox 15 2065 1242 2798">
     <span class='ocr_line' id='line_1_17' title="bbox 114 2065 1238 2160; baseline 0.007 -28"><span class='ocrx_word' id='word_1_125' title='bbox 114 2066 241 2134; x_wconf 87' lang='lat' dir='ltr'><strong>tistibns</strong></span> <span class='ocrx_word' id='word_1_126' title='bbox 268 2065 355 2154; x_wconf 82' lang='lat' dir='ltr'><strong>(tgy)</strong></span> <span class='ocrx_word' id='word_1_127' title='bbox 371 2070 462 2137; x_wconf 82' lang='lat' dir='ltr'><strong>Bura</strong></span> <span class='ocrx_word' id='word_1_128' title='bbox 477 2088 536 2156; x_wconf 89' lang='lat' dir='ltr'><strong>per</strong></span> <span class='ocrx_word' id='word_1_129' title='bbox 560 2069 700 2154; x_wconf 89' lang='lat' dir='ltr'><strong>populos</strong></span> <span class='ocrx_word' id='word_1_130' title='bbox 726 2068 766 2133; x_wconf 90' lang='lat' dir='ltr'><strong>de</strong></span> <span class='ocrx_word' id='word_1_131' title='bbox 790 2067 871 2135; x_wconf 91' lang='lat' dir='ltr'><strong>uilla</strong></span> <span class='ocrx_word' id='word_1_132' title='bbox 887 2069 1049 2138; x_wconf 84' lang='lat' dir='ltr'><strong>Curmend</strong></span> <span class='ocrx_word' id='word_1_133' title='bbox 1074 2072 1180 2160; x_wconf 91' lang='lat' dir='ltr'><strong>eleeti,</strong></span> <span class='ocrx_word' id='word_1_134' title='bbox 1205 2080 1238 2140; x_wconf 90' lang='lat' dir='ltr'><strong>et</strong></span> 
     </span>
     <span class='ocr_line' id='line_1_18' title="bbox 16 2173 1238 2269; baseline 0.007 -31"><span class='ocrx_word' id='word_1_135' title='bbox 16 2258 17 2269; x_wconf 9' lang='grc' dir='ltr'>ἵ</span> <span class='ocrx_word' id='word_1_136' title='bbox 116 2173 202 2240; x_wconf 88' lang='lat' dir='ltr'><strong>ana</strong></span> <span class='ocrx_word' id='word_1_137' title='bbox 219 2174 411 2242; x_wconf 81' lang='lat' dir='ltr'><strong>cumfratre</strong></span> <span class='ocrx_word' id='word_1_138' title='bbox 436 2196 496 2243; x_wconf 92' lang='lat' dir='ltr'><strong>suo</strong></span> <span class='ocrx_word' id='word_1_139' title='bbox 512 2175 699 2242; x_wconf 85' lang='lat' dir='ltr'><strong>Alexandro</strong></span> <span class='ocrx_word' id='word_1_140' title='bbox 717 2195 815 2263; x_wconf 90' lang='lat' dir='ltr'><strong>super</strong></span> <span class='ocrx_word' id='word_1_141' title='bbox 830 2175 967 2244; x_wconf 87' lang='lat' dir='ltr'><strong>eandem</strong></span> <span class='ocrx_word' id='word_1_142' title='bbox 989 2183 1110 2246; x_wconf 90' lang='lat' dir='ltr'><strong>terram</strong></span> <span class='ocrx_word' id='word_1_143' title='bbox 1133 2200 1238 2247; x_wconf 90' lang='lat' dir='ltr'><strong>saera·</strong></span> 
     </span>
     <span class='ocr_line' id='line_1_19' title="bbox 117 2285 1240 2372; baseline 0.005 -26"><span class='ocrx_word' id='word_1_144' title='bbox 117 2289 258 2349; x_wconf 90' lang='lat' dir='ltr'><strong>mentum</strong></span> <span class='ocrx_word' id='word_1_145' title='bbox 276 2290 470 2366; x_wconf 86' lang='lat' dir='ltr'><strong>prestarent.</strong></span> <span class='ocrx_word' id='word_1_146' title='bbox 497 2285 537 2350; x_wconf 82' lang='lat' dir='ltr'><strong>Et</strong></span> <span class='ocrx_word' id='word_1_147' title='bbox 553 2285 608 2351; x_wconf 90' lang='lat' dir='ltr'><strong>isti</strong></span> <span class='ocrx_word' id='word_1_148' title='bbox 632 2290 708 2352; x_wconf 92' lang='lat' dir='ltr'><strong>sunt</strong></span> <span class='ocrx_word' id='word_1_149' title='bbox 731 2289 832 2352; x_wconf 87' lang='lat' dir='ltr'><strong>testes</strong></span> <span class='ocrx_word' id='word_1_150' title='bbox 848 2304 907 2370; x_wconf 90' lang='lat' dir='ltr'><strong>per</strong></span> <span class='ocrx_word' id='word_1_151' title='bbox 931 2286 1069 2372; x_wconf 92' lang='lat' dir='ltr'><strong>populos</strong></span> <span class='ocrx_word' id='word_1_152' title='bbox 1094 2287 1135 2354; x_wconf 89' lang='lat' dir='ltr'><strong>de</strong></span> <span class='ocrx_word' id='word_1_153' title='bbox 1160 2288 1240 2353; x_wconf 88' lang='lat' dir='ltr'><strong>uilla</strong></span> 
     </span>
     <span class='ocr_line' id='line_1_20' title="bbox 15 2381 1240 2480; baseline 0.005 -28"><span class='ocrx_word' id='word_1_154' title='bbox 15 2381 16 2403; x_wconf 64' lang='lat'>¹</span> <span class='ocrx_word' id='word_1_155' title='bbox 117 2387 279 2456; x_wconf 85' lang='lat' dir='ltr'><strong>Carmend</strong></span> <span class='ocrx_word' id='word_1_156' title='bbox 294 2391 338 2457; x_wconf 88' lang='lat' dir='ltr'><strong>ad</strong></span> <span class='ocrx_word' id='word_1_157' title='bbox 354 2389 566 2478; x_wconf 88' lang='lat' dir='ltr'><strong>prestandum</strong></span> <span class='ocrx_word' id='word_1_158' title='bbox 592 2397 830 2459; x_wconf 82' lang='lat' dir='ltr'><strong>sacramentum</strong></span> <span class='ocrx_word' id='word_1_159' title='bbox 848 2391 963 2458; x_wconf 88' lang='lat' dir='ltr'><strong>eleoti:</strong></span> <span class='ocrx_word' id='word_1_160' title='bbox 989 2393 1109 2480; x_wconf 82' lang='lat' dir='ltr'><strong>Endre,</strong></span> <span class='ocrx_word' id='word_1_161' title='bbox 1125 2397 1240 2480; x_wconf 78' lang='lat' dir='ltr'><strong>Tyma,</strong></span> 
     </span>
     <span class='ocr_line' id='line_1_21' title="bbox 118 2496 1241 2585; baseline 0.004 -23"><span class='ocrx_word' id='word_1_162' title='bbox 118 2496 177 2562; x_wconf 85' lang='lat' dir='ltr'><strong>Bet</strong></span> <span class='ocrx_word' id='word_1_163' title='bbox 192 2498 367 2584; x_wconf 84' lang='lat' dir='ltr'><strong>degenere</strong></span> <span class='ocrx_word' id='word_1_164' title='bbox 383 2500 539 2583; x_wconf 85' lang='lat' dir='ltr'><strong>Hermon,</strong></span> <span class='ocrx_word' id='word_1_165' title='bbox 556 2501 680 2585; x_wconf 87' lang='lat' dir='ltr'><strong>Moysa,</strong></span> <span class='ocrx_word' id='word_1_166' title='bbox 704 2498 905 2565; x_wconf 77' lang='lat' dir='ltr'><strong>Laurentius</strong></span> <span class='ocrx_word' id='word_1_167' title='bbox 922 2498 963 2564; x_wconf 90' lang='lat' dir='ltr'><strong>de</strong></span> <span class='ocrx_word' id='word_1_168' title='bbox 978 2517 1096 2584; x_wconf 82' lang='lat' dir='ltr'><strong>genere</strong></span> <span class='ocrx_word' id='word_1_169' title='bbox 1111 2501 1241 2568; x_wconf 84' lang='lat' dir='ltr'><strong>Martini</strong></span> 
     </span>
     <span class='ocr_line' id='line_1_22' title="bbox 119 2603 1242 2691; baseline 0.004 -21"><span class='ocrx_word' id='word_1_170' title='bbox 119 2603 265 2688; x_wconf 82' lang='lat' dir='ltr'><strong>Comitis,</strong></span> <span class='ocrx_word' id='word_1_171' title='bbox 281 2605 403 2672; x_wconf 81' lang='lat' dir='ltr'><strong>Stefku</strong></span> <span class='ocrx_word' id='word_1_172' title='bbox 419 2605 504 2671; x_wconf 86' lang='lat' dir='ltr'><strong>filius</strong></span> <span class='ocrx_word' id='word_1_173' title='bbox 515 2605 685 2691; x_wconf 85' lang='lat' dir='ltr'><strong>Stephani,</strong></span> <span class='ocrx_word' id='word_1_174' title='bbox 701 2605 772 2691; x_wconf 89' lang='lat' dir='ltr'><strong>ipse</strong></span> <span class='ocrx_word' id='word_1_175' title='bbox 787 2605 873 2672; x_wconf 89' lang='lat' dir='ltr'><strong>idem</strong></span> <span class='ocrx_word' id='word_1_176' title='bbox 883 2605 972 2672; x_wconf 88' lang='lat' dir='ltr'><strong>Buza</strong></span> <span class='ocrx_word' id='word_1_177' title='bbox 985 2625 1057 2672; x_wconf 88' lang='lat' dir='ltr'><strong>eum</strong></span> <span class='ocrx_word' id='word_1_178' title='bbox 1067 2606 1166 2675; x_wconf 81' lang='lat' dir='ltr'><strong>fratre</strong></span> <span class='ocrx_word' id='word_1_179' title='bbox 1183 2629 1242 2675; x_wconf 91' lang='lat' dir='ltr'><strong>suo</strong></span> 
     </span>
     <span class='ocr_line' id='line_1_23' title="bbox 116 2711 1241 2798; baseline 0.006 -22"><span class='ocrx_word' id='word_1_180' title='bbox 116 2711 325 2798; x_wconf 77' lang='lat' dir='ltr'><strong>Alexandr05</strong></span> <span class='ocrx_word' id='word_1_181' title='bbox 353 2733 466 2780; x_wconf 89' lang='lat' dir='ltr'><strong>omnes</strong></span> <span class='ocrx_word' id='word_1_182' title='bbox 482 2713 537 2779; x_wconf 93' lang='lat' dir='ltr'><strong>isti</strong></span> <span class='ocrx_word' id='word_1_183' title='bbox 562 2713 688 2779; x_wconf 91' lang='lat' dir='ltr'><strong>nobiles</strong></span> <span class='ocrx_word' id='word_1_184' title='bbox 703 2717 798 2798; x_wconf 89' lang='lat' dir='ltr'><strong>suut;</strong></span> <span class='ocrx_word' id='word_1_185' title='bbox 825 2711 948 2798; x_wconf 77' lang='lat' dir='ltr'><strong>Gener,</strong></span> <span class='ocrx_word' id='word_1_186' title='bbox 966 2713 1062 2780; x_wconf 90' lang='lat' dir='ltr'><strong>Wota</strong></span> <span class='ocrx_word' id='word_1_187' title='bbox 1087 2733 1160 2782; x_wconf 87' lang='lat' dir='ltr'><strong>eum</strong></span> <span class='ocrx_word' id='word_1_188' title='bbox 1176 2717 1241 2784; x_wconf 88' lang='lat' dir='ltr'><strong>filio</strong></span> 
     </span>
    </p>
   </div>
   <div class='ocr_carea' id='block_1_9' title="bbox 11 2819 1251 3018">
    <p class='ocr_par' dir='ltr' id='par_1_9' title="bbox 11 2819 1251 3018">
     <span class='ocr_line' id='line_1_24' title="bbox 13 2819 1245 2907; baseline 0.006 -24"><span class='ocrx_word' id='word_1_189' title='bbox 13 2898 14 2906; x_wconf 8' lang='grc' dir='ltr'>ἵ</span> <span class='ocrx_word' id='word_1_190' title='bbox 117 2839 177 2885; x_wconf 88' lang='lat' dir='ltr'><strong>suo</strong></span> <span class='ocrx_word' id='word_1_191' title='bbox 205 2820 361 2904; x_wconf 82' lang='lat' dir='ltr'><strong>Georgia,</strong></span> <span class='ocrx_word' id='word_1_192' title='bbox 378 2819 498 2907; x_wconf 79' lang='lat' dir='ltr'><strong>Choba,</strong></span> <span class='ocrx_word' id='word_1_193' title='bbox 523 2821 654 2905; x_wconf 80' lang='lat' dir='ltr'><strong>Tomas,</strong></span> <span class='ocrx_word' id='word_1_194' title='bbox 682 2821 768 2894; x_wconf 90' lang='lat' dir='ltr'><strong>Pous</strong></span> <span class='ocrx_word' id='word_1_195' title='bbox 783 2820 870 2887; x_wconf 88' lang='lat' dir='ltr'><strong>filius</strong></span> <span class='ocrx_word' id='word_1_196' title='bbox 895 2819 1032 2904; x_wconf 82' lang='lat' dir='ltr'><strong>Chanar,</strong></span> <span class='ocrx_word' id='word_1_197' title='bbox 1059 2821 1139 2907; x_wconf 84' lang='lat' dir='ltr'><strong>Siga</strong></span> <span class='ocrx_word' id='word_1_198' title='bbox 1159 2825 1245 2891; x_wconf 88' lang='lat' dir='ltr'><strong>filius</strong></span> 
     </span>
     <span class='ocr_line' id='line_1_25' title="bbox 11 2927 1251 3018; baseline 0.007 -27"><span class='ocrx_word' id='word_1_199' title='bbox 11 2995 12 3007; x_wconf 15' lang='grc' dir='ltr'>ἢ</span> <span class='ocrx_word' id='word_1_200' title='bbox 116 2927 251 3012; x_wconf 80' lang='lat' dir='ltr'><strong>Varda3</strong></span> <span class='ocrx_word' id='word_1_201' title='bbox 277 2949 391 2996; x_wconf 90' lang='lat' dir='ltr'><strong>omnes</strong></span> <span class='ocrx_word' id='word_1_202' title='bbox 408 2929 463 2995; x_wconf 92' lang='lat' dir='ltr'><strong>isti</strong></span> <span class='ocrx_word' id='word_1_203' title='bbox 487 2931 691 3014; x_wconf 76' lang='lat' dir='ltr'><strong>yobagiones</strong></span> <span class='ocrx_word' id='word_1_204' title='bbox 707 2928 816 2996; x_wconf 82' lang='lat' dir='ltr'><strong>Castri</strong></span> <span class='ocrx_word' id='word_1_205' title='bbox 832 2928 962 3014; x_wconf 78' lang='lat' dir='ltr'><strong>Ferrei5</strong></span> <span class='ocrx_word' id='word_1_206' title='bbox 981 2930 1119 2998; x_wconf 88' lang='lat' dir='ltr'><strong>Mutmer</strong></span> <span class='ocrx_word' id='word_1_207' title='bbox 1134 2951 1251 3018; x_wconf 70' lang='lat' dir='ltr'><strong>speon</strong></span> 
     </span>
    </p>
   </div>
   <div class='ocr_carea' id='block_1_10' title="bbox 115 3035 1247 3122">
    <p class='ocr_par' dir='ltr' id='par_1_10' title="bbox 115 3035 1247 3122">
     <span class='ocr_line' id='line_1_26' title="bbox 115 3035 1247 3122; baseline 0.006 -21"><span class='ocrx_word' id='word_1_208' title='bbox 115 3036 204 3103; x_wconf 86' lang='lat' dir='ltr'><strong>lator</strong></span> <span class='ocrx_word' id='word_1_209' title='bbox 231 3035 341 3102; x_wconf 73' lang='lat' dir='ltr'><strong>(tastri</strong></span> <span class='ocrx_word' id='word_1_210' title='bbox 365 3035 486 3104; x_wconf 82' lang='lat' dir='ltr'><strong>Ferrei.</strong></span> <span class='ocrx_word' id='word_1_211' title='bbox 512 3037 632 3104; x_wconf 87' lang='lat' dir='ltr'><strong>Omnes</strong></span> <span class='ocrx_word' id='word_1_212' title='bbox 651 3037 707 3103; x_wconf 90' lang='lat' dir='ltr'><strong>isti</strong></span> <span class='ocrx_word' id='word_1_213' title='bbox 732 3037 785 3102; x_wconf 88' lang='lat' dir='ltr'><strong>die</strong></span> <span class='ocrx_word' id='word_1_214' title='bbox 811 3037 1026 3122; x_wconf 89' lang='lat' dir='ltr'><strong>prestaoiunis</strong></span> <span class='ocrx_word' id='word_1_215' title='bbox 1051 3042 1247 3108; x_wconf 81' lang='lat' dir='ltr'><strong>sacramenti</strong></span> 
     </span>
    </p>
   </div>
   <div class='ocr_carea' id='block_1_11' title="bbox 11 3144 1248 3234">
    <p class='ocr_par' dir='ltr' id='par_1_11' title="bbox 11 3144 1248 3234">
     <span class='ocr_line' id='line_1_27' title="bbox 11 3144 1248 3234; baseline 0.006 -25"><span class='ocrx_word' id='word_1_216' title='bbox 11 3147 12 3191; x_wconf 49' lang='lat' dir='ltr'><strong>i</strong></span> <span class='ocrx_word' id='word_1_217' title='bbox 116 3145 291 3212; x_wconf 85' lang='lat' dir='ltr'><strong>mediante</strong></span> <span class='ocrx_word' id='word_1_218' title='bbox 308 3145 467 3230; x_wconf 89' lang='lat' dir='ltr'><strong>pristaldo</strong></span> <span class='ocrx_word' id='word_1_219' title='bbox 484 3145 631 3212; x_wconf 82' lang='lat' dir='ltr'><strong>Fabiano</strong></span> <span class='ocrx_word' id='word_1_220' title='bbox 648 3145 789 3230; x_wconf 91' lang='lat' dir='ltr'><strong>nomine,</strong></span> <span class='ocrx_word' id='word_1_221' title='bbox 815 3145 856 3210; x_wconf 88' lang='lat' dir='ltr'><strong>de</strong></span> <span class='ocrx_word' id='word_1_222' title='bbox 870 3144 952 3210; x_wconf 91' lang='lat' dir='ltr'><strong>uilla</strong></span> <span class='ocrx_word' id='word_1_223' title='bbox 967 3146 1133 3231; x_wconf 82' lang='lat' dir='ltr'><strong>Fanehka,</strong></span> <span class='ocrx_word' id='word_1_224' title='bbox 1150 3168 1248 3234; x_wconf 89' lang='lat' dir='ltr'><strong>super</strong></span> 
     </span>
    </p>
   </div>
   <div class='ocr_carea' id='block_1_12' title="bbox 11 3247 1249 3795">
    <p class='ocr_par' dir='ltr' id='par_1_12' title="bbox 11 3247 1249 3795">
     <span class='ocr_line' id='line_1_28' title="bbox 11 3247 1249 3340; baseline 0.002 -23"><span class='ocrx_word' id='word_1_225' title='bbox 11 3247 12 3280; x_wconf 63' lang='lat'>¹</span> <span class='ocrx_word' id='word_1_226' title='bbox 114 3254 260 3320; x_wconf 88' lang='lat' dir='ltr'><strong>eandem</strong></span> <span class='ocrx_word' id='word_1_227' title='bbox 278 3260 399 3319; x_wconf 86' lang='lat' dir='ltr'><strong>terram</strong></span> <span class='ocrx_word' id='word_1_228' title='bbox 415 3259 640 3340; x_wconf 83' lang='lat' dir='ltr'><strong>comparentes</strong></span> <span class='ocrx_word' id='word_1_229' title='bbox 656 3259 893 3320; x_wconf 78' lang='lat' dir='ltr'><strong>sacramentum</strong></span> <span class='ocrx_word' id='word_1_230' title='bbox 906 3252 1126 3337; x_wconf 89' lang='lat' dir='ltr'><strong>prestiterunt.</strong></span> <span class='ocrx_word' id='word_1_231' title='bbox 1143 3255 1185 3318; x_wconf 83' lang='lat' dir='ltr'><strong>Et</strong></span> <span class='ocrx_word' id='word_1_232' title='bbox 1201 3255 1249 3320; x_wconf 90' lang='lat' dir='ltr'><strong>sie</strong></span> 
     </span>
     <span class='ocr_line' id='line_1_29' title="bbox 11 3361 1248 3450; baseline 0.001 -23"><span class='ocrx_word' id='word_1_233' title='bbox 11 3437 12 3450; x_wconf 14' lang='grc' dir='ltr'><strong>ἶ</strong></span> <span class='ocrx_word' id='word_1_234' title='bbox 113 3369 244 3428; x_wconf 90' lang='lat' dir='ltr'><strong>terram</strong></span> <span class='ocrx_word' id='word_1_235' title='bbox 260 3361 354 3426; x_wconf 93' lang='lat' dir='ltr'><strong>illam</strong></span> <span class='ocrx_word' id='word_1_236' title='bbox 370 3383 430 3429; x_wconf 92' lang='lat' dir='ltr'><strong>nos</strong></span> <span class='ocrx_word' id='word_1_237' title='bbox 448 3362 534 3428; x_wconf 86' lang='lat' dir='ltr'><strong>Buze</strong></span> <span class='ocrx_word' id='word_1_238' title='bbox 550 3370 582 3428; x_wconf 89' lang='lat' dir='ltr'><strong>et</strong></span> <span class='ocrx_word' id='word_1_239' title='bbox 597 3361 753 3428; x_wconf 84' lang='lat' dir='ltr'><strong>iratribus</strong></span> <span class='ocrx_word' id='word_1_240' title='bbox 769 3361 838 3428; x_wconf 90' lang='lat' dir='ltr'><strong>suis</strong></span> <span class='ocrx_word' id='word_1_241' title='bbox 853 3361 1045 3429; x_wconf 88' lang='lat' dir='ltr'><strong>statuimus:</strong></span> <span class='ocrx_word' id='word_1_242' title='bbox 1070 3361 1179 3430; x_wconf 90' lang='lat' dir='ltr'><strong>Prima</strong></span> <span class='ocrx_word' id='word_1_243' title='bbox 1193 3361 1248 3428; x_wconf 92' lang='lat' dir='ltr'><strong>hu-</strong></span> 
     </span>
     <span class='ocr_line' id='line_1_30' title="bbox 11 3453 1249 3556; baseline 0.002 -22"><span class='ocrx_word' id='word_1_244' title='bbox 11 3453 12 3462; x_wconf 34' lang='lat'><em>*</em></span> <span class='ocrx_word' id='word_1_245' title='bbox 112 3469 165 3537; x_wconf 88' lang='lat' dir='ltr'><strong>ius</strong></span> <span class='ocrx_word' id='word_1_246' title='bbox 184 3479 276 3536; x_wconf 87' lang='lat' dir='ltr'><strong>terre</strong></span> <span class='ocrx_word' id='word_1_247' title='bbox 292 3476 381 3535; x_wconf 87' lang='lat' dir='ltr'><strong>meta</strong></span> <span class='ocrx_word' id='word_1_248' title='bbox 398 3469 511 3556; x_wconf 91' lang='lat' dir='ltr'><strong>ineipit</strong></span> <span class='ocrx_word' id='word_1_249' title='bbox 527 3469 567 3536; x_wconf 88' lang='lat' dir='ltr'><strong>de</strong></span> <span class='ocrx_word' id='word_1_250' title='bbox 586 3469 707 3554; x_wconf 82' lang='lat' dir='ltr'><strong>angulo</strong></span> <span class='ocrx_word' id='word_1_251' title='bbox 725 3467 820 3536; x_wconf 80' lang='lat' dir='ltr'><strong>(iuda</strong></span> <span class='ocrx_word' id='word_1_252' title='bbox 835 3468 936 3552; x_wconf 89' lang='lat' dir='ltr'><strong>rehte,</strong></span> <span class='ocrx_word' id='word_1_253' title='bbox 956 3473 988 3534; x_wconf 89' lang='lat' dir='ltr'><strong>et</strong></span> <span class='ocrx_word' id='word_1_254' title='bbox 1004 3467 1141 3536; x_wconf 89' lang='lat' dir='ltr'><strong>tendens</strong></span> <span class='ocrx_word' id='word_1_255' title='bbox 1156 3489 1249 3556; x_wconf 89' lang='lat' dir='ltr'><strong>supe·</strong></span> 
     </span>
     <span class='ocr_line' id='line_1_31' title="bbox 111 3573 1248 3663; baseline 0.002 -20"><span class='ocrx_word' id='word_1_256' title='bbox 111 3579 182 3643; x_wconf 85' lang='lat' dir='ltr'><strong>rins</strong></span> <span class='ocrx_word' id='word_1_257' title='bbox 203 3577 300 3643; x_wconf 91' lang='lat' dir='ltr'><strong>uadit</strong></span> <span class='ocrx_word' id='word_1_258' title='bbox 325 3574 369 3643; x_wconf 89' lang='lat' dir='ltr'><strong>ad</strong></span> <span class='ocrx_word' id='word_1_259' title='bbox 385 3597 538 3662; x_wconf 85' lang='lat' dir='ltr'><strong>magnam</strong></span> <span class='ocrx_word' id='word_1_260' title='bbox 555 3578 653 3660; x_wconf 90' lang='lat' dir='ltr'><strong>uiam,</strong></span> <span class='ocrx_word' id='word_1_261' title='bbox 679 3596 738 3663; x_wconf 89' lang='lat' dir='ltr'><strong>per</strong></span> <span class='ocrx_word' id='word_1_262' title='bbox 754 3595 851 3659; x_wconf 91' lang='lat' dir='ltr'><strong>quam</strong></span> <span class='ocrx_word' id='word_1_263' title='bbox 867 3575 908 3641; x_wconf 91' lang='lat' dir='ltr'><strong>de</strong></span> <span class='ocrx_word' id='word_1_264' title='bbox 924 3576 1044 3642; x_wconf 81' lang='lat' dir='ltr'><strong>Ferreo</strong></span> <span class='ocrx_word' id='word_1_265' title='bbox 1062 3573 1178 3645; x_wconf 81' lang='lat' dir='ltr'><strong>Castro</strong></span> <span class='ocrx_word' id='word_1_266' title='bbox 1194 3597 1248 3644; x_wconf 91' lang='lat' dir='ltr'><strong>ua·</strong></span> 
     </span>
     <span class='ocr_line' id='line_1_32' title="bbox 11 3683 1249 3795; baseline -0.005 -42"><span class='ocrx_word' id='word_1_267' title='bbox 11 3765 13 3795; x_wconf 35' lang='lat'>&gt;</span> <span class='ocrx_word' id='word_1_268' title='bbox 112 3687 198 3753; x_wconf 91' lang='lat' dir='ltr'><strong>dunt</strong></span> <span class='ocrx_word' id='word_1_269' title='bbox 218 3687 265 3752; x_wconf 89' lang='lat' dir='ltr'><strong>ad</strong></span> <span class='ocrx_word' id='word_1_270' title='bbox 275 3685 512 3771; x_wconf 65' lang='lat' dir='ltr'><strong>teuthoniam,</strong></span> <span class='ocrx_word' id='word_1_271' title='bbox 534 3683 654 3752; x_wconf 86' lang='lat' dir='ltr'><strong>deinde</strong></span> <span class='ocrx_word' id='word_1_272' title='bbox 664 3685 800 3751; x_wconf 90' lang='lat' dir='ltr'><strong>tendens</strong></span> <span class='ocrx_word' id='word_1_273' title='bbox 817 3683 907 3750; x_wconf 89' lang='lat' dir='ltr'><strong>uadit</strong></span> <span class='ocrx_word' id='word_1_274' title='bbox 922 3683 965 3750; x_wconf 88' lang='lat' dir='ltr'><strong>ad</strong></span> <span class='ocrx_word' id='word_1_275' title='bbox 976 3685 1072 3750; x_wconf 88' lang='lat' dir='ltr'><strong>finem</strong></span> <span class='ocrx_word' id='word_1_276' title='bbox 1082 3684 1249 3768; x_wconf 85' lang='lat' dir='ltr'><strong>Rakatya;</strong></span> 
     </span>
    </p>
   </div>
   <div class='ocr_carea' id='block_1_13' title="bbox 12 3791 1258 3880">
    <p class='ocr_par' dir='ltr' id='par_1_13' title="bbox 12 3791 1258 3880">
     <span class='ocr_line' id='line_1_33' title="bbox 12 3791 1258 3880; baseline -0.006 -18"><span class='ocrx_word' id='word_1_277' title='bbox 12 3795 13 3833; x_wconf 61' lang='lat'><strong>³</strong></span> <span class='ocrx_word' id='word_1_278' title='bbox 111 3795 245 3862; x_wconf 84' lang='lat' dir='ltr'><strong>deinde</strong></span> <span class='ocrx_word' id='word_1_279' title='bbox 263 3791 308 3859; x_wconf 88' lang='lat' dir='ltr'><strong>ad</strong></span> <span class='ocrx_word' id='word_1_280' title='bbox 332 3792 482 3860; x_wconf 89' lang='lat' dir='ltr'><strong>arborem</strong></span> <span class='ocrx_word' id='word_1_281' title='bbox 499 3793 561 3880; x_wconf 88' lang='lat' dir='ltr'><strong>piri</strong></span> <span class='ocrx_word' id='word_1_282' title='bbox 577 3813 677 3880; x_wconf 89' lang='lat' dir='ltr'><strong>prope</strong></span> <span class='ocrx_word' id='word_1_283' title='bbox 702 3792 809 3878; x_wconf 89' lang='lat' dir='ltr'><strong>ipsam</strong></span> <span class='ocrx_word' id='word_1_284' title='bbox 825 3791 984 3875; x_wconf 83' lang='lat' dir='ltr'><strong>arborem,</strong></span> <span class='ocrx_word' id='word_1_285' title='bbox 1011 3791 1125 3859; x_wconf 87' lang='lat' dir='ltr'><strong>arbore</strong></span> <span class='ocrx_word' id='word_1_286' title='bbox 1144 3797 1258 3856; x_wconf 86' lang='lat' dir='ltr'><strong>tamen</strong></span> 
     </span>
    </p>
   </div>
   <div class='ocr_carea' id='block_1_14' title="bbox 24 3897 1255 4636">
    <p class='ocr_par' dir='ltr' id='par_1_14' title="bbox 24 3897 1255 4636">
     <span class='ocr_line' id='line_1_34' title="bbox 110 3897 1254 3990; baseline -0.003 -22"><span class='ocrx_word' id='word_1_287' title='bbox 110 3901 257 3990; x_wconf 89' lang='lat' dir='ltr'><strong>populis</strong></span> <span class='ocrx_word' id='word_1_288' title='bbox 283 3901 325 3968; x_wconf 90' lang='lat' dir='ltr'><strong>de</strong></span> <span class='ocrx_word' id='word_1_289' title='bbox 342 3901 505 3968; x_wconf 82' lang='lat' dir='ltr'><strong>Curmend</strong></span> <span class='ocrx_word' id='word_1_290' title='bbox 521 3907 727 3986; x_wconf 75' lang='lat' dir='ltr'><strong>remanente,</strong></span> <span class='ocrx_word' id='word_1_291' title='bbox 753 3899 870 3968; x_wconf 90' lang='lat' dir='ltr'><strong>deinde</strong></span> <span class='ocrx_word' id='word_1_292' title='bbox 886 3918 945 3986; x_wconf 90' lang='lat' dir='ltr'><strong>per</strong></span> <span class='ocrx_word' id='word_1_293' title='bbox 962 3898 1084 3966; x_wconf 88' lang='lat' dir='ltr'><strong>Hurozt</strong></span> <span class='ocrx_word' id='word_1_294' title='bbox 1104 3897 1196 3964; x_wconf 91' lang='lat' dir='ltr'><strong>uadit</strong></span> <span class='ocrx_word' id='word_1_295' title='bbox 1211 3897 1254 3964; x_wconf 92' lang='lat' dir='ltr'><strong>ad</strong></span> 
     </span>
     <span class='ocr_line' id='line_1_35' title="bbox 111 4007 1254 4102; baseline -0.005 -22"><span class='ocrx_word' id='word_1_296' title='bbox 111 4029 280 4102; x_wconf 80' lang='lat' dir='ltr'><strong>magnam</strong></span> <span class='ocrx_word' id='word_1_297' title='bbox 309 4011 415 4095; x_wconf 90' lang='lat' dir='ltr'><strong>uiam,</strong></span> <span class='ocrx_word' id='word_1_298' title='bbox 448 4031 511 4095; x_wconf 84' lang='lat' dir='ltr'><strong>que</strong></span> <span class='ocrx_word' id='word_1_299' title='bbox 535 4011 626 4077; x_wconf 90' lang='lat' dir='ltr'><strong>uadit</strong></span> <span class='ocrx_word' id='word_1_300' title='bbox 650 4011 695 4077; x_wconf 91' lang='lat' dir='ltr'><strong>ad</strong></span> <span class='ocrx_word' id='word_1_301' title='bbox 719 4009 847 4078; x_wconf 87' lang='lat' dir='ltr'><strong>Nouum</strong></span> <span class='ocrx_word' id='word_1_302' title='bbox 873 4009 1023 4076; x_wconf 79' lang='lat' dir='ltr'><strong>Castrum</strong></span> <span class='ocrx_word' id='word_1_303' title='bbox 1050 4028 1108 4092; x_wconf 84' lang='lat' dir='ltr'><strong>per·</strong></span> <span class='ocrx_word' id='word_1_304' title='bbox 1142 4007 1254 4074; x_wconf 91' lang='lat' dir='ltr'><strong>uillam</strong></span> 
     </span>
     <span class='ocr_line' id='line_1_36' title="bbox 108 4114 1254 4210; baseline -0.007 -22"><span class='ocrx_word' id='word_1_305' title='bbox 108 4121 287 4210; x_wconf 78' lang='lat' dir='ltr'><strong>Stephani</strong></span> <span class='ocrx_word' id='word_1_306' title='bbox 304 4125 337 4184; x_wconf 90' lang='lat' dir='ltr'><strong>et</strong></span> <span class='ocrx_word' id='word_1_307' title='bbox 353 4120 476 4206; x_wconf 76' lang='lat' dir='ltr'><strong>Geloa5</strong></span> <span class='ocrx_word' id='word_1_308' title='bbox 502 4119 620 4186; x_wconf 88' lang='lat' dir='ltr'><strong>deinde</strong></span> <span class='ocrx_word' id='word_1_309' title='bbox 636 4119 680 4184; x_wconf 92' lang='lat' dir='ltr'><strong>ad</strong></span> <span class='ocrx_word' id='word_1_310' title='bbox 696 4120 826 4206; x_wconf 87' lang='lat' dir='ltr'><strong>planam</strong></span> <span class='ocrx_word' id='word_1_311' title='bbox 842 4126 973 4199; x_wconf 85' lang='lat' dir='ltr'><strong>terram,</strong></span> <span class='ocrx_word' id='word_1_312' title='bbox 991 4133 1053 4198; x_wconf 90' lang='lat' dir='ltr'><strong>que</strong></span> <span class='ocrx_word' id='word_1_313' title='bbox 1073 4114 1193 4201; x_wconf 85' lang='lat' dir='ltr'><strong>Purlog</strong></span> <span class='ocrx_word' id='word_1_314' title='bbox 1209 4115 1254 4181; x_wconf 89' lang='lat' dir='ltr'><strong>di-</strong></span> 
     </span>
     <span class='ocr_line' id='line_1_37' title="bbox 110 4221 1255 4316; baseline -0.007 -17"><span class='ocrx_word' id='word_1_315' title='bbox 110 4233 212 4316; x_wconf 89' lang='lat' dir='ltr'><strong>eitur,</strong></span> <span class='ocrx_word' id='word_1_316' title='bbox 244 4232 281 4292; x_wconf 89' lang='lat' dir='ltr'><strong>et</strong></span> <span class='ocrx_word' id='word_1_317' title='bbox 298 4227 332 4292; x_wconf 92' lang='lat' dir='ltr'><strong>in</strong></span> <span class='ocrx_word' id='word_1_318' title='bbox 348 4228 455 4296; x_wconf 88' lang='lat' dir='ltr'><strong>medio</strong></span> <span class='ocrx_word' id='word_1_319' title='bbox 473 4229 594 4314; x_wconf 82' lang='lat' dir='ltr'><strong>Purlog</strong></span> <span class='ocrx_word' id='word_1_320' title='bbox 617 4234 692 4294; x_wconf 91' lang='lat' dir='ltr'><strong>sunt</strong></span> <span class='ocrx_word' id='word_1_321' title='bbox 708 4235 811 4312; x_wconf 76' lang='lat' dir='ltr'><strong>mete,</strong></span> <span class='ocrx_word' id='word_1_322' title='bbox 839 4223 956 4291; x_wconf 89' lang='lat' dir='ltr'><strong>deinde</strong></span> <span class='ocrx_word' id='word_1_323' title='bbox 971 4221 1015 4288; x_wconf 89' lang='lat' dir='ltr'><strong>ad</strong></span> <span class='ocrx_word' id='word_1_324' title='bbox 1038 4242 1190 4308; x_wconf 84' lang='lat' dir='ltr'><strong>magnam</strong></span> <span class='ocrx_word' id='word_1_325' title='bbox 1207 4243 1255 4292; x_wconf 88' lang='lat' dir='ltr'><strong>ar-</strong></span> 
     </span>
     <span class='ocr_line' id='line_1_38' title="bbox 110 4332 1255 4422; baseline -0.01 -12"><span class='ocrx_word' id='word_1_326' title='bbox 110 4344 232 4410; x_wconf 90' lang='lat' dir='ltr'><strong>borem</strong></span> <span class='ocrx_word' id='word_1_327' title='bbox 255 4335 354 4418; x_wconf 84' lang='lat' dir='ltr'><strong>ilicis,</strong></span> <span class='ocrx_word' id='word_1_328' title='bbox 379 4355 443 4418; x_wconf 85' lang='lat' dir='ltr'><strong>que</strong></span> <span class='ocrx_word' id='word_1_329' title='bbox 468 4336 565 4420; x_wconf 86' lang='lat' dir='ltr'><strong>uulgo</strong></span> <span class='ocrx_word' id='word_1_330' title='bbox 586 4336 655 4422; x_wconf 70' lang='lat' dir='ltr'><strong>tuly</strong></span> <span class='ocrx_word' id='word_1_331' title='bbox 670 4343 813 4420; x_wconf 78' lang='lat' dir='ltr'><strong>uocatur,</strong></span> <span class='ocrx_word' id='word_1_332' title='bbox 831 4340 863 4399; x_wconf 81' lang='lat' dir='ltr'><strong>et</strong></span> <span class='ocrx_word' id='word_1_333' title='bbox 878 4333 970 4398; x_wconf 78' lang='lat' dir='ltr'><strong>iuxta</strong></span> <span class='ocrx_word' id='word_1_334' title='bbox 992 4332 1082 4398; x_wconf 90' lang='lat' dir='ltr'><strong>illam</strong></span> <span class='ocrx_word' id='word_1_335' title='bbox 1107 4332 1255 4398; x_wconf 88' lang='lat' dir='ltr'><strong>arborem</strong></span> 
     </span>
     <span class='ocr_line' id='line_1_39' title="bbox 111 4441 1255 4524; baseline -0.01 -5"><span class='ocrx_word' id='word_1_336' title='bbox 111 4451 346 4519; x_wconf 73' lang='lat' dir='ltr'><strong>commetiatur</strong></span> <span class='ocrx_word' id='word_1_337' title='bbox 372 4449 459 4509; x_wconf 88' lang='lat' dir='ltr'><strong>terre</strong></span> <span class='ocrx_word' id='word_1_338' title='bbox 485 4443 642 4509; x_wconf 87' lang='lat' dir='ltr'><strong>nobilium</strong></span> <span class='ocrx_word' id='word_1_339' title='bbox 669 4443 709 4508; x_wconf 89' lang='lat' dir='ltr'><strong>de</strong></span> <span class='ocrx_word' id='word_1_340' title='bbox 735 4443 878 4524; x_wconf 83' lang='lat' dir='ltr'><strong>Radunt,</strong></span> <span class='ocrx_word' id='word_1_341' title='bbox 906 4446 938 4504; x_wconf 89' lang='lat' dir='ltr'><strong>ot</strong></span> <span class='ocrx_word' id='word_1_342' title='bbox 963 4441 1010 4506; x_wconf 85' lang='lat' dir='ltr'><strong>siu</strong></span> <span class='ocrx_word' id='word_1_343' title='bbox 1035 4442 1255 4508; x_wconf 86' lang='lat' dir='ltr'><strong>terminantur.</strong></span> 
     </span>
     <span class='ocr_line' id='line_1_40' title="bbox 24 4545 1254 4636; baseline -0.018 -2"><span class='ocrx_word' id='word_1_344' title='bbox 24 4556 25 4565; x_wconf 9' lang='grc' dir='ltr'>ἵ</span> <span class='ocrx_word' id='word_1_345' title='bbox 111 4567 240 4632; x_wconf 77' lang='lat' dir='ltr'><strong>Anium</strong></span> <span class='ocrx_word' id='word_1_346' title='bbox 273 4573 360 4618; x_wconf 83' lang='lat' dir='ltr'><strong>anno</strong></span> <span class='ocrx_word' id='word_1_347' title='bbox 384 4551 494 4636; x_wconf 82' lang='lat' dir='ltr'><strong>gracie</strong></span> <span class='ocrx_word' id='word_1_348' title='bbox 520 4553 564 4616; x_wconf 84' lang='grc' dir='ltr'><strong>Μο</strong></span> <span class='ocrx_word' id='word_1_349' title='bbox 581 4550 646 4615; x_wconf 76' lang='lat'><strong>00⁰</strong></span> <span class='ocrx_word' id='word_1_350' title='bbox 656 4549 763 4614; x_wconf 88' lang='lat' dir='ltr'>XXX⁰</span> <span class='ocrx_word' id='word_1_351' title='bbox 774 4547 872 4632; x_wconf 73' lang='lat' dir='ltr'><strong>v1110,</strong></span> <span class='ocrx_word' id='word_1_352' title='bbox 899 4547 1038 4615; x_wconf 90' lang='lat' dir='ltr'><strong>Hoholto</strong></span> <span class='ocrx_word' id='word_1_353' title='bbox 1065 4546 1188 4612; x_wconf 81' lang='lat' dir='ltr'><strong>Gemite</strong></span> <span class='ocrx_word' id='word_1_354' title='bbox 1213 4545 1254 4612; x_wconf 84' lang='lat' dir='ltr'><strong>de</strong></span> 
     </span>
    </p>
   </div>
   <div class='ocr_carea' id='block_1_15' title="bbox 0 0 1567 5154">
    <p class='ocr_par' dir='ltr' id='par_1_15' title="bbox 0 0 1567 5154">
     <span class='ocr_line' id='line_1_41' title="bbox 0 0 1567 5154; baseline 0 0"><span class='ocrx_word' id='word_1_355' title='bbox 0 0 1567 5154; x_wconf 95' lang='lat' dir='ltr'><strong> </strong></span> 
     </span>
    </p>
   </div>
  </div>
 </body>
</html>
