3134 5158
543 244 701 346 ..sn-

80 439 167 506 tulum
182 441 225 507 ad
241 443 360 508 Sedem
377 442 481 527 ipsam
498 441 654 508 babentes
666 459 839 524 recursum,
864 441 968 508 felicis
988 443 1178 514 recordatio-

80 545 123 612 nis
134 549 157 612 l.
173 549 266 633 Pape
281 548 520 635 predecessoris
536 547 638 615 nostri
655 548 698 614 ad
712 555 745 614 te
759 547 884 614 litteras
900 549 1121 635 impetrarunt,
1146 557 1181 618 ut

81 655 221 739 inquisita
237 656 281 722 de
296 655 391 723 modo
408 655 585 739 electionis,
606 646 794 740 eligentium
813 655 939 741 studiis,
956 664 989 724 et
1004 659 1099 726 electi
1116 678 1179 726 me·
1282 687 1283 690 ¹

78 762 137 830 ritis
150 762 339 847 Eligendus
358 763 505 847 veritate,
532 763 722 831 electionem
738 765 855 850 ipsam,
882 765 998 834 sicam
1017 767 1179 834 inveneris

77 871 109 937 de
121 891 257 957 persona
284 872 403 940 idonea
419 872 572 938 canonice
596 871 803 957 celebratam,
830 892 895 942 non
920 875 1069 942 obstante
1086 893 1179 942 vaca·

77 978 151 1046 lione
165 978 293 1048 diutina
309 980 455 1066 predicte
470 981 628 1065 Ecclesie,
647 1001 710 1066 que
724 1000 861 1049 vacasse
877 1003 933 1068 per
949 984 1013 1050 XX
1029 1004 1132 1052 annos
1147 990 1180 1050 et

76 1087 202 1174 amplius
230 1085 432 1174 credebatur,
459 1089 647 1157 confirmare
672 1108 814 1156 curares.
840 1089 906 1156 Sed
929 1096 964 1158 tu
989 1111 1029 1160 ex
1053 1111 1092 1160 eo
1108 1091 1177 1160 solo

17 1187 18 1232 ³
74 1193 252 1263 electionem
279 1195 469 1266 confirmare
486 1195 639 1264 differens
665 1195 894 1284 supradictam,
910 1197 998 1284 quod
1012 1199 1047 1266 iu
1065 1197 1161 1266 huius

74 1302 148 1370 modi
171 1303 289 1372 litteris
314 1304 553 1391 predecessoris
579 1303 682 1392 ipsius
706 1305 771 1374 XX
796 1325 954 1374 annorum
980 1307 1177 1394 etamplius

74 1412 209 1496 spacium
225 1413 416 1498 ponebatur,
442 1432 514 1480 eum
530 1411 588 1479 tibi
612 1413 707 1498 plene
723 1413 911 1500 constiterit,
937 1413 1023 1501 quod
1038 1435 1096 1502 per
1112 1435 1176 1481 am·

73 1519 172 1605 piloris
187 1520 344 1609 temporis
360 1521 500 1608 spatium
516 1520 665 1588 Ecclesia
680 1522 846 1588 vacaverit
860 1527 1048 1606 memorata,
1066 1541 1177 1610 super·

74 1629 174 1698 sedisti
190 1629 490 1716 hactenusnegotio
504 1628 700 1716 supradicto.
719 1629 829 1710 Quare
845 1630 981 1718 predicti
991 1629 1176 1718 Capitulum

72 1725 152 1804 nmis
177 1737 340 1804 humiliter
366 1737 606 1824 supplicarunt,
632 1746 667 1804 ut
690 1737 860 1822 providere
884 1735 966 1824 ipsis
993 1757 1090 1824 super
1114 1738 1177 1806 lroc

73 1851 199 1930 paterna
225 1844 442 1914 sollicitudine
467 1865 662 1912 curaremus.
688 1845 844 1913 Nolentes
860 1844 968 1932 igitur,
993 1845 1078 1931 quod
1101 1844 1175 1932 ipsa

72 1951 207 2020 Ecclesia
236 1959 370 2041 propter
394 1953 597 2021 vacationem
623 1953 806 2020 diuturnam
837 1953 870 2019 in
896 1951 1118 2040 spiritualibus
1142 1959 1175 2020 et

72 2059 295 2147 temporalibus
310 2080 412 2147 graue
436 2059 640 2148 dispendium
660 2059 811 2146 patiatur,
837 2058 1037 2146 mandamus,
1063 2069 1173 2152 quate-

72 2190 132 2254 nus,
147 2172 175 2238 si
191 2171 314 2256 estiis,
339 2170 400 2238 boc
418 2171 649 2240 nonobstante
673 2169 849 2256 predictum
865 2172 898 2237 S.
919 2169 1174 2257 Archipresbite·

69 2298 139 2362 rum,
162 2279 191 2347 si
208 2287 299 2348 tanto
324 2287 482 2364 congruat
505 2279 594 2346 oneri
612 2287 644 2346 et
667 2278 791 2362 bonori,
816 2284 851 2344 et
865 2278 956 2346 aliud
979 2278 1170 2346 canonicum

70 2407 124 2452 non
133 2388 281 2473 obsistat,
293 2389 486 2456 auctoritate
500 2395 613 2455 nostra
622 2388 772 2476 preficias
782 2387 888 2454 eidem
897 2386 1043 2454 Eccleeic
1052 2387 1085 2453 in
1095 2385 1168 2473 Epi-

70 2516 191 2584 scopum
206 2503 239 2564 et
253 2501 425 2582 pastorem.
442 2499 561 2564 Datum
571 2497 711 2584 Neapoli
727 2496 800 2564 ΧΠ.
816 2494 978 2562 kalendas
987 2494 1170 2579 Februarij,

68 2603 265 2674 Pontilieatns
280 2605 382 2674 nostri
398 2627 483 2674 anuo
502 2607 616 2694 primo.

67 2821 185 2880 llbeincr
195 2806 329 2891 Agneion,
342 2824 442 2876 Vetera
450 2825 625 2878 Monumeuta
637 2822 777 2876 slavorum
788 2821 1001 2874 Meridioualinm
1012 2823 1033 2872 l.
1047 2821 1072 2872 lr.
1083 2821 1127 2873 8⁶3.
1138 2816 1169 2887 1.)

575 3608 651 3678 tul.

63 3807 77 3869 I
84 3808 112 3870 V·
127 3811 259 3878 Sdodor
282 3815 370 3898 pcipe
386 3811 516 3876 Ldriacz
533 3814 660 3876 caerosi
679 3818 805 3898 propos
828 3813 974 3876 ssdntdra
998 3807 1167 3894 mcpcrdsits'

64 3913 153 3982 Olicer
167 3920 299 3984 szercrai
316 3919 494 4006 pdapr'r'lcack
508 3917 632 3984 Decem
648 3919 778 3984 birtokdt
789 3918 953 4003 „turppazo'
968 3913 1165 4000 adontdoydt.

559 4025 656 4094 1255.

151 4219 342 4288 Alexander
356 4219 538 4308 Episcopus
564 4239 676 4288 servus
692 4239 856 4290 servorum
872 4217 934 4286 Dei
960 4217 1077 4285 dilecto
1097 4213 1164 4284 filio

62 4323 224 4394 Laurentio
245 4327 413 4412 Prepesito
435 4326 583 4396 Ecclesia
601 4327 712 4396 Sancti
728 4325 846 4394 Yreuei
866 4322 1064 4411 Syrmiensis
1079 4323 1163 4392 salu-

61 4439 113 4498 tem
128 4441 159 4500 ct
176 4433 400 4520 Apostolicam
425 4434 689 4502 benedictionem.
716 4433 796 4502 Cum
811 4433 918 4519 igitur,
945 4431 1027 4498 sicut
1049 4431 1163 4519 petitio

59 4543 104 4606 tua
117 4542 211 4610 nobis
221 4543 372 4628 exposita
383 4545 579 4632 continebat,
596 4545 789 4612 venerabilis
805 4545 902 4612 irater
912 4545 1021 4610 noster
1032 4539 1163 4632 spisco-
