3148 5156
608 903 684 974 tle.

96 1083 193 1153 lando
208 1089 385 1154 azloodniai
399 1089 522 1156 bonnet
536 1089 637 1174 Enopa
663 1094 740 1155 mot
746 1089 851 1174 solae
866 1091 1016 1174 tdrpyaed
1032 1086 1202 1197 tdrodnyke·

93 1195 148 1258 re'ai
160 1195 354 1284 tasorozara,
374 1196 445 1268 dett
461 1196 708 1376 cwmji3i22'18o
727 1197 857 1270 oaroodi
879 1194 1105 1288 octrjobbrippok
1128 1194 1203 1258 idm.

192 1507 262 1578 Nos
285 1510 467 1597 Stephanus
492 1513 600 1579 Bonus
625 1510 729 1597 topins
752 1511 924 1580 Solanonio
948 1517 981 1578 et
1004 1507 1201 1596 capitaneus

92 1611 201 1696 Stirie,
235 1615 454 1701 significamus
479 1619 628 1688 omnibns
657 1637 789 1707 presens
813 1621 966 1704 seriptum
998 1614 1201 1704 inspeotnris,

93 1722 172 1802 qnod
188 1743 260 1790 enm
289 1723 438 1795 dominns
464 1735 574 1796 noster
588 1727 670 1796 Bela
693 1727 833 1796 illustris
849 1729 919 1795 Rex
938 1725 1082 1812 Vngarle
1109 1722 1203 1792 nobis

93 1827 121 1894 in
135 1835 202 1898 tota
217 1832 404 1918 Solemnis,
430 1841 462 1902 et
478 1837 664 1924 specialiter
679 1836 713 1904 in
729 1836 890 1905 Comitatu
905 1832 1127 1904 Worosdiensi
1141 1837 1203 1898 ter·

92 1956 141 2004 ras
155 1939 257 2006 eastri
274 1959 295 2006 a
320 1949 464 2030 tempore
479 1944 646 2012 Oolomani
662 1945 761 2029 Regis
784 1943 890 2012 ielieis
903 1941 1056 2011 memorie
1079 1939 1202 2008 aliene·

92 2051 138 2112 tes
151 2046 298 2114 indioare
323 2052 531 2139 preoepisset,
555 2051 688 2120 tardem
703 2053 853 2120 Andreas
868 2047 1203 2120 domesworosdien·

93 2153 142 2238 sis,
164 2161 196 2222 et
211 2155 402 2240 iobagiones
419 2160 517 2227 nestri
540 2159 685 2228 eiusdem
710 2161 866 2247 uniuersi,
891 2160 1016 2228 seilioet
1044 2157 1202 2239 Demaak,

93 2261 252 2348 llmtinns,
269 2263 390 2351 Volpot
403 2265 489 2334 filins
506 2265 666 2351 Nerdasa,
683 2267 850 2336 Wlooeiau
868 2273 901 2335 et
915 2265 1100 2336 Demetrias
1115 2264 1201 2332 filins

92 2369 163 2456 eins
189 2371 380 2460 Foleumar,
406 2375 486 2442 Paul
511 2375 595 2443 filins
621 2376 744 2460 Ponse,
770 2376 933 2460 Renohot,
962 2376 1091 2460 Martyn
1116 2372 1203 2440 iilius

92 2479 218 2564 Zulyoh‚
243 2481 377 2548 lwahen
393 2481 479 2551 filins
504 2483 650 2570 llanehe,
668 2483 813 2550 Aonziau
836 2483 923 2551 iilius
938 2482 1041 2568 Aolra,
1057 2487 1090 2550 et
1104 2478 1201 2548 aeteri

93 2584 275 2672 iobngiones
291 2589 400 2675 esstri,
426 2609 465 2658 ex
481 2595 570 2658 terre
594 2589 731 2660 filiorum
747 2589 825 2660 Selk
851 2590 981 2658 nomine
996 2588 1104 2674 dbrys
1123 2591 1203 2672 aput

93 2693 235 2761 Sennium
260 2695 389 2782 lllyam‚
419 2697 476 2766 nbi
501 2704 551 2766 est
574 2709 814 2767 nommetanens
838 2697 909 2766 eins
933 2695 1092 2766 Martinus
1116 2693 1201 2762 iilius

93 2799 216 2886 anyeh‚
243 2803 407 2888 quandam
433 2805 625 2891 partionlem
641 2805 685 2873 ad
699 2806 840 2873 altorum
865 2803 1034 2873 dimidiam
1057 2807 1202 2872 aratrnm

94 2909 275 2979 existentem
300 2913 429 2978 nomine
454 2912 552 2980 sesni
575 2913 814 2982 reambnlantes
830 2919 1066 3001 proposuerunt
1090 2929 1201 2980 eoram

93 3017 176 3086 nobis
191 3026 307 3086 sonna
321 3019 407 3088 filios
418 3019 506 3107 Selii,
523 3019 610 3108 qnod
620 3022 695 3109 ipsa
709 3021 872 3111 partionis
881 3029 967 3090 terre
976 3019 1075 3089 castri
1094 3031 1200 3106 esset5

92 3125 130 3192 ed
143 3125 228 3211 qnod
242 3125 301 3212 filij
311 3127 391 3194 Sellr
407 3127 650 3216 respondentes,
667 3129 731 3218 ipsi
745 3129 940 3218 partinulam
950 3128 1077 3198 etalins
1096 3131 1200 3195 terras

92 3233 270 3309 ediscentes
296 3236 466 3323 omptieias
491 3255 564 3306 esse
588 3257 667 3307 suas
682 3259 704 3306 e
718 3238 845 3326 Zopina
869 3243 902 3306 et
919 3235 1029 3306 linire
1053 3253 1200 3304 namne·

92 3349 163 3428 runt,
178 3349 210 3410 et
225 3342 391 3428 quandam
408 3344 508 3412 aliem
524 3351 653 3432 torrem,
670 3345 855 3433 contiguam
870 3346 946 3434 sibi,
965 3345 1070 3416 eniam
1086 3344 1199 3434 empti·

92 3449 163 3516 eiam
187 3457 296 3517 eotnm
312 3449 475 3536 dioebant‚
502 3471 598 3540 snper
613 3454 675 3521 hoe
690 3453 897 3540 priuilegium
913 3453 1056 3542 Capituli
1074 3454 1198 3538 Zegre-

91 3557 200 3627 biensis
216 3557 313 3627 nobis
340 3568 576 3645 presentarunt.
602 3563 694 3631 Vnde
709 3561 829 3632 auditis
845 3564 991 3650 peroinm
1013 3563 1198 3652 propositis,

90 3667 293 3736 ettenoribns
315 3668 479 3756 priuilegii
499 3669 640 3758 Capituli
665 3669 850 3759 intellectis,
873 3673 980 3759 ipsam
1005 3670 1198 3759 particulam

89 3779 162 3840 terre
176 3773 219 3842 ed
236 3775 377 3842 alterum
403 3775 570 3846 dimidium
586 3783 729 3846 aramum
755 3777 966 3848 snifloientem
991 3784 1098 3846 oestro
1123 3776 1197 3844 Wo-

88 3881 238 3950 rosdiensi
264 3883 418 3953 duximus
443 3885 698 3973 relinquendam.
724 3885 789 3954 Sed
804 3883 1009 3974 postmodnm
1030 3883 1116 3952 idem
1132 3883 1196 3952 An·

88 3984 172 4058 dress
188 3988 308 4060 Comes
324 4000 357 4060 et
372 3993 563 4080 iobagiones
589 3995 688 4064 eastri
702 3995 809 4082 ipsam
831 3992 1026 4083 partientem
1052 4001 1139 4060 terre
1154 3993 1197 4060 ad

86 4097 212 4167 alterum
239 4099 410 4169 dimidium
437 4107 580 4170 aratrum
605 4101 816 4172 sufficientem
839 4103 994 4192 inlibris,
1022 4123 1063 4171 ex
1087 4121 1196 4170 eorum

87 4203 283 4295 beneplacito
299 4214 332 4275 et
346 4226 516 4294 consensu,
543 4209 665 4278 eisdem
681 4210 757 4297 fllijs
771 4209 850 4278 Seli
866 4211 1065 4296 reliquerunt
1078 4211 1112 4278 in
1126 4225 1196 4296 per·

85 4323 205 4399 petrum
231 4315 474 4404 possidendam.
501 4319 539 4386 ln
554 4318 644 4387 onius
672 4319 895 4389 eoneambium
921 4320 954 4386 in
969 4327 1057 4387 terra
1074 4319 1197 4389 Zbelon

85 4441 175 4512 prope
192 4425 236 4493 ad
252 4424 483 4496 Worosdinum
498 4449 519 4494 e
535 4427 611 4514 filiis
627 4427 706 4496 Sella
722 4434 846 4496 tantam
862 4433 981 4496 terram
996 4436 1195 4515 receperunt,

84 4528 158 4601 dont
171 4532 204 4600 in
229 4532 349 4602 litteris
363 4533 493 4606 Andree
509 4535 644 4606 Comitis
660 4535 911 4622 Worosdiensis,
934 4542 1024 4604 etex
1040 4535 1196 4605 asseroio·

84 4638 169 4708 ribos
192 4639 403 4726 iobegionum
430 4643 528 4712 nestri
545 4644 756 4731 eognonimns
772 4643 958 4732 manifeste3
983 4651 1050 4714 tnm
1067 4665 1126 4733 pro
1145 4665 1195 4732 eo,
