3198 5160
810 290 990 391 aas,

346 510 406 578 pro
432 486 554 556 salario
578 486 674 556 nobis
699 505 855 554 concesso
876 486 983 575 libras
1005 485 1090 552 DCC
1106 485 1250 553 Venetas
1275 503 1417 572 parvas,
1444 491 1477 552 et

346 597 448 665 libras
465 595 517 662 CC
533 595 653 663 hahere
677 594 796 660 debeat
815 595 856 660 N.
874 595 911 660 V.
929 593 1123 660 Laurentius
1139 592 1287 679 Teupulo
1307 589 1413 660 donec
1428 593 1475 658 vi·

347 706 441 791 xerit,
458 712 490 773 et
506 727 544 773 eo
560 701 737 771 decedente
753 701 862 769 dictae
878 701 983 768 librae
1000 700 1053 767 CC
1069 701 1103 767 in
1123 699 1298 768 Commune
1314 698 1473 767 Venetam

346 813 486 881 debeant
511 812 613 879 libere
630 809 790 877 devenire.
818 811 992 878 Praeterea
1008 807 1278 894 quandocumque
1303 828 1362 895 pro
1379 806 1472 876 Com·

347 919 435 987 muni
461 919 585 986 Veneto
605 916 816 984 armabuntur
831 915 950 998 galeae
973 915 1027 994 rel
1047 935 1068 980 a
1092 915 1229 999 triginta
1244 915 1406 1002 superius,
1422 935 1474 982 ar·

347 1028 431 1094 mari
452 1024 571 1094 debeat
596 1045 661 1091 una
679 1023 779 1108 galea
794 1041 852 1108 per
864 1021 1012 1090 homines
1027 1021 1131 1108 ipsius
1152 1019 1343 1107 Comitatus,
1363 1041 1475 1090 eornm

347 1135 518 1222 expensis;
546 1133 622 1202 etsi
639 1130 828 1218 magnitudo
843 1131 961 1198 Veneti
985 1129 1147 1198 exercitus
1172 1129 1234 1197 ibit
1247 1127 1308 1216 per
1323 1129 1475 1218 ¹partitio

346 1263 433 1328 nem,
449 1242 538 1329 qnod
553 1261 635 1309 unus
651 1261 692 1308 ex
709 1239 890 1308 comitibus
906 1237 947 1306 de
963 1238 1060 1308 domo
1077 1238 1202 1324 Veglae
1216 1237 1278 1305 ibit
1295 1240 1474 1326 personali·

347 1359 397 1418 ter
413 1351 448 1418 in
463 1348 549 1419 dieto
566 1349 729 1432 exercitu;
755 1355 788 1414 et
803 1347 911 1433 stabit,
928 1347 1033 1414 donec
1050 1347 1107 1414 alii
1124 1347 1260 1415 Nobiles
1275 1346 1318 1414 de
1333 1347 1475 1416 Venetia

348 1460 569 1541 morabuntur,
595 1476 706 1523 eorum
733 1456 893 1524 Comitum
917 1455 1101 1541 sumptibus
1127 1460 1159 1521 et
1184 1455 1348 1543 expensis.
1379 1454 1473 1540 Item,

347 1547 535 1652 quod'intra
552 1565 663 1632 decem
680 1583 784 1631 annos
800 1563 949 1649 proxime
969 1571 1122 1631 venturos
1137 1561 1279 1630 debeant
1293 1569 1327 1630 et
1342 1571 1474 1632 tenean-

347 1679 399 1742 tur
415 1673 494 1744 dieti
505 1673 657 1760 Comites,
673 1678 739 1740 tarn
757 1669 875 1740 Comes
890 1669 1069 1757 Schinella,
1086 1679 1119 1739 et
1134 1669 1203 1755 dlii,
1221 1675 1254 1737 et
1269 1689 1382 1739 eorum
1396 1670 1473 1739 hae

346 1779 461 1866 redes;
489 1801 586 1866 quam
602 1779 763 1868 praedicti
788 1778 985 1864 thidericus,
1012 1777 1281 1846 Bartholomaeus
1306 1784 1339 1846 et
1354 1778 1473 1864 Cnido,

347 1897 380 1957 et
395 1909 504 1957 eornm
515 1887 683 1974 haeredes,
703 1907 824 1975 ponere
840 1888 873 1954 in
883 1886 1031 1954 Venetiis
1046 1887 1080 1953 in
1096 1887 1361 1974 possessionibus
1376 1887 1474 1956 libra·

346 2016 415 2064 rum
432 1997 545 2064 decem
570 1996 675 2064 millia
691 1996 887 2063 Venetorum
902 2015 1087 2082 paruarum,
1113 1993 1263 2082 ponendo
1278 1991 1434 2063 videlicet
1453 2015 1474 2062 a

351 2108 489 2190 quatuor
498 2101 592 2170 aunis
601 2102 758 2188 proximis
768 2103 801 2169 iu
812 2110 909 2176 antea
917 2103 1061 2188 quolibet
1072 2122 1157 2173 anno
1171 2109 1307 2187 tantum,
1317 2110 1475 2188 quantum

349 2209 469 2278 sufficit
485 2209 583 2297 pretii
591 2231 650 2298 pro
661 2216 734 2277 rata
750 2209 783 2276 iu
793 2210 941 2298 deposito
951 2232 1009 2299 pro
1021 2210 1103 2298 ipsis
1113 2210 1376 2297 possessionibus
1385 2231 1474 2278 com·

347 2319 512 2406 parandis,
531 2319 704 2405 dequibus
721 2319 927 2388 medietatem
947 2319 1106 2408 praedicti
1124 2319 1320 2406 thidericus,
1338 2319 1475 2386 Bartho-

258 2511 260 2514 .
348 2427 494 2496 lomaeus
505 2434 538 2495 et
549 2428 666 2514 Cnido,
687 2436 840 2508 eteorum
855 2427 1025 2515 haeredes,
1043 2427 1144 2494 aliam
1155 2427 1360 2496 medietatem
1378 2447 1476 2514 prae·

347 2531 453 2602 dictus
469 2535 641 2622 Schinella,
658 2541 692 2603 et
704 2535 774 2621 lilii,
791 2542 823 2603 st
838 2555 949 2605 eorum
959 2533 1116 2603 haeredes
1131 2555 1253 2623 ponere
1263 2535 1414 2604 debeant.
1432 2536 1477 2602 lit

348 2643 376 2709 si
392 2642 557 2728 addiderit,
582 2641 669 2727 quod
685 2642 864 2713 Comitatus
889 2645 960 2732 ipse
984 2645 1017 2710 in
1034 2641 1128 2712 nohis
1152 2651 1319 2712 remaneat
1343 2665 1401 2732 per
1417 2643 1474 2710 de-

347 2749 466 2816 lectum
484 2749 745 2837 masculinorum,
763 2753 819 2838 qui
835 2771 900 2818 non
917 2758 1026 2820 essent
1038 2752 1073 2818 in
1089 2749 1186 2819 domo
1202 2751 1346 2838 Veglae3
1364 2751 1475 2818 dictae

347 2857 572 2944 possessiones
588 2857 668 2944 ipsis
683 2866 876 2926 remaneant
890 2859 1016 2926 liberae
1034 2865 1068 2925 et
1083 2877 1193 2926 eornm
1205 2857 1411 2942 haeredibus,
1429 2857 1475 2926 ad

346 2962 531 3031 iaciendum
547 2983 588 3030 ex
605 2964 652 3032 eis
663 2985 723 3051 pro
739 2965 849 3032 anima
864 2972 897 3032 et
912 2985 1057 3054 corpore,
1075 2963 1233 3051 quidquid
1242 2965 1406 3033 voluerint
1422 2987 1474 3034 or-

349 3069 473 3138 dinare.
492 3073 574 3139 Item
589 3073 857 3160 quandocumque
873 3074 967 3140 nohis
979 3081 1012 3142 et
1028 3073 1145 3142 nostris
1164 3074 1421 3158 successoribus,
1441 3081 1475 3140 et

349 3180 518 3247 Communi
533 3181 658 3248 Veneto
674 3201 809 3250 necesse
824 3181 923 3250 fuerit
937 3183 1059 3250 habere
1077 3189 1206 3268 gentem
1223 3203 1282 3269 pro
1301 3183 1474 3250 Communi

348 3287 568 3374 Venetiarum,
587 3297 759 3358 teneantur
769 3290 847 3358 dicti
863 3291 1017 3375 Comites,
1036 3290 1113 3357 dum
1128 3289 1278 3375 riserint,
1300 3290 1380 3358 dare
1395 3310 1473 3378 ope·

347 3413 428 3478 ram,
440 3393 570 3479 qnodin
585 3395 693 3466 insula
703 3398 836 3484 Veglae,
854 3404 886 3466 et
897 3399 1069 3485 Comitatn,
1085 3419 1125 3464 aa
1141 3398 1217 3465 aliis
1228 3397 1324 3466 terris
1339 3399 1473 3466 circum·

346 3503 519 3588 stantibus,
535 3505 742 3574 inveniantur
757 3507 801 3574 ad
817 3507 944 3576 soldum
956 3506 1142 3574 Communis
1152 3507 1269 3574 Veneti
1279 3526 1381 3592 usque
1396 3528 1473 3575 cen-

344 3619 412 3680 tum
422 3613 474 3681 uel
485 3612 658 3682 ducentum
668 3615 815 3684 homines
826 3639 883 3705 pro
894 3618 954 3684 tali
964 3617 1069 3702 soldo,
1080 3617 1219 3708 qualiter
1227 3616 1361 3685 dabitur
1371 3619 1474 3686 Vane

344 3721 418 3807 tlis;
436 3727 468 3787 et
484 3723 753 3808 quandocumque
768 3724 965 3792 frumentum
984 3724 1107 3792 valebit
1122 3727 1156 3792 in
1173 3724 1317 3792 Venetiis
1336 3725 1472 3810 triginta

345 3827 468 3896 solidos
483 3849 659 3917 parvorum
676 3831 825 3919 superius
841 3853 901 3919 pro
918 3833 1065 3919 quolibet
1077 3839 1176 3916 staro,
1195 3830 1321 3899 dabunt
1336 3853 1473 3920 operam

345 3933 423 4003 dicti
447 3935 588 4006 Comites
614 3939 800 4025 bonafide,
828 3941 903 4007 dum
929 3940 1078 4024 vixerint,
1105 3939 1296 4027 aequaliter,
1323 3941 1410 4026 quod
1431 3943 1474 4010 de

345 4043 508 4113 Comitatu
524 4044 701 4132 praedicto,
729 4053 762 4114 et
777 4047 853 4114 aliis
869 4050 963 4115 terris
989 4047 1338 4134 circumadjacentibus
1354 4049 1387 4116 in
1405 4071 1472 4119 ma-

341 4151 405 4238 jori
421 4151 614 4240 quantitate,
639 4173 736 4238 qnam
753 4163 914 4242 poterunt,
942 4153 1142 4225 conducatur
1157 4157 1313 4224 venetias
1332 4157 1378 4224 ad
1393 4177 1467 4226 ren·

344 4256 494 4327 dandum.
522 4259 563 4326 lit
578 4266 629 4328 est
644 4259 823 4351 sciendum,
840 4263 928 4348 quod
944 4264 1177 4332 decedentibus
1196 4265 1346 4334 omnihus
1362 4265 1471 4334 Comi·

344 4367 430 4434 tihus
456 4366 662 4454 supradictis,
690 4377 722 4436 et
737 4371 933 4439 haeredibus
959 4371 1158 4458 masculinis,
1186 4373 1233 4439 ita
1249 4373 1335 4455 quod
1361 4374 1472 4442 nullus

345 4473 505 4538 masculus
516 4477 714 4563 supervivat,
726 4477 833 4546 dictus
844 4479 1024 4547 Comitatus
1035 4501 1106 4546 oum
1117 4481 1377 4570 omnihussupra
1393 4504 1471 4552 con·

344 4577 444 4644 cessis
454 4579 488 4644 in
504 4601 563 4648 nos
580 4593 613 4650 et
625 4585 800 4655 Commune
811 4588 1022 4657 Venetiarum
1038 4589 1156 4658 debeat
1173 4591 1276 4658 libere
1293 4593 1450 4664 devenire
1464 4621 1472 4680 ;
