3148 5156
581 294 741 396 ...249¹-

105 503 165 569 s'me
180 497 305 566 Divina
319 495 535 583 inspiratione
550 493 667 578 redire,
681 493 867 577 juramento
884 491 1023 578 prestito
1033 492 1224 577 promisisti,

105 607 243 678 necleta
259 605 408 693 predicte
422 611 593 689 tamquam
610 601 719 671 tidelis
729 600 801 686 ejus
811 601 899 668 tilius
915 599 1059 688 obedire,
1075 621 1114 668 ac
1130 599 1226 670 fidem

106 715 311 801 Catholiaam,
328 715 413 783 sicut
440 712 500 781 alii
516 709 698 780 Ortbodcxi
723 710 838 778 mundi
854 710 1024 796 Principes
1039 711 1225 780 obsemare.

106 827 231 911 Propter
247 822 336 909 quod
352 821 505 890 Ecclesia
521 819 637 888 eadem
654 820 767 888 volens
783 825 818 887 te
833 819 869 888 in
884 819 936 886 sui
953 819 1127 887 deuotione
1152 838 1226 886 con-

105 937 185 1018 gmis
200 935 330 1002 firmare
344 932 524 1018 lavombus,
540 937 573 998 et
589 929 763 1014 condignis
779 927 898 1012 gratiis
914 928 1100 1013 contovere,
1115 948 1226 1014 perso·

107 1064 172 1110 nam
188 1049 282 1110 tuam
297 1041 342 1110 ad
358 1041 492 1126 Regalis
508 1039 683 1124 dignitatis
707 1039 835 1123 apicem
851 1038 1049 1122 sublimavit,
1074 1036 1228 1106 faciendo

106 1159 132 1218 te
147 1151 263 1237 inungi
280 1149 377 1218 Sacri
394 1149 567 1216 Orismatis
584 1148 666 1233 oleo,
694 1152 815 1231 tuoque
832 1147 955 1230 imponi
971 1148 1073 1234 capiti
1089 1145 1228 1234 Regium

106 1259 261 1328 diadema.
285 1257 351 1327 Sed
366 1263 411 1343 tn,
427 1257 512 1324 sicut
528 1257 572 1324 ad
587 1255 787 1324 audientiam
799 1261 946 1322 nostram
957 1275 1022 1322 non
1032 1257 1104 1323 sine
1120 1253 1228 1322 cordis

107 1367 286 1436 turbatione
301 1367 459 1454 pervenit,
477 1372 544 1432 tam
561 1363 794 1451 spiritualium,
810 1383 909 1448 quam
925 1364 1157 1448 temporalium
1174 1367 1227 1432 be-

107 1476 288 1544 neficiorum
305 1476 411 1563 ipsius
427 1475 577 1543 Ecclesia
593 1475 781 1558 immemor,
806 1478 961 1556 lauteque
977 1472 1080 1556 gratie
1096 1491 1229 1558 prorsus

106 1585 259 1670 ingratus,
276 1581 592 1670 prestitijuramenti
604 1580 971 1667 religionecontempta,
989 1581 1033 1667 id,
1042 1581 1129 1666 quod
1140 1581 1230 1646 circa

108 1691 318 1760 obedientiam
335 1690 481 1774 ejusdem
498 1688 660 1775 Ecclesia,
676 1709 715 1755 ac
725 1689 870 1776 predicte
880 1690 1142 1757 obseruationem
1153 1687 1229 1756 fidei

108 1799 294 1885 promisisse
310 1798 503 1884 dinosceris,
522 1798 700 1867 observare
715 1797 921 1882 postmodum
945 1816 1010 1864 non
1036 1797 1173 1882 curasti,
1197 1798 1230 1864 in

108 1909 208 1976 anime
224 1913 281 1974 tue
297 1907 488 1994 pericnlum,
512 1905 616 1993 ipsius
631 1905 789 1992 injuriam
804 1905 899 1992 fidei,
923 1905 1069 1974 Ecclesie
1084 1904 1231 1992 predicte

110 2023 346 2104 contemptum,
371 2023 404 2083 et
420 2016 630 2102 obprobrium
646 2013 726 2082 Jesu
743 2014 878 2082 Christi.
922 2016 1028 2102 Super
1051 2035 1116 2100 quo
1139 2020 1231 2082 tauto

108 2123 327 2192 uehementius
343 2125 586 2208 contristamur,
601 2131 725 2207 quanto
742 2123 906 2192 luventius
922 2124 1148 2210 superomnia
1164 2145 1231 2190 cor-

109 2231 154 2299 dis
168 2234 273 2302 nostri
289 2233 527 2304 desiderabilia
542 2235 698 2320 cupimus,
725 2240 761 2300 ut
783 2234 890 2300 cultus
907 2232 1055 2320 ejusdem
1071 2233 1147 2301 fidei
1173 2254 1232 2320 per

110 2341 211 2408 orbem
228 2340 364 2424 longius
390 2341 557 2424 latiusque
572 2338 723 2424 diffusus,
738 2337 926 2406 continuum
943 2345 1076 2408 auctore
1091 2339 1231 2406 Domino

109 2449 261 2535 suscipiat
278 2450 524 2517 incrementum.
572 2448 730 2516 Voleutes
754 2447 855 2532 igitur
870 2448 1072 2533 Apostoliois
1088 2447 1176 2534 apud
1201 2453 1234 2514 te

109 2577 200 2644 super
216 2557 279 2624 hoc
295 2558 450 2625 insistere
466 2556 612 2642 monitis,
630 2561 663 2623 et
679 2555 723 2624 ad
738 2555 921 2642 veritatem,
937 2577 1000 2641 que
1010 2555 1160 2624 Christus
1171 2563 1232 2640 est,

98 2657 252 2750 ‘paternis
279 2671 312 2734 te
335 2665 604 2750 persuasionibus
629 2685 794 2752 revocare,
819 2686 859 2732 ae
883 2672 1073 2754 sperantes,
1097 2663 1185 2750 quod
1200 2671 1233 2733 te

109 2776 249 2855 graviter
263 2780 377 2844 contra
394 2777 499 2842 Deum
527 2781 559 2842 et
586 2775 657 2861 ejus
675 2775 858 2844 Ecclesiam
883 2775 1063 2860 deliquisse
1086 2773 1232 2844 conside·

109 2901 191 2967 rans,
213 2881 377 2967 condigne
392 2883 553 2969 peniteas,
579 2890 612 2950 et
629 2903 772 2951 errorem
798 2889 889 2950 tuum
915 2884 1078 2968 corrigere
1101 2881 1234 2952 studeas

109 3007 162 3070 per
176 2996 208 3057 te
225 2990 341 3076 ipsum,
359 2989 618 3074 Magnitudinem
635 2999 725 3058 tuam
741 2991 936 3059 monendam
951 2991 1104 3060 duximus
1129 2995 1234 3058 atten-

109 3099 172 3166 tius
195 3107 228 3168 et
254 3099 472 3186 hortandam
490 3102 646 3185 quatinus
672 3100 716 3168 ad
739 3107 830 3170 tuum
846 3102 1045 3170 ‘memoriam
1069 3119 1236 3186 revocans,

111 3213 230 3290 quanto
255 3207 384 3296 studio,
426 3216 615 3294 quantaque
640 3209 863 3278 sollieitudine
888 3211 978 3278 circa
1001 3210 1235 3278 exaltationem

110 3321 196 3382 tuam
212 3316 316 3384 Sedes
343 3319 535 3404 Apostolica
560 3321 745 3406 laborauit,
770 3321 980 3390 considerans
1005 3319 1125 3406 etiam,
1150 3317 1237 3403 quod

110 3443 174 3491 non
192 3427 397 3512 Ecclesiam3
422 3428 482 3496 sed
497 3435 530 3495 te
546 3429 653 3514 ipsum
670 3427 807 3516 decipis,
823 3435 914 3496 tuum
930 3429 964 3494 in
975 3428 1037 3496 bac
1051 3433 1147 3514 parte
1162 3447 1234 3512 pro·

111 3533 242 3600 missum
261 3533 520 3619 dampnabiliter
535 3555 600 3602 non
625 3535 808 3620 servando,
834 3533 1031 3620 perditionis
1046 3537 1144 3621 viam,
1171 3555 1236 3620 qua

109 3641 266 3729 gradmis,
283 3665 350 3710 non
367 3642 501 3712 differas
518 3643 694 3731 abjurare,
720 3651 753 3710 et
768 3643 822 3730 id,
847 3644 934 3728 quod
951 3645 992 3712 de
1007 3645 1112 3730 ipsius
1127 3645 1234 3711 obser·

110 3751 236 3818 ratione
252 3750 339 3835 fidei,
359 3757 391 3819 et
406 3751 556 3836 predicte
573 3752 724 3820 Ecclesia
750 3751 937 3820 obedientia
956 3755 1147 3839 juramento
1162 3771 1236 3836 pre·

109 3859 184 3923 stito
201 3859 392 3945 promisisti,
407 3859 646 3928 inviolabiliter
662 3863 838 3930 observare
853 3881 1018 3948 procures.
1063 3860 1126 3946 Ita,
1151 3857 1238 3943 quod

110 3985 167 4032 nos
184 3973 313 4034 tuorum
331 3967 548 4036 laudabilium
565 3989 699 4056 opernm
715 3967 988 4058 odorepercepto,
1003 3969 1108 4037 multa
1118 3967 1237 4038 exinde

110 4073 233 4156 perfusi
248 4073 366 4161 letitia,
390 4075 503 4143 dulcia
518 4076 623 4162 ipsius
638 4077 788 4146 Ecclesia
804 4079 916 4164 ubera,
946 4097 1007 4164 que
1032 4077 1164 4164 copiose
1179 4076 1237 4144 du·

109 4179 185 4250 dnm
202 4182 235 4248 in
251 4183 427 4252 multorum
444 4186 676 4254 beneficiorum
692 4190 905 4274 perceptione
930 4187 1069 4273 suxisti,
1095 4187 1156 4255 tibi
1171 4187 1237 4256 tuis

111 4292 317 4373 exigentibus
333 4292 685 4364 meritisallectuosius
695 4297 915 4383 porrigamus.
938 4297 1238 4384 Alioquinvcnera·

111 4398 231 4466 bilibus
247 4400 404 4470 fratribus
421 4404 543 4471 nostris
626 4403 839 4474 Olomucensl
855 4415 888 4474 et
905 4457 953 4473 ...
971 4398 1238 4474 wratislaviensi

111 4505 281 4592 Episcopis
297 4508 421 4577 litteris
438 4511 559 4578 nostris
575 4511 788 4601 injungimus,
805 4513 936 4581 utteud
947 4514 981 4582 id
991 4534 1049 4599 per
1065 4533 1238 4582 censuram

111 4613 383 4702 eeclesiasticam,
399 4619 626 4703 appellatione
638 4629 772 4708 remota,
787 4623 1005 4709 compellant3
1022 4643 1088 4689 non
1106 4627 1238 4690 obstan·
