<?xml version="1.0" encoding="UTF-8"?>
<!DOCTYPE html PUBLIC "-//W3C//DTD XHTML 1.0 Transitional//EN"
    "http://www.w3.org/TR/xhtml1/DTD/xhtml1-transitional.dtd">
<html xmlns="http://www.w3.org/1999/xhtml" xml:lang="en" lang="en">
 <head>
  <title>
</title>
<meta http-equiv="Content-Type" content="text/html;charset=utf-8" />
  <meta name='ocr-system' content='tesseract 3.04.00' />
  <meta name='ocr-capabilities' content='ocr_page ocr_carea ocr_par ocr_line ocrx_word'/>
</head>
<body>
  <div class='ocr_page' id='page_1' title='image "./codexdiplomatic15wenzgoog_0107.png"; bbox 0 0 3122 5154; ppageno 0'>
   <div class='ocr_carea' id='block_1_1' title="bbox 300 1056 1438 1256">
    <p class='ocr_par' dir='ltr' id='par_1_1' title="bbox 300 1056 1438 1256">
     <span class='ocr_line' id='line_1_1' title="bbox 300 1056 1438 1148; baseline -0.007 -18"><span class='ocrx_word' id='word_1_1' title='bbox 300 1065 323 1129; x_wconf 90' lang='grc' dir='ltr'><em>Ι</em></span> <span class='ocrx_word' id='word_1_2' title='bbox 327 1063 362 1130; x_wconf 88' lang='lat' dir='ltr'>V.</span> <span class='ocrx_word' id='word_1_3' title='bbox 378 1061 461 1129; x_wconf 74' lang='lat' dir='ltr'>Bria</span> <span class='ocrx_word' id='word_1_4' title='bbox 476 1059 583 1148; x_wconf 68' lang='lat' dir='ltr'>tocly</span> <span class='ocrx_word' id='word_1_5' title='bbox 606 1058 745 1126; x_wconf 77' lang='lat' dir='ltr'>Viamiclt</span> <span class='ocrx_word' id='word_1_6' title='bbox 770 1057 939 1123; x_wconf 79' lang='lat' dir='ltr'>birtolruuk</span> <span class='ocrx_word' id='word_1_7' title='bbox 954 1079 976 1121; x_wconf 86' lang='lat' dir='ltr'>a</span> <span class='ocrx_word' id='word_1_8' title='bbox 995 1057 1166 1144; x_wconf 69' lang='lat' dir='ltr'>oeczpremi</span> <span class='ocrx_word' id='word_1_9' title='bbox 1178 1056 1352 1144; x_wconf 62' lang='lat' dir='ltr'>propulerit</span> <span class='ocrx_word' id='word_1_10' title='bbox 1369 1056 1438 1122; x_wconf 76' lang='lat' dir='ltr'>Mi-</span> 
     </span>
     <span class='ocr_line' id='line_1_2' title="bbox 346 1163 1385 1256; baseline -0.006 -20"><span class='ocrx_word' id='word_1_11' title='bbox 346 1170 421 1256; x_wconf 71' lang='lat' dir='ltr'>tuly</span> <span class='ocrx_word' id='word_1_12' title='bbox 431 1191 529 1235; x_wconf 85' lang='lat' dir='ltr'>comae</span> <span class='ocrx_word' id='word_1_13' title='bbox 543 1171 691 1234; x_wconf 79' lang='lat' dir='ltr'>czdmdra</span> <span class='ocrx_word' id='word_1_14' title='bbox 708 1167 821 1232; x_wconf 77' lang='lat' dir='ltr'>tdrtdot</span> <span class='ocrx_word' id='word_1_15' title='bbox 837 1165 982 1230; x_wconf 74' lang='lat' dir='ltr'>cladriscit</span> <span class='ocrx_word' id='word_1_16' title='bbox 997 1165 1124 1251; x_wconf 80' lang='lat' dir='ltr'>lclydcn</span> <span class='ocrx_word' id='word_1_17' title='bbox 1140 1163 1268 1252; x_wconf 76' lang='lat' dir='ltr'>dapyja.</span> <span class='ocrx_word' id='word_1_18' title='bbox 1286 1165 1385 1231; x_wconf 81' lang='lat'><strong><em>1239.</em></strong></span> 
     </span>
    </p>
   </div>
   <div class='ocr_carea' id='block_1_2' title="bbox 303 1360 1448 4678">
    <p class='ocr_par' dir='ltr' id='par_1_2' title="bbox 303 1360 1448 4678">
     <span class='ocr_line' id='line_1_3' title="bbox 412 1360 1436 1453; baseline -0.005 -22"><span class='ocrx_word' id='word_1_19' title='bbox 412 1363 520 1453; x_wconf 69' lang='lat' dir='ltr'>(Eleia</span> <span class='ocrx_word' id='word_1_20' title='bbox 536 1365 598 1430; x_wconf 90' lang='lat' dir='ltr'>Dei</span> <span class='ocrx_word' id='word_1_21' title='bbox 624 1363 737 1446; x_wconf 80' lang='lat' dir='ltr'>gracia</span> <span class='ocrx_word' id='word_1_22' title='bbox 752 1360 931 1445; x_wconf 82' lang='lat' dir='ltr'>Hungarie,</span> <span class='ocrx_word' id='word_1_23' title='bbox 948 1360 1131 1444; x_wconf 85' lang='lat' dir='ltr'>Dalmacie,</span> <span class='ocrx_word' id='word_1_24' title='bbox 1151 1360 1297 1446; x_wconf 80' lang='lat' dir='ltr'>Orcacie,</span> <span class='ocrx_word' id='word_1_25' title='bbox 1316 1361 1436 1444; x_wconf 83' lang='lat' dir='ltr'>Rama,</span> 
     </span>
     <span class='ocr_line' id='line_1_4' title="bbox 303 1465 1440 1556; baseline -0.007 -14"><span class='ocrx_word' id='word_1_26' title='bbox 303 1473 429 1556; x_wconf 80' lang='lat' dir='ltr'>Seruio,</span> <span class='ocrx_word' id='word_1_27' title='bbox 447 1471 584 1554; x_wconf 79' lang='lat' dir='ltr'>Galicie,</span> <span class='ocrx_word' id='word_1_28' title='bbox 601 1467 795 1537; x_wconf 88' lang='lat' dir='ltr'>Lodomeric</span> <span class='ocrx_word' id='word_1_29' title='bbox 810 1465 1033 1550; x_wconf 82' lang='lat' dir='ltr'>Gumauieque</span> <span class='ocrx_word' id='word_1_30' title='bbox 1048 1468 1118 1533; x_wconf 84' lang='lat' dir='ltr'>Rex</span> <span class='ocrx_word' id='word_1_31' title='bbox 1145 1465 1295 1534; x_wconf 89' lang='lat' dir='ltr'>omuibus</span> <span class='ocrx_word' id='word_1_32' title='bbox 1311 1465 1440 1536; x_wconf 75' lang='lat' dir='ltr'><strong>Christi</strong></span> 
     </span>
     <span class='ocr_line' id='line_1_5' title="bbox 304 1573 1439 1666; baseline -0.005 -18"><span class='ocrx_word' id='word_1_33' title='bbox 304 1581 454 1648; x_wconf 87' lang='lat' dir='ltr'>fidelibus</span> <span class='ocrx_word' id='word_1_34' title='bbox 469 1585 655 1666; x_wconf 77' lang='lat' dir='ltr'>presentem</span> <span class='ocrx_word' id='word_1_35' title='bbox 671 1576 829 1665; x_wconf 76' lang='lat' dir='ltr'>paginam</span> <span class='ocrx_word' id='word_1_36' title='bbox 852 1573 1045 1663; x_wconf 88' lang='lat' dir='ltr'>inspecturis</span> <span class='ocrx_word' id='word_1_37' title='bbox 1061 1575 1201 1642; x_wconf 89' lang='lat' dir='ltr'>salutem</span> <span class='ocrx_word' id='word_1_38' title='bbox 1218 1581 1251 1642; x_wconf 90' lang='lat' dir='ltr'>et</span> <span class='ocrx_word' id='word_1_39' title='bbox 1266 1595 1361 1642; x_wconf 89' lang='lat' dir='ltr'>omne</span> <span class='ocrx_word' id='word_1_40' title='bbox 1377 1576 1439 1643; x_wconf 89' lang='lat' dir='ltr'>bo-</span> 
     </span>
     <span class='ocr_line' id='line_1_6' title="bbox 305 1682 1439 1773; baseline -0.004 -19"><span class='ocrx_word' id='word_1_41' title='bbox 305 1708 392 1754; x_wconf 90' lang='lat' dir='ltr'>num.</span> <span class='ocrx_word' id='word_1_42' title='bbox 408 1686 552 1773; x_wconf 85' lang='lat' dir='ltr'>Dignum</span> <span class='ocrx_word' id='word_1_43' title='bbox 569 1693 619 1752; x_wconf 90' lang='lat' dir='ltr'>est</span> <span class='ocrx_word' id='word_1_44' title='bbox 629 1690 663 1752; x_wconf 90' lang='lat' dir='ltr'>et</span> <span class='ocrx_word' id='word_1_45' title='bbox 677 1683 801 1750; x_wconf 91' lang='lat' dir='ltr'>racioni</span> <span class='ocrx_word' id='word_1_46' title='bbox 812 1687 1078 1766; x_wconf 86' lang='lat' dir='ltr'>consentaneum,</span> <span class='ocrx_word' id='word_1_47' title='bbox 1095 1689 1131 1748; x_wconf 91' lang='lat' dir='ltr'>nt</span> <span class='ocrx_word' id='word_1_48' title='bbox 1146 1701 1196 1766; x_wconf 88' lang='lat' dir='ltr'>ca,</span> <span class='ocrx_word' id='word_1_49' title='bbox 1215 1701 1280 1765; x_wconf 91' lang='lat' dir='ltr'>que</span> <span class='ocrx_word' id='word_1_50' title='bbox 1288 1682 1439 1767; x_wconf 81' lang='lat' dir='ltr'>legitime</span> 
     </span>
     <span class='ocr_line' id='line_1_7' title="bbox 307 1787 1439 1876; baseline -0.008 -13"><span class='ocrx_word' id='word_1_51' title='bbox 307 1803 340 1864; x_wconf 91' lang='lat' dir='ltr'>et</span> <span class='ocrx_word' id='word_1_52' title='bbox 353 1797 489 1862; x_wconf 87' lang='lat' dir='ltr'>honeste</span> <span class='ocrx_word' id='word_1_53' title='bbox 504 1792 588 1859; x_wconf 89' lang='lat' dir='ltr'>inter</span> <span class='ocrx_word' id='word_1_54' title='bbox 614 1789 777 1876; x_wconf 87' lang='lat' dir='ltr'>quoslibet</span> <span class='ocrx_word' id='word_1_55' title='bbox 792 1787 994 1871; x_wconf 76' lang='lat' dir='ltr'>ordinantur,</span> <span class='ocrx_word' id='word_1_56' title='bbox 1020 1807 1098 1854; x_wconf 88' lang='lat' dir='ltr'>usa</span> <span class='ocrx_word' id='word_1_57' title='bbox 1117 1787 1274 1854; x_wconf 87' lang='lat' dir='ltr'>memoria</span> <span class='ocrx_word' id='word_1_58' title='bbox 1299 1787 1439 1874; x_wconf 83' lang='lat' dir='ltr'>posteri-</span> 
     </span>
     <span class='ocr_line' id='line_1_8' title="bbox 307 1895 1439 1980; baseline -0.007 -8"><span class='ocrx_word' id='word_1_59' title='bbox 307 1904 385 1972; x_wconf 87' lang='lat' dir='ltr'>tatis</span> <span class='ocrx_word' id='word_1_60' title='bbox 400 1900 578 1968; x_wconf 87' lang='lat' dir='ltr'>iteracioue</span> <span class='ocrx_word' id='word_1_61' title='bbox 593 1899 740 1966; x_wconf 89' lang='lat' dir='ltr'>recidiua</span> <span class='ocrx_word' id='word_1_62' title='bbox 749 1897 784 1964; x_wconf 91' lang='lat' dir='ltr'>in</span> <span class='ocrx_word' id='word_1_63' title='bbox 800 1896 1022 1964; x_wconf 82' lang='lat' dir='ltr'>confusionem</span> <span class='ocrx_word' id='word_1_64' title='bbox 1037 1895 1236 1980; x_wconf 76' lang='lat' dir='ltr'>relabantur,</span> <span class='ocrx_word' id='word_1_65' title='bbox 1251 1895 1439 1964; x_wconf 88' lang='lat' dir='ltr'>litterarum</span> 
     </span>
     <span class='ocr_line' id='line_1_9' title="bbox 307 2003 1440 2097; baseline -0.004 -21"><span class='ocrx_word' id='word_1_66' title='bbox 307 2009 490 2097; x_wconf 87' lang='lat' dir='ltr'>patrocinio</span> <span class='ocrx_word' id='word_1_67' title='bbox 507 2005 779 2090; x_wconf 73' lang='lat' dir='ltr'>commendentur,</span> <span class='ocrx_word' id='word_1_68' title='bbox 797 2025 860 2090; x_wconf 86' lang='lat' dir='ltr'>qne</span> <span class='ocrx_word' id='word_1_69' title='bbox 876 2005 973 2072; x_wconf 83' lang='lat' dir='ltr'>rebus</span> <span class='ocrx_word' id='word_1_70' title='bbox 989 2005 1091 2089; x_wconf 85' lang='lat' dir='ltr'>gestis</span> <span class='ocrx_word' id='word_1_71' title='bbox 1106 2003 1204 2070; x_wconf 87' lang='lat' dir='ltr'>fidem</span> <span class='ocrx_word' id='word_1_72' title='bbox 1221 2011 1352 2071; x_wconf 88' lang='lat' dir='ltr'>seruant</span> <span class='ocrx_word' id='word_1_73' title='bbox 1367 2005 1440 2072; x_wconf 86' lang='lat' dir='ltr'>effi-</span> 
     </span>
     <span class='ocr_line' id='line_1_10' title="bbox 309 2111 1440 2202; baseline -0.003 -20"><span class='ocrx_word' id='word_1_74' title='bbox 309 2134 431 2182; x_wconf 89' lang='lat' dir='ltr'>cacem.</span> <span class='ocrx_word' id='word_1_75' title='bbox 457 2117 639 2202; x_wconf 89' lang='lat' dir='ltr'>Eapropter</span> <span class='ocrx_word' id='word_1_76' title='bbox 656 2113 700 2179; x_wconf 91' lang='lat' dir='ltr'>ad</span> <span class='ocrx_word' id='word_1_77' title='bbox 726 2113 951 2182; x_wconf 89' lang='lat' dir='ltr'>uniuersorum</span> <span class='ocrx_word' id='word_1_78' title='bbox 975 2111 1128 2179; x_wconf 81' lang='lat' dir='ltr'>noticiam</span> <span class='ocrx_word' id='word_1_79' title='bbox 1144 2111 1292 2179; x_wconf 90' lang='lat' dir='ltr'>uolumus</span> <span class='ocrx_word' id='word_1_80' title='bbox 1323 2132 1440 2200; x_wconf 90' lang='lat' dir='ltr'>perue-</span> 
     </span>
     <span class='ocr_line' id='line_1_11' title="bbox 309 2219 1440 2308; baseline -0.004 -18"><span class='ocrx_word' id='word_1_81' title='bbox 309 2225 389 2308; x_wconf 88' lang='lat' dir='ltr'>nire,</span> <span class='ocrx_word' id='word_1_82' title='bbox 407 2222 493 2308; x_wconf 88' lang='lat' dir='ltr'>quod</span> <span class='ocrx_word' id='word_1_83' title='bbox 509 2241 581 2288; x_wconf 92' lang='lat' dir='ltr'>cum</span> <span class='ocrx_word' id='word_1_84' title='bbox 596 2219 747 2288; x_wconf 87' lang='lat' dir='ltr'>Ecclesia</span> <span class='ocrx_word' id='word_1_85' title='bbox 762 2219 1014 2306; x_wconf 78' lang='lat' dir='ltr'>vesprimiensis</span> <span class='ocrx_word' id='word_1_86' title='bbox 1032 2219 1198 2302; x_wconf 88' lang='lat' dir='ltr'>quandam</span> <span class='ocrx_word' id='word_1_87' title='bbox 1218 2225 1337 2286; x_wconf 87' lang='lat' dir='ltr'>terram</span> <span class='ocrx_word' id='word_1_88' title='bbox 1353 2219 1440 2304; x_wconf 85' lang='lat' dir='ltr'>Vyz-</span> 
     </span>
     <span class='ocr_line' id='line_1_12' title="bbox 310 2325 1442 2418; baseline -0.004 -20"><span class='ocrx_word' id='word_1_89' title='bbox 310 2329 396 2398; x_wconf 90' lang='lat' dir='ltr'>mich</span> <span class='ocrx_word' id='word_1_90' title='bbox 412 2327 604 2418; x_wconf 87' lang='lat' dir='ltr'>possideret,</span> <span class='ocrx_word' id='word_1_91' title='bbox 621 2329 716 2397; x_wconf 87' lang='lat' dir='ltr'>sitam</span> <span class='ocrx_word' id='word_1_92' title='bbox 732 2327 817 2396; x_wconf 91' lang='lat' dir='ltr'>inter</span> <span class='ocrx_word' id='word_1_93' title='bbox 834 2329 977 2395; x_wconf 89' lang='lat' dir='ltr'>Drauam</span> <span class='ocrx_word' id='word_1_94' title='bbox 995 2335 1027 2395; x_wconf 90' lang='lat' dir='ltr'>et</span> <span class='ocrx_word' id='word_1_95' title='bbox 1042 2326 1189 2394; x_wconf 86' lang='lat' dir='ltr'>Zaratka</span> <span class='ocrx_word' id='word_1_96' title='bbox 1204 2325 1329 2410; x_wconf 89' lang='lat' dir='ltr'>fluuios,</span> <span class='ocrx_word' id='word_1_97' title='bbox 1353 2326 1442 2394; x_wconf 85' lang='lat' dir='ltr'>sicut</span> 
     </span>
     <span class='ocr_line' id='line_1_13' title="bbox 309 2433 1439 2530; baseline -0.006 -23"><span class='ocrx_word' id='word_1_98' title='bbox 309 2438 596 2530; x_wconf 88' lang='lat' dir='ltr'>pervenerabilcm</span> <span class='ocrx_word' id='word_1_99' title='bbox 613 2443 740 2525; x_wconf 91' lang='lat' dir='ltr'>patrem</span> <span class='ocrx_word' id='word_1_100' title='bbox 756 2436 902 2504; x_wconf 88' lang='lat' dir='ltr'>eiusdem</span> <span class='ocrx_word' id='word_1_101' title='bbox 918 2435 981 2503; x_wconf 94' lang='lat' dir='ltr'>loci</span> <span class='ocrx_word' id='word_1_102' title='bbox 993 2435 1187 2522; x_wconf 89' lang='lat' dir='ltr'>Episcopum</span> <span class='ocrx_word' id='word_1_103' title='bbox 1204 2433 1439 2518; x_wconf 81' lang='lat' dir='ltr'>intelleximus,</span> 
     </span>
     <span class='ocr_line' id='line_1_14' title="bbox 311 2543 1440 2634; baseline -0.007 -18"><span class='ocrx_word' id='word_1_104' title='bbox 311 2549 394 2616; x_wconf 88' lang='lat' dir='ltr'>adeo</span> <span class='ocrx_word' id='word_1_105' title='bbox 411 2555 580 2634; x_wconf 88' lang='lat' dir='ltr'>remotam,</span> <span class='ocrx_word' id='word_1_106' title='bbox 607 2552 642 2612; x_wconf 92' lang='lat' dir='ltr'>ut</span> <span class='ocrx_word' id='word_1_107' title='bbox 658 2545 714 2613; x_wconf 86' lang='lat' dir='ltr'>uix</span> <span class='ocrx_word' id='word_1_108' title='bbox 730 2553 786 2614; x_wconf 88' lang='lat' dir='ltr'>aut</span> <span class='ocrx_word' id='word_1_109' title='bbox 801 2564 978 2628; x_wconf 88' lang='lat' dir='ltr'>numquam</span> <span class='ocrx_word' id='word_1_110' title='bbox 994 2549 1169 2631; x_wconf 86' lang='lat' dir='ltr'>prouentus</span> <span class='ocrx_word' id='word_1_111' title='bbox 1190 2543 1318 2626; x_wconf 86' lang='lat' dir='ltr'>aliquos</span> <span class='ocrx_word' id='word_1_112' title='bbox 1334 2543 1440 2629; x_wconf 90' lang='lat' dir='ltr'>perci-</span> 
     </span>
     <span class='ocr_line' id='line_1_15' title="bbox 311 2649 1440 2740; baseline -0.006 -18"><span class='ocrx_word' id='word_1_113' title='bbox 311 2674 390 2740; x_wconf 91' lang='lat' dir='ltr'>pere</span> <span class='ocrx_word' id='word_1_114' title='bbox 405 2653 511 2738; x_wconf 86' lang='lat' dir='ltr'>possit</span> <span class='ocrx_word' id='word_1_115' title='bbox 526 2673 567 2719; x_wconf 86' lang='lat' dir='ltr'>ex</span> <span class='ocrx_word' id='word_1_116' title='bbox 582 2649 718 2738; x_wconf 82' lang='lat' dir='ltr'>eadem3</span> <span class='ocrx_word' id='word_1_117' title='bbox 735 2653 822 2720; x_wconf 90' lang='lat' dir='ltr'>idem</span> <span class='ocrx_word' id='word_1_118' title='bbox 832 2651 1023 2740; x_wconf 76' lang='lat' dir='ltr'>Episcopus,</span> <span class='ocrx_word' id='word_1_119' title='bbox 1039 2658 1076 2718; x_wconf 92' lang='lat' dir='ltr'>ut</span> <span class='ocrx_word' id='word_1_120' title='bbox 1090 2658 1209 2718; x_wconf 88' lang='lat' dir='ltr'>terram</span> <span class='ocrx_word' id='word_1_121' title='bbox 1226 2656 1440 2720; x_wconf 73' lang='lat' dir='ltr'>memoratam</span> 
     </span>
     <span class='ocr_line' id='line_1_16' title="bbox 313 2757 1442 2844; baseline -0.002 -18"><span class='ocrx_word' id='word_1_122' title='bbox 313 2762 347 2826; x_wconf 92' lang='lat' dir='ltr'>iu</span> <span class='ocrx_word' id='word_1_123' title='bbox 363 2758 518 2826; x_wconf 91' lang='lat' dir='ltr'>maiorem</span> <span class='ocrx_word' id='word_1_124' title='bbox 544 2758 649 2842; x_wconf 89' lang='lat' dir='ltr'>ipsius</span> <span class='ocrx_word' id='word_1_125' title='bbox 665 2759 812 2825; x_wconf 84' lang='lat' dir='ltr'>Ecclesia</span> <span class='ocrx_word' id='word_1_126' title='bbox 838 2758 1011 2826; x_wconf 85' lang='lat' dir='ltr'>utilitatem</span> <span class='ocrx_word' id='word_1_127' title='bbox 1027 2765 1239 2842; x_wconf 83' lang='lat' dir='ltr'>conuerteret,</span> <span class='ocrx_word' id='word_1_128' title='bbox 1265 2757 1442 2844; x_wconf 85' lang='lat' dir='ltr'>impetrata</span> 
     </span>
     <span class='ocr_line' id='line_1_17' title="bbox 313 2863 1442 2952; baseline -0.002 -19"><span class='ocrx_word' id='word_1_129' title='bbox 313 2888 335 2933; x_wconf 90' lang='lat' dir='ltr'>a</span> <span class='ocrx_word' id='word_1_130' title='bbox 349 2865 442 2932; x_wconf 83' lang='lat' dir='ltr'>nolris</span> <span class='ocrx_word' id='word_1_131' title='bbox 457 2863 595 2932; x_wconf 89' lang='lat' dir='ltr'>licencia</span> <span class='ocrx_word' id='word_1_132' title='bbox 610 2871 779 2948; x_wconf 91' lang='lat' dir='ltr'>tamquam</span> <span class='ocrx_word' id='word_1_133' title='bbox 795 2886 816 2932; x_wconf 89' lang='lat' dir='ltr'>a</span> <span class='ocrx_word' id='word_1_134' title='bbox 831 2873 979 2952; x_wconf 88' lang='lat' dir='ltr'>patrono,</span> <span class='ocrx_word' id='word_1_135' title='bbox 1006 2884 1078 2931; x_wconf 89' lang='lat' dir='ltr'>cum</span> <span class='ocrx_word' id='word_1_136' title='bbox 1095 2867 1255 2932; x_wconf 88' lang='lat' dir='ltr'>consensu</span> <span class='ocrx_word' id='word_1_137' title='bbox 1275 2866 1326 2933; x_wconf 91' lang='lat' dir='ltr'>sui</span> <span class='ocrx_word' id='word_1_138' title='bbox 1343 2865 1442 2952; x_wconf 76' lang='lat' dir='ltr'>(lapi-</span> 
     </span>
     <span class='ocr_line' id='line_1_18' title="bbox 313 2971 1442 3058; baseline 0 -18"><span class='ocrx_word' id='word_1_139' title='bbox 313 2972 373 3040; x_wconf 91' lang='lat' dir='ltr'>tuli</span> <span class='ocrx_word' id='word_1_140' title='bbox 390 2978 423 3039; x_wconf 89' lang='lat' dir='ltr'>et</span> <span class='ocrx_word' id='word_1_141' title='bbox 446 2971 657 3056; x_wconf 80' lang='lat' dir='ltr'>iobagionum</span> <span class='ocrx_word' id='word_1_142' title='bbox 672 2972 821 3040; x_wconf 83' lang='lat' dir='ltr'>Ecclesia</span> <span class='ocrx_word' id='word_1_143' title='bbox 836 2993 905 3056; x_wconf 90' lang='lat' dir='ltr'>sue,</span> <span class='ocrx_word' id='word_1_144' title='bbox 928 2972 1014 3040; x_wconf 90' lang='lat' dir='ltr'>sicut</span> <span class='ocrx_word' id='word_1_145' title='bbox 1032 2971 1128 3040; x_wconf 91' lang='lat' dir='ltr'>nobis</span> <span class='ocrx_word' id='word_1_146' title='bbox 1152 2973 1239 3042; x_wconf 91' lang='lat' dir='ltr'>idem</span> <span class='ocrx_word' id='word_1_147' title='bbox 1265 2973 1442 3058; x_wconf 90' lang='lat' dir='ltr'>intimauit,</span> 
     </span>
     <span class='ocr_line' id='line_1_19' title="bbox 315 3080 1440 3168; baseline -0.002 -20"><span class='ocrx_word' id='word_1_148' title='bbox 315 3082 432 3148; x_wconf 91' lang='lat' dir='ltr'>dilecto</span> <span class='ocrx_word' id='word_1_149' title='bbox 457 3087 490 3147; x_wconf 92' lang='lat' dir='ltr'>et</span> <span class='ocrx_word' id='word_1_150' title='bbox 504 3081 593 3148; x_wconf 86' lang='lat' dir='ltr'>fideli</span> <span class='ocrx_word' id='word_1_151' title='bbox 619 3087 728 3150; x_wconf 88' lang='lat' dir='ltr'>nostro</span> <span class='ocrx_word' id='word_1_152' title='bbox 746 3081 896 3148; x_wconf 81' lang='lat' dir='ltr'>Michaeli</span> <span class='ocrx_word' id='word_1_153' title='bbox 920 3080 1012 3149; x_wconf 83' lang='lat' dir='ltr'>fratri</span> <span class='ocrx_word' id='word_1_154' title='bbox 1027 3081 1147 3166; x_wconf 86' lang='lat' dir='ltr'>Buuad,</span> <span class='ocrx_word' id='word_1_155' title='bbox 1163 3081 1323 3168; x_wconf 81' lang='lat' dir='ltr'>Magistro</span> <span class='ocrx_word' id='word_1_156' title='bbox 1339 3081 1440 3167; x_wconf 81' lang='lat' dir='ltr'>Depi-</span> 
     </span>
     <span class='ocr_line' id='line_1_20' title="bbox 316 3185 1443 3275; baseline 0.001 -21"><span class='ocrx_word' id='word_1_157' title='bbox 316 3189 457 3256; x_wconf 86' lang='lat' dir='ltr'>serorum</span> <span class='ocrx_word' id='word_1_158' title='bbox 473 3185 601 3254; x_wconf 89' lang='lat' dir='ltr'>domiue</span> <span class='ocrx_word' id='word_1_159' title='bbox 616 3187 741 3274; x_wconf 83' lang='lat' dir='ltr'>Regino</span> <span class='ocrx_word' id='word_1_160' title='bbox 756 3187 930 3255; x_wconf 85' lang='lat' dir='ltr'>karissime</span> <span class='ocrx_word' id='word_1_161' title='bbox 947 3189 1096 3275; x_wconf 84' lang='lat' dir='ltr'>coniugis</span> <span class='ocrx_word' id='word_1_162' title='bbox 1112 3198 1233 3275; x_wconf 92' lang='lat' dir='ltr'>nostre,</span> <span class='ocrx_word' id='word_1_163' title='bbox 1256 3187 1443 3256; x_wconf 88' lang='lat' dir='ltr'>uendicioni</span> 
     </span>
     <span class='ocr_line' id='line_1_21' title="bbox 315 3296 1442 3386; baseline 0.001 -23"><span class='ocrx_word' id='word_1_164' title='bbox 315 3296 463 3384; x_wconf 84' lang='lat' dir='ltr'>exposuit</span> <span class='ocrx_word' id='word_1_165' title='bbox 478 3317 538 3384; x_wconf 92' lang='lat' dir='ltr'>pro</span> <span class='ocrx_word' id='word_1_166' title='bbox 554 3303 680 3362; x_wconf 89' lang='lat' dir='ltr'>centum</span> <span class='ocrx_word' id='word_1_167' title='bbox 697 3297 816 3366; x_wconf 90' lang='lat' dir='ltr'>marcis</span> <span class='ocrx_word' id='word_1_168' title='bbox 832 3299 978 3385; x_wconf 75' lang='lat' dir='ltr'>argenti,</span> <span class='ocrx_word' id='word_1_169' title='bbox 1001 3317 1100 3383; x_wconf 88' lang='lat' dir='ltr'>quam</span> <span class='ocrx_word' id='word_1_170' title='bbox 1114 3299 1252 3386; x_wconf 89' lang='lat' dir='ltr'>pecunie</span> <span class='ocrx_word' id='word_1_171' title='bbox 1271 3317 1442 3380; x_wconf 85' lang='lat' dir='ltr'>summam,</span> 
     </span>
     <span class='ocr_line' id='line_1_22' title="bbox 315 3404 1444 3494; baseline 0.002 -24"><span class='ocrx_word' id='word_1_172' title='bbox 315 3404 399 3470; x_wconf 90' lang='lat' dir='ltr'>sicut</span> <span class='ocrx_word' id='word_1_173' title='bbox 424 3404 530 3470; x_wconf 87' lang='lat' dir='ltr'>dictus</span> <span class='ocrx_word' id='word_1_174' title='bbox 546 3404 728 3492; x_wconf 80' lang='lat' dir='ltr'>Episcopus</span> <span class='ocrx_word' id='word_1_175' title='bbox 752 3427 811 3494; x_wconf 88' lang='lat' dir='ltr'>per</span> <span class='ocrx_word' id='word_1_176' title='bbox 836 3425 913 3474; x_wconf 87' lang='lat' dir='ltr'>suas</span> <span class='ocrx_word' id='word_1_177' title='bbox 937 3407 1031 3474; x_wconf 89' lang='lat' dir='ltr'>uobis</span> <span class='ocrx_word' id='word_1_178' title='bbox 1057 3407 1184 3474; x_wconf 90' lang='lat' dir='ltr'>litteras</span> <span class='ocrx_word' id='word_1_179' title='bbox 1211 3405 1371 3473; x_wconf 86' lang='lat' dir='ltr'>ueraciter</span> <span class='ocrx_word' id='word_1_180' title='bbox 1386 3404 1444 3472; x_wconf 92' lang='lat' dir='ltr'>de-</span> 
     </span>
     <span class='ocr_line' id='line_1_23' title="bbox 315 3502 1445 3601; baseline 0.003 -23"><span class='ocrx_word' id='word_1_181' title='bbox 315 3511 496 3596; x_wconf 89' lang='lat' dir='ltr'>mandauit,</span> <span class='ocrx_word' id='word_1_182' title='bbox 521 3511 617 3597; x_wconf 88' lang='lat' dir='ltr'>pleno</span> <span class='ocrx_word' id='word_1_183' title='bbox 631 3513 754 3599; x_wconf 90' lang='lat' dir='ltr'>recepit</span> <span class='ocrx_word' id='word_1_184' title='bbox 769 3521 802 3581; x_wconf 90' lang='lat' dir='ltr'>et</span> <span class='ocrx_word' id='word_1_185' title='bbox 817 3513 970 3601; x_wconf 84' lang='lat' dir='ltr'>perfecte.</span> <span class='ocrx_word' id='word_1_186' title='bbox 986 3517 1028 3581; x_wconf 88' lang='lat' dir='ltr'>Et</span> <span class='ocrx_word' id='word_1_187' title='bbox 1043 3513 1092 3582; x_wconf 93' lang='lat' dir='ltr'>sic</span> <span class='ocrx_word' id='word_1_188' title='bbox 1109 3521 1199 3582; x_wconf 90' lang='lat' dir='ltr'>terra</span> <span class='ocrx_word' id='word_1_189' title='bbox 1216 3502 1445 3600; x_wconf 85' lang='lat' dir='ltr'>prenominata</span> 
     </span>
     <span class='ocr_line' id='line_1_24' title="bbox 316 3618 1445 3709; baseline 0.002 -23"><span class='ocrx_word' id='word_1_190' title='bbox 316 3621 350 3686; x_wconf 91' lang='lat' dir='ltr'>in</span> <span class='ocrx_word' id='word_1_191' title='bbox 366 3638 458 3686; x_wconf 92' lang='lat' dir='ltr'>usum</span> <span class='ocrx_word' id='word_1_192' title='bbox 475 3625 507 3686; x_wconf 91' lang='lat' dir='ltr'>et</span> <span class='ocrx_word' id='word_1_193' title='bbox 522 3618 784 3689; x_wconf 89' lang='lat' dir='ltr'>iurisdiccionem</span> <span class='ocrx_word' id='word_1_194' title='bbox 810 3621 989 3708; x_wconf 83' lang='lat' dir='ltr'>supradicti</span> <span class='ocrx_word' id='word_1_195' title='bbox 1005 3622 1155 3708; x_wconf 74' lang='lat' dir='ltr'>Magistri</span> <span class='ocrx_word' id='word_1_196' title='bbox 1170 3623 1212 3689; x_wconf 83' lang='lat' dir='ltr'>nl.</span> <span class='ocrx_word' id='word_1_197' title='bbox 1232 3621 1445 3709; x_wconf 87' lang='lat' dir='ltr'>perhenniter</span> 
     </span>
     <span class='ocr_line' id='line_1_25' title="bbox 315 3725 1439 3818; baseline -0.001 -21"><span class='ocrx_word' id='word_1_198' title='bbox 315 3735 367 3797; x_wconf 90' lang='lat' dir='ltr'>est</span> <span class='ocrx_word' id='word_1_199' title='bbox 382 3746 549 3794; x_wconf 90' lang='lat' dir='ltr'>conuersa.</span> <span class='ocrx_word' id='word_1_200' title='bbox 567 3725 665 3795; x_wconf 76' lang='lat' dir='ltr'>Euius</span> <span class='ocrx_word' id='word_1_201' title='bbox 682 3734 776 3814; x_wconf 86' lang='lat' dir='ltr'>meto,</span> <span class='ocrx_word' id='word_1_202' title='bbox 793 3729 877 3798; x_wconf 90' lang='lat' dir='ltr'>sicut</span> <span class='ocrx_word' id='word_1_203' title='bbox 893 3729 926 3798; x_wconf 92' lang='lat' dir='ltr'>in</span> <span class='ocrx_word' id='word_1_204' title='bbox 941 3729 1044 3818; x_wconf 86' lang='lat' dir='ltr'>ipsius</span> <span class='ocrx_word' id='word_1_205' title='bbox 1054 3731 1211 3818; x_wconf 78' lang='lat' dir='ltr'>Episcopi</span> <span class='ocrx_word' id='word_1_206' title='bbox 1230 3729 1347 3800; x_wconf 89' lang='lat' dir='ltr'>litteris</span> <span class='ocrx_word' id='word_1_207' title='bbox 1364 3749 1439 3798; x_wconf 91' lang='lat' dir='ltr'>con-</span> 
     </span>
     <span class='ocr_line' id='line_1_26' title="bbox 315 3835 1442 3923; baseline -0.003 -18"><span class='ocrx_word' id='word_1_208' title='bbox 315 3835 410 3905; x_wconf 90' lang='lat' dir='ltr'>tineri</span> <span class='ocrx_word' id='word_1_209' title='bbox 427 3835 663 3923; x_wconf 82' lang='lat' dir='ltr'>perspeximus,</span> <span class='ocrx_word' id='word_1_210' title='bbox 689 3837 750 3904; x_wconf 92' lang='lat' dir='ltr'>hoc</span> <span class='ocrx_word' id='word_1_211' title='bbox 767 3835 880 3906; x_wconf 90' lang='lat' dir='ltr'>ordine</span> <span class='ocrx_word' id='word_1_212' title='bbox 895 3837 1114 3923; x_wconf 82' lang='lat' dir='ltr'>distinguntur</span> <span class='ocrx_word' id='word_1_213' title='bbox 1132 3861 1140 3903; x_wconf 74' lang='grc' dir='ltr'><em>τ</em></span> <span class='ocrx_word' id='word_1_214' title='bbox 1164 3839 1274 3905; x_wconf 89' lang='lat' dir='ltr'>Prima</span> <span class='ocrx_word' id='word_1_215' title='bbox 1290 3843 1379 3905; x_wconf 85' lang='lat' dir='ltr'>meta</span> <span class='ocrx_word' id='word_1_216' title='bbox 1395 3837 1442 3902; x_wconf 90' lang='lat' dir='ltr'>in-</span> 
     </span>
     <span class='ocr_line' id='line_1_27' title="bbox 316 3945 1445 4033; baseline 0.002 -23"><span class='ocrx_word' id='word_1_217' title='bbox 316 3945 431 4031; x_wconf 89' lang='lat' dir='ltr'>cipita</span> <span class='ocrx_word' id='word_1_218' title='bbox 455 3951 550 4031; x_wconf 85' lang='lat' dir='ltr'>parte</span> <span class='ocrx_word' id='word_1_219' title='bbox 574 3945 724 4012; x_wconf 83' lang='lat' dir='ltr'>orientali</span> <span class='ocrx_word' id='word_1_220' title='bbox 750 3945 844 4013; x_wconf 90' lang='lat' dir='ltr'>iuxta</span> <span class='ocrx_word' id='word_1_221' title='bbox 868 3965 988 4030; x_wconf 88' lang='lat' dir='ltr'>aquam</span> <span class='ocrx_word' id='word_1_222' title='bbox 1015 3948 1172 4033; x_wconf 76' lang='lat' dir='ltr'>zuratka,</span> <span class='ocrx_word' id='word_1_223' title='bbox 1200 3947 1256 4016; x_wconf 90' lang='lat' dir='ltr'>ubi</span> <span class='ocrx_word' id='word_1_224' title='bbox 1280 3955 1331 4016; x_wconf 87' lang='lat' dir='ltr'>cst</span> <span class='ocrx_word' id='word_1_225' title='bbox 1355 3953 1445 4013; x_wconf 88' lang='lat' dir='ltr'>meta</span> 
     </span>
     <span class='ocr_line' id='line_1_28' title="bbox 315 4052 1445 4140; baseline 0.005 -23"><span class='ocrx_word' id='word_1_226' title='bbox 315 4057 432 4135; x_wconf 83' lang='lat' dir='ltr'>temen,</span> <span class='ocrx_word' id='word_1_227' title='bbox 450 4059 483 4120; x_wconf 88' lang='lat' dir='ltr'>et</span> <span class='ocrx_word' id='word_1_228' title='bbox 498 4057 583 4118; x_wconf 90' lang='lat' dir='ltr'>ultra</span> <span class='ocrx_word' id='word_1_229' title='bbox 597 4053 735 4118; x_wconf 87' lang='lat' dir='ltr'>eandem</span> <span class='ocrx_word' id='word_1_230' title='bbox 751 4071 871 4138; x_wconf 89' lang='lat' dir='ltr'>aquam</span> <span class='ocrx_word' id='word_1_231' title='bbox 887 4052 920 4118; x_wconf 91' lang='lat' dir='ltr'>in</span> <span class='ocrx_word' id='word_1_232' title='bbox 936 4059 1029 4140; x_wconf 89' lang='lat' dir='ltr'>parte</span> <span class='ocrx_word' id='word_1_233' title='bbox 1045 4053 1181 4122; x_wconf 72' lang='lat' dir='ltr'>anomali</span> <span class='ocrx_word' id='word_1_234' title='bbox 1201 4059 1445 4123; x_wconf 85' lang='lat' dir='ltr'>commetaueus</span> 
     </span>
     <span class='ocr_line' id='line_1_29' title="bbox 316 4157 1444 4246; baseline 0.005 -22"><span class='ocrx_word' id='word_1_235' title='bbox 316 4167 366 4225; x_wconf 90' lang='lat' dir='ltr'>cst</span> <span class='ocrx_word' id='word_1_236' title='bbox 381 4157 538 4226; x_wconf 81' lang='lat' dir='ltr'>Oazmnta</span> <span class='ocrx_word' id='word_1_237' title='bbox 562 4179 636 4227; x_wconf 93' lang='lat' dir='ltr'>cum</span> <span class='ocrx_word' id='word_1_238' title='bbox 651 4159 867 4245; x_wconf 83' lang='lat' dir='ltr'>generacioue</span> <span class='ocrx_word' id='word_1_239' title='bbox 881 4180 959 4246; x_wconf 74' lang='lat' dir='ltr'>sua,</span> <span class='ocrx_word' id='word_1_240' title='bbox 988 4167 1020 4228; x_wconf 89' lang='lat' dir='ltr'>et</span> <span class='ocrx_word' id='word_1_241' title='bbox 1036 4161 1112 4228; x_wconf 92' lang='lat' dir='ltr'>inde</span> <span class='ocrx_word' id='word_1_242' title='bbox 1137 4161 1231 4231; x_wconf 94' lang='lat' dir='ltr'>uadit</span> <span class='ocrx_word' id='word_1_243' title='bbox 1246 4181 1362 4231; x_wconf 88' lang='lat' dir='ltr'>uersus</span> <span class='ocrx_word' id='word_1_244' title='bbox 1378 4181 1444 4230; x_wconf 92' lang='lat' dir='ltr'>me·</span> 
     </span>
     <span class='ocr_line' id='line_1_30' title="bbox 316 4264 1448 4356; baseline 0.005 -26"><span class='ocrx_word' id='word_1_245' title='bbox 316 4264 442 4350; x_wconf 92' lang='lat' dir='ltr'>ridiem,</span> <span class='ocrx_word' id='word_1_246' title='bbox 470 4266 593 4332; x_wconf 83' lang='lat' dir='ltr'>atinde</span> <span class='ocrx_word' id='word_1_247' title='bbox 618 4288 733 4354; x_wconf 91' lang='lat' dir='ltr'>parum</span> <span class='ocrx_word' id='word_1_248' title='bbox 760 4267 864 4335; x_wconf 86' lang='lat' dir='ltr'>eundo</span> <span class='ocrx_word' id='word_1_249' title='bbox 879 4275 930 4336; x_wconf 93' lang='lat' dir='ltr'>est</span> <span class='ocrx_word' id='word_1_250' title='bbox 946 4272 1180 4356; x_wconf 87' lang='lat' dir='ltr'>meta&#39;terrea;</span> <span class='ocrx_word' id='word_1_251' title='bbox 1207 4269 1326 4337; x_wconf 86' lang='lat' dir='ltr'>deinde</span> <span class='ocrx_word' id='word_1_252' title='bbox 1352 4270 1448 4338; x_wconf 88' lang='lat' dir='ltr'>uadit</span> 
     </span>
     <span class='ocr_line' id='line_1_31' title="bbox 316 4371 1445 4462; baseline 0.009 -27"><span class='ocrx_word' id='word_1_253' title='bbox 316 4371 523 4454; x_wconf 84' lang='lat' dir='ltr'>pereundam</span> <span class='ocrx_word' id='word_1_254' title='bbox 540 4392 689 4458; x_wconf 90' lang='lat' dir='ltr'>campum</span> <span class='ocrx_word' id='word_1_255' title='bbox 699 4373 742 4442; x_wconf 91' lang='lat' dir='ltr'>ad</span> <span class='ocrx_word' id='word_1_256' title='bbox 759 4375 932 4461; x_wconf 84' lang='lat' dir='ltr'>quemdam</span> <span class='ocrx_word' id='word_1_257' title='bbox 948 4377 1168 4462; x_wconf 89' lang='lat' dir='ltr'>monticulum,</span> <span class='ocrx_word' id='word_1_258' title='bbox 1185 4384 1219 4444; x_wconf 89' lang='lat' dir='ltr'>et</span> <span class='ocrx_word' id='word_1_259' title='bbox 1233 4377 1280 4443; x_wconf 94' lang='lat' dir='ltr'>ibi</span> <span class='ocrx_word' id='word_1_260' title='bbox 1290 4384 1341 4446; x_wconf 90' lang='lat' dir='ltr'>est</span> <span class='ocrx_word' id='word_1_261' title='bbox 1357 4385 1445 4445; x_wconf 86' lang='lat' dir='ltr'>meta</span> 
     </span>
     <span class='ocr_line' id='line_1_32' title="bbox 318 4476 1444 4564; baseline 0.006 -19"><span class='ocrx_word' id='word_1_262' title='bbox 318 4483 434 4560; x_wconf 87' lang='lat' dir='ltr'>terrea,</span> <span class='ocrx_word' id='word_1_263' title='bbox 449 4476 505 4543; x_wconf 90' lang='lat' dir='ltr'>nbi</span> <span class='ocrx_word' id='word_1_264' title='bbox 521 4479 556 4544; x_wconf 92' lang='lat' dir='ltr'>in</span> <span class='ocrx_word' id='word_1_265' title='bbox 571 4487 665 4564; x_wconf 87' lang='lat' dir='ltr'>parte</span> <span class='ocrx_word' id='word_1_266' title='bbox 681 4482 832 4550; x_wconf 87' lang='lat' dir='ltr'>orientali</span> <span class='ocrx_word' id='word_1_267' title='bbox 849 4491 1090 4552; x_wconf 89' lang='lat' dir='ltr'>commetaueus</span> <span class='ocrx_word' id='word_1_268' title='bbox 1107 4491 1157 4552; x_wconf 90' lang='lat' dir='ltr'>est</span> <span class='ocrx_word' id='word_1_269' title='bbox 1172 4483 1261 4553; x_wconf 81' lang='lat' dir='ltr'>Otolr</span> <span class='ocrx_word' id='word_1_270' title='bbox 1276 4483 1362 4552; x_wconf 86' lang='lat' dir='ltr'>lilius</span> <span class='ocrx_word' id='word_1_271' title='bbox 1377 4484 1444 4552; x_wconf 84' lang='lat' dir='ltr'>Na-</span> 
     </span>
     <span class='ocr_line' id='line_1_33' title="bbox 318 4584 1444 4678; baseline 0.009 -28"><span class='ocrx_word' id='word_1_272' title='bbox 318 4584 433 4669; x_wconf 88' lang='lat' dir='ltr'>nadei;</span> <span class='ocrx_word' id='word_1_273' title='bbox 462 4591 495 4650; x_wconf 91' lang='lat' dir='ltr'>et</span> <span class='ocrx_word' id='word_1_274' title='bbox 511 4584 587 4652; x_wconf 92' lang='lat' dir='ltr'>inde</span> <span class='ocrx_word' id='word_1_275' title='bbox 612 4586 703 4654; x_wconf 89' lang='lat' dir='ltr'>uadit</span> <span class='ocrx_word' id='word_1_276' title='bbox 718 4589 762 4655; x_wconf 93' lang='lat' dir='ltr'>ad</span> <span class='ocrx_word' id='word_1_277' title='bbox 787 4591 962 4673; x_wconf 88' lang='lat' dir='ltr'>quamdam</span> <span class='ocrx_word' id='word_1_278' title='bbox 987 4592 1106 4659; x_wconf 90' lang='lat' dir='ltr'>uallem</span> <span class='ocrx_word' id='word_1_279' title='bbox 1126 4611 1239 4660; x_wconf 89' lang='lat' dir='ltr'>uersus</span> <span class='ocrx_word' id='word_1_280' title='bbox 1264 4588 1444 4678; x_wconf 91' lang='lat' dir='ltr'>meridiem,</span> 
     </span>
    </p>
   </div>
   <div class='ocr_carea' id='block_1_3' title="bbox 0 0 1588 5154">
    <p class='ocr_par' dir='ltr' id='par_1_3' title="bbox 0 0 1588 5154">
     <span class='ocr_line' id='line_1_34' title="bbox 0 0 1588 5154; baseline 0 0"><span class='ocrx_word' id='word_1_281' title='bbox 0 0 1588 5154; x_wconf 95' lang='lat' dir='ltr'> </span> 
     </span>
    </p>
   </div>
  </div>
 </body>
</html>
