3134 5158
557 273 709 373 gea-

84 487 169 551 super
184 467 245 552 hijs
271 473 384 535 contra
409 471 632 537 concessionis
658 475 767 538 nostre
792 475 937 537 tenorem
964 469 1006 534 ab
1032 469 1194 556 aliquibus

85 576 212 642 indebite
243 579 437 663 molestare;
471 581 697 647 molestatores
724 577 908 645 huiusmodi
935 597 993 664 per
1024 597 1195 645 censuram

85 683 335 772 saraiastiean,
364 687 592 774 appellatione
617 687 822 776 postposita,
851 686 1104 778 compescendo,
1131 707 1196 754 non

83 793 237 878 amante,
262 796 291 861 si
316 794 488 883 aliquibus,
514 796 600 880 quod
625 797 915 880 excommunicari,
945 795 1113 882 suspendi,
1141 795 1195 860 uel

84 900 229 987 interdici,
258 908 315 969 aut
330 905 497 970 conueniri
523 912 617 971 extra
632 911 721 971 certa
736 905 808 972 loca
824 925 888 972 non
905 905 1045 990 valeant,
1073 925 1094 970 a
1109 901 1196 970 Sede

84 1009 260 1093 Apostolica
285 1010 329 1076 sit
352 1010 521 1095 indultum,
554 1017 586 1078 et
610 1013 839 1079 constitutione
868 1011 909 1078 de
933 1011 1061 1079 duabus
1088 1011 1196 1097 dietis,

84 1117 160 1183 edita
176 1119 207 1183 in
224 1117 372 1186 Concilio
398 1120 563 1187 Generali.
589 1121 708 1188 Datum
734 1121 884 1206 Anagnie
904 1122 959 1187 IV.
985 1140 1088 1187 nones
1104 1118 1195 1186 Octo

85 1228 149 1310 bris,
165 1227 375 1296 Pontificatus
393 1230 496 1297 nostri
511 1250 599 1298 anno
614 1230 690 1298 XII.

95 1411 103 1428 ⁸
171 1441 219 1514 (m
233 1445 336 1497 stenen
349 1442 415 1498 usn
429 1447 523 1500 nuum
537 1443 655 1508 nannet,
669 1448 783 1514 nsgyar
796 1448 861 1500 eron
876 1449 912 1500 n.
927 1448 981 1500 nos.
995 1447 1055 1498 sus.
1069 1445 1099 1514 1.)

634 1757 767 1764 ...--··—

91 2431 200 2499 Roidnd
217 2435 322 2500 addar
337 2458 357 2498 a
375 2433 396 2497 I
400 2432 434 2497 V.
451 2433 530 2498 Beda
544 2433 709 2519 ladrdlpaak
725 2433 835 2520 Lapsa
858 2441 935 2498 arcad
958 2435 1085 2500 dirtokot
1103 2461 1123 2500 a
1142 2436 1194 2500 do·

90 2543 235 2607 narrt-orob
250 2544 378 2608 aaaadru'
386 2554 560 2606 monastero
575 2548 723 2608 cadauera
738 2546 889 2629 tcirppazd
905 2543 1098 2628 mnrdnydt
1104 2541 1196 2626 sopa-

501 2650 655 2734 natosr'tja.
672 2650 769 2714 1254.

179 2847 248 2914 Nos
266 2843 433 2914 Rolandus
450 2847 621 2913 Palatinus
638 2853 670 2913 ct
686 2845 803 2914 Comes
819 2845 1028 2915 Posoniensis
1045 2845 1196 2913 omnibus

92 2967 241 3036 presentes
267 2955 464 3042 inspecturis
491 2954 641 3022 duximus
668 2955 927 3040 significandum,
953 2955 1039 3038 quod
1064 2973 1136 3019 cum
1156 2973 1197 3019 ex

92 3073 227 3151 precepto
254 3064 377 3133 domini
402 3065 438 3132 B.
465 3065 564 3150 Regis
590 3065 733 3150 Vngarie
760 3065 842 3132 infra
867 3063 1061 3130 Comitatum
1086 3062 1197 3128 Ferrei

92 3167 179 3237 Custri
195 3183 299 3264 terras
317 3173 422 3240 (taetri
439 3171 582 3239 eiusdem
599 3169 748 3240 adestne
764 3172 908 3239 indebite
929 3172 1090 3238 alienatas
1107 3191 1196 3236 reno-

93 3295 221 3348 caremus
245 3279 360 3348 ordine
384 3279 574 3366 indiciuri0;
600 3281 683 3346 inter
708 3285 816 3348 cetera
840 3279 1025 3368 Capitulum
1051 3278 1198 3346 Ecclesie

94 3383 188 3454 Sancti
203 3389 351 3455 Mieaelis
376 3387 418 3455 de
433 3389 554 3454 Ferrea
571 3386 684 3457 Castro
711 3388 856 3456 exhibuit
870 3389 966 3454 nobis
989 3386 1196 3474 priuilegium

94 3491 120 3556 B.
135 3495 238 3582 Regis.
256 3495 355 3564 Cuius
370 3503 463 3563 tenor
479 3497 556 3563 talis
572 3505 660 3564 erat:

183 3605 264 3671 Bela
279 3603 342 3671 Dei
366 3603 482 3690 gracia
505 3603 568 3671 stb.
595 3603 807 3691 (kdvetkezilr
832 3604 913 3670 Belo
937 3601 1114 3690 kirtlynak
1141 3603 1198 3670 olr-

96 3713 206 3798 nrtnya,
223 3713 305 3780 mint
320 3713 451 3781 lentebb
470 3717 545 3784 102.
562 3735 606 3780 sn.
624 3713 670 3802 a.)

184 3823 253 3891 Nos
268 3823 368 3908 igitur
378 3823 613 3891 continenciam
624 3821 769 3891 eiusdem
785 3821 948 3910 priuilegii
963 3825 1068 3886 ratam
1079 3817 1197 3885 baben·
1285 3814 1289 3831 ⁴

96 3931 133 3993 tes
147 3936 175 3996 et
189 3929 324 4017 firmam,
341 3937 463 3998 terram
479 3931 736 4018 prenominatam
754 3951 813 4016 pro
830 3933 900 3996 iure
915 3927 1061 3994 Ecclesie
1084 3947 1196 4013 supra-

99 4032 176 4126 dicte,
191 4039 391 4108 inmobiliter
401 4045 487 4107 stare
497 4040 721 4128 permisimus5
740 4045 772 4106 et
787 4039 862 4104 licet
878 4037 981 4123 ipsum
992 4035 1198 4120 priuilegium

99 4143 240 4215 sufficiens
258 4147 430 4216 videbatur
456 4169 529 4216 esse
545 4169 603 4236 per
618 4149 728 4218 omniu
743 4146 786 4214 ad
801 4148 863 4214 hoc
882 4143 1063 4230 negocium,
1090 4151 1199 4212 tumen

45 4291 46 4304 κ
100 4253 291 4326 edmaiorem
308 4257 451 4326 eiusdem
468 4259 517 4324 rei
534 4259 706 4344 cautelam,
732 4265 764 4325 et
780 4255 822 4322 ad
839 4253 1034 4320 instanciam
1050 4251 1199 4320 Fratrum

46 4349 47 4352 '
99 4357 320 4432 Predieatorum
345 4371 514 4450 presentes
540 4365 666 4432 litteras
683 4385 754 4430 cum
770 4361 946 4429 munimine
970 4359 1070 4427 nostri
1095 4361 1199 4446 sigilli

47 4473 48 4476 ’
101 4465 228 4554 Cupitulo
246 4473 353 4540 Gastri
369 4474 480 4541 Ferrei
499 4473 540 4540 de
555 4473 705 4541 Ecclesia
719 4473 828 4540 Sancti
840 4469 987 4538 Micaclis
1002 4468 1036 4534 in
1055 4469 1198 4538 testimo·

48 4563 51 4622 l
102 4575 167 4645 niun
191 4581 360 4669 priuilegii
385 4580 506 4648 domini
522 4583 620 4668 Regis
647 4583 797 4650 duximus
815 4577 1050 4648 concedendas.
1076 4579 1195 4648 Datum

137 4715 227 4757 toruus.
244 4721 326 4758 aune.
343 4719 412 4756 urar.
433 4729 468 4739 —
489 4721 560 4756 nuru.
579 4713 603 4750 1²
996 4696 1036 4750 24
