3122 5154
565 328 721 428 gr„

79 526 177 612 iuerat,
209 523 341 612 penitus
363 526 533 614 sepiendo.
560 525 714 594 Constitit
737 533 846 594 eutem
872 529 964 596 nobis
989 549 1048 615 per
1076 531 1203 600 litteras

81 633 208 721 Capituli
227 632 480 720 Obeuadiensis,
508 654 569 701 nee
594 655 658 701 non
674 655 734 721 per
759 634 885 702 litteras
907 635 1048 704 Abbatis
1073 644 1106 704 et
1121 637 1204 707 Gou-

81 749 183 810 ueutus
202 741 245 809 de
257 743 399 826 Zeumg,
418 741 504 826 qued
521 742 595 827 ipsa
612 761 739 809 summa
748 743 895 828 pecunie,
914 741 1204 814 uidelieeteentnm
1343 761 1345 768 ’

78 869 171 918 meree
188 850 340 937 plenarie
355 869 415 938 per
431 851 623 935 Magistrum
638 851 751 918 Buzad
776 850 954 917 seeundum
969 849 1105 918 formam
1124 873 1201 922 een-

79 958 234 1024 ueueienis
264 977 377 1026 eurum
399 957 536 1024 inissent
551 958 672 1024 Abbati
696 965 729 1025 et
744 956 926 1026 conuentui
951 961 1198 1045 prememoratis

78 1066 253 1150 persointe3
280 1085 322 1132 ea
338 1075 449 1132 tamen
475 1065 694 1132 eonueneiene
719 1086 759 1132 ae
783 1065 972 1133 eondieione
996 1067 1200 1154 interposita,

78 1175 155 1257 quud
170 1176 200 1240 si
218 1195 363 1260 uuquam
375 1174 494 1259 aliquis
511 1174 713 1262 sepedictum
722 1175 915 1260 Magistrum
925 1175 1036 1242 Buzad
1053 1197 1201 1264 presepe

78 1292 248 1352 memorato
275 1285 389 1370 predio
405 1285 511 1351 Zobor
526 1283 626 1350 uellet
649 1285 814 1369 impetere,
830 1284 943 1351 Abbae
967 1290 1000 1352 et
1016 1283 1200 1354 conuentus

78 1389 110 1456 de
124 1392 253 1477 Zeurug
284 1391 390 1458 modis
406 1391 555 1459 omnibus
571 1392 653 1459 tueri
678 1390 818 1458 fideliter
833 1397 1004 1458 teneretur.
1032 1393 1073 1458 Vt
1089 1399 1199 1460 autem

77 1499 166 1567 series
183 1501 281 1567 buius
298 1499 377 1568 faeti
393 1507 582 1586 perpetuum
598 1501 760 1567 firmitatis
776 1499 873 1566 robur
890 1499 1042 1584 obtineat,
1068 1519 1196 1584 presen·

77 1613 131 1670 tem
156 1607 314 1692 paginam
334 1607 477 1694 duplicis
496 1607 596 1691 sigilli
622 1607 723 1673 nestri
742 1605 915 1672 munimine
940 1605 1092 1672 iussimus
1109 1609 1200 1676 robo-

77 1715 140 1780 rari.
157 1717 274 1780 Actum
292 1714 466 1782 Dominiee
486 1715 729 1782 incarnacionis
754 1716 799 1781 Μο
810 1712 874 1780 00⁰
885 1712 994 1780 XXX⁰
1007 1713 1130 1796 vmr,
1155 1715 1200 1782 X⁰

76 1823 228 1890 kalendas
242 1824 448 1909 Deeembrie,
465 1824 567 1909 Regni
591 1832 700 1892 autem
719 1823 820 1892 nostri
843 1843 930 1888 anno
956 1820 1079 1906 quinto.

76 2003 203 2064 (Ersdetie
216 2001 393 2071 birhtrtyrim
413 2005 525 2072 melyrbl
538 2020 555 2056 a
567 2003 658 2072 kirtly
671 2006 760 2058 kettb's
778 2001 953 2072 peesetjenek
972 2002 1100 2056 teredeke
1121 2003 1198 2071 fflgp,

374 2112 392 2146 a
405 2097 489 2148 budai
502 2098 553 2150 kir.
566 2098 688 2150 kamerai
702 2093 892 2164 levtlttrban.)

510 2367 764 2378 ι--ι-ι-ι--ιι-ιι-

599 2796 655 2867 bl.

73 2972 166 3062 Diues
179 2975 284 3040 nudor
302 2997 322 3040 a
338 2975 439 3042 Perat
463 2979 494 3042 6⁸
511 2977 672 3044 Limaeam
698 2978 816 3066 anyjek
832 2973 1072 3066 jepyajctade'ka
1090 2977 1194 3064 jopen

71 3077 149 3147 illut
170 3082 223 3148 ket
237 3084 349 3170 ekenpi
367 3081 474 3169 feldet
499 3084 667 3172 Caenperea
683 3109 705 3151 a
720 3085 848 3154 Humor
870 3083 991 3165 mellea,
1016 3082 1192 3170 melyneka

72 3187 150 3252 naa
159 3189 391 3277 mebtpbeli
400 3191 521 3280 Panpit
535 3197 654 3260 retexere
668 3195 711 3258 14
720 3195 881 3259 mdrkdert
892 3191 1001 3260 benet
1009 3191 1190 3278 ‹iterryedese

71 3295 233 3362 memmae·
248 3295 335 3364 anthe
345 3303 552 3388 mepepyeztek
568 3301 640 3388 velt,
656 3305 780 3368 miatdn
795 3301 903 3367 katte
915 3301 1000 3366 Pisa
1016 3301 1048 3364 ta
1058 3297 1194 3364 Ebrinez

68 3403 177 3492 perbuj
192 3407 290 3492 atjdn
306 3407 397 3494 lapda
407 3407 543 3474 beinthem
559 3408 834 3476 maraeatultattak
850 3411 881 3475 ee
896 3405 1025 3474 haletre
1035 3404 1192 3487 titianae,

69 3515 142 3576 «14
156 3513 274 3579 marka
289 3537 345 3600 epy
361 3516 616 3583 barmuddnalea
633 3517 775 3584 karosrtit
784 3515 882 3604 felde,
901 3515 952 3581 ket
968 3511 1193 3580 barmadrtnak

65 3619 154 3707 pediy
168 3622 242 3688 reka·
266 3625 346 3688 mint
362 3621 432 3689 bird
454 3626 573 3690 resae're
598 3630 710 3692 tbrtent
725 3625 870 3710 lpizetese
889 3625 978 3706 atde,
1004 3645 1042 3688 aa
1066 3618 1192 3687 emltiett

213 3729 400 3814 Panyitnak
414 3730 493 3814 irati,
509 3733 543 3796 er
559 3742 604 3797 eat
619 3731 700 3796 abba
715 3730 923 3818 beiptattatp‘a.
939 3730 1037 3795 1239.

174 3907 344 3974 Dionisius
369 3909 432 3975 Dei
458 3909 572 3994 gracia
599 3909 767 3976 Palatinus
793 3912 825 3974 et
851 3908 966 3975 Comes
993 3905 1034 3972 de
1058 3904 1184 3989 Zonuk,

66 4013 208 4081 omnibus
224 4021 394 4099 presentes
419 4015 543 4083 litteras
561 4017 754 4102 inspecturis
770 4017 907 4084 salutem
930 4015 965 4080 in
981 4012 1095 4082 salutis
1113 4029 1187 4077 aue-

66 4128 133 4187 tere.
151 4123 514 4192 Uniuereorumnetieie
531 4125 734 4210 presencium
745 4131 857 4192 tenere
868 4121 1017 4187 duximus
1038 4117 1188 4184 intiman-

65 4226 142 4316 dum,
167 4232 258 4314 qued
274 4231 376 4298 Ponet
391 4231 432 4298 de
448 4252 567 4316 genere
583 4233 681 4317 Rata,
698 4235 841 4298 Pousam
866 4237 898 4296 et
913 4226 1127 4295 Laureneium
1143 4227 1188 4294 ad

10 4379 12 4426 p
63 4347 200 4406 uernam
216 4339 332 4408 eitauit
346 4340 559 4427 proaemium,
583 4341 792 4428 proponendo
809 4346 923 4407 eontra
938 4357 1005 4424 ees,
1021 4335 1107 4421 quod
1122 4341 1184 4404 ter-

10 4451 11 4520 }
63 4462 121 4510 ram
140 4445 337 4513 existentem
353 4444 396 4512 ad
413 4447 475 4514 due
499 4455 610 4514 aratra
625 4449 666 4514 de
682 4453 770 4514 terra
786 4444 957 4529 Obenguer
972 4445 1068 4512 sitam
1089 4443 1181 4512 iuxta

10 4569 12 4664 p
63 4551 184 4638 Zemus,
212 4573 276 4636 que
290 4554 423 4622 rarione
441 4555 615 4622 vieinitatis
642 4555 704 4624 sibi
721 4553 906 4641 pertinebat
931 4553 974 4620 ad
1000 4551 1181 4636 emendum,

63 4656 160 4726 Poura
175 4667 211 4726 et
220 4661 418 4730 Laurenuius
433 4663 604 4731 aeeaeione
620 4663 705 4732 dotis
715 4661 828 4730 matris
844 4681 911 4747 sue,
933 4661 1058 4745 absque
1074 4658 1178 4746 ipsius
