3148 5156
565 395 582 402 ..
595 299 722 400 Q

106 495 227 580 partibus
258 499 502 583 possessionum
534 477 713 562 diuisurum
738 503 920 583 spontanea
950 498 1117 564 uoluntate
1146 497 1204 564 eli·
1298 479 1301 486 λ

105 602 189 684 gendo
203 611 400 690 receperunt.
429 605 511 670 Item
527 601 670 669 secundo
687 610 875 670 numeratas
899 603 1125 688 possessiones
1146 627 1205 691 pro

106 709 210 776 duabus
219 711 365 796 partibus
375 709 557 776 diuisarum
568 710 812 794 possessionum
822 709 1035 778 Sebastianus
1047 717 1080 776 et
1090 714 1205 782 Petrus

105 817 129 880 iu
142 836 223 882 suam
238 819 423 904 porcionem
435 822 654 904 acceptarunt.
672 817 722 884 Ne
738 817 837 902 igitur
851 819 884 884 in
900 836 1038 904 procesu
1048 821 1204 906 temporis

104 921 184 990 mnes
198 933 228 990 et
242 923 364 990 sactum
380 922 476 992 huius
487 923 660 992 diuisionis
676 925 782 1011 possit
798 925 923 993 cassari
939 945 996 992 seu
1017 926 1202 1014 deprecari,

103 1049 134 1094 er
154 1030 305 1115 peticione
330 1032 477 1117 parcium
503 1033 547 1098 ad
572 1032 669 1098 robur
694 1039 727 1099 st
752 1033 980 1100 firmitudinem
1011 1039 1204 1120 perpetuam

104 1136 300 1205 huiuscemodi
326 1138 498 1206 diuisionis
518 1137 646 1206 litteras
663 1140 882 1207 concessimus
907 1140 1085 1208 munimine
1100 1143 1203 1208 nostrl

102 1244 184 1327 sigilli
213 1247 392 1314 roboratas.
425 1248 546 1314 Datmn
571 1247 606 1314 in
631 1247 761 1315 Arenae
793 1248 827 1314 in
851 1249 966 1332 uigilia
991 1249 1202 1316 Strennarom

102 1371 171 1419 anno
184 1353 310 1421 Domini
326 1353 501 1422 millesimo
517 1353 740 1422 ducentesimo
756 1355 1027 1440 quinquagesimo
1043 1363 1146 1424 sexto.

156 1547 198 1612 (Aa
211 1551 310 1603 sredsti
324 1549 390 1604 utdn
402 1549 474 1604 Rtth
488 1549 598 1618 Kdroly,
613 1552 699 1602 Haaai
711 1548 885 1618 ,Olrmc'myta'ur
897 1552 943 1602 1v.
957 1553 1013 1604 lritt.
1029 1555 1070 1604 36,
1086 1553 1116 1619 l)

510 1823 634 1832 ..μ-.-
651 1823 772 1830 -ο--ι--ι

599 2259 677 2328 311.

98 2435 184 2502 lstcdu
198 2442 372 2506 salaconici
387 2441 448 2504 beia
469 2447 498 2504 e's
514 2441 623 2526 Styract
638 2441 922 2526 dorrudapeo'ja'nalc
937 2441 1120 2508 Grabosoelo
1136 2444 1197 2507 btr-

325 2547 435 2612 tolrtrc
450 2547 616 2613 conctlcoed
631 2549 711 2612 birci
725 2548 828 2612 laetere.
846 2546 942 2612 1256.

182 2742 247 2808 Nos
270 2741 457 2826 Stephanus
482 2741 593 2808 Banus
619 2741 724 2808 tocius
749 2741 920 2810 Solanonie
947 2748 979 2810 et
997 2741 1196 2829 Capitonem

94 2846 185 2929 Styrie
208 2848 428 2933 significamus
455 2855 569 2914 tenore
593 2851 796 2933 presencium
822 2850 995 2934 uniuersis,
1021 2851 1197 2935 quodcum

93 2953 211 3040 Pautyn,
237 2955 397 3040 Wogrifa,
423 2961 456 3020 et
471 2955 644 3038 generacio
670 2957 845 3025 eorundem
870 2978 968 3044 super
992 2971 1080 3026 terra
1098 2958 1197 3027 Grab-

92 3064 207 3132 roscello
217 3064 321 3131 Jacov
337 3064 438 3130 filium
450 3061 630 3130 Gordlzlcv
640 3066 867 3134 conuenissent
878 3067 944 3133 litis
962 3066 1077 3135 ordine
1088 3085 1197 3134 coram

93 3170 176 3254 nobis,
202 3172 289 3238 idem
306 3173 410 3240 Jaccv
429 3173 578 3239 exhibuit
601 3173 729 3240 litteras
745 3175 897 3258 Magistri
911 3174 1090 3242 Alexandri
1106 3175 1197 3242 Vice-

93 3275 152 3342 lani
174 3281 287 3363 nostri,
314 3281 348 3344 in
366 3281 482 3364 quibus
499 3283 684 3348 iuuenimus
710 3282 847 3348 eandem
867 3301 1000 3349 oausam
1025 3302 1134 3349 coram
1158 3303 1196 3350 eo

91 3379 173 3450 luisse
197 3387 281 3452 inter
307 3387 397 3472 ipsos
414 3385 541 3454 diucius
557 3389 760 3473 mentita-tam,
786 3394 818 3454 et
834 3389 965 3455 tandem
990 3390 1032 3455 de
1051 3389 1197 3456 eiusdem

91 3489 220 3576 Magistri
236 3495 418 3562 Alexandri
439 3495 594 3562 Vieebani
610 3497 729 3563 iudicio
749 3498 960 3582 processisse,
984 3497 1070 3582 quod
1093 3497 1197 3564 Jacov

92 3616 147 3664 eum
161 3601 293 3684 Bratto,
310 3603 470 3687 Ztoyzlov
487 3603 553 3671 lilio
571 3603 720 3689 Branisa,
733 3605 918 3694 Wlkodrug
936 3604 1071 3690 Olaudo,
1087 3606 1195 3674 Wllso·

92 3725 148 3791 uoy
163 3710 226 3777 lilio
243 3709 452 3796 Zlobymerij,
478 3717 509 3776 et
527 3713 648 3796 Ovplen
664 3713 732 3779 filio
748 3713 849 3780 Kvlcs
874 3713 1065 3798 prestiterat
1087 3733 1194 3779 sacra·

92 3823 211 3883 mentum
237 3838 336 3904 snper
361 3838 420 3904 eo;
448 3819 733 3904 quodJacovuon
758 3821 881 3888 fecerat
905 3821 1081 3904 maliciose,
1108 3817 1195 3904 quod

91 3919 224 3993 hactenus
240 3933 478 4012 suppresserat,
505 3935 616 3995 et'non
632 3936 880 4015 presentauerat
896 3949 1003 3996 coram
1022 3927 1118 3995 nobis
1136 3929 1195 4012 pri-

91 4029 224 4113 uilegium
252 4032 437 4101 Salomonis
462 4035 546 4100 Bani
573 4034 719 4101 habitum
745 4055 842 4123 super
867 4036 942 4122 ipsa
964 4043 1050 4102 terra
1066 4033 1193 4102 Grabo-

91 4137 168 4222 scelc,
184 4141 240 4207 sed
257 4148 441 4226 propterea,
461 4141 545 4226 quod
563 4142 649 4208 idem
667 4141 816 4209 detentus
833 4143 939 4210 fuerat
954 4142 987 4208 in
1002 4141 1194 4228 captiuitate

91 4261 137 4325 per
150 4247 302 4314 Abbatem
321 4248 560 4334 Toplicensem,
578 4257 611 4316 et
626 4271 690 4316 uon
708 4258 837 4336 poterat
852 4249 1005 4338 prosequi
1021 4269 1114 4316 suum
1129 4249 1193 4315 fac-

91 4357 161 4437 tum3
190 4375 287 4440 qnam
313 4362 432 4422 terram
464 4357 668 4443 postmodum
695 4358 798 4425 dictus
822 4359 979 4442 Magister
1007 4357 1195 4424 Alexander

92 4456 252 4530 licebanus
264 4463 377 4532 ordine
394 4463 565 4534 iudiciario
583 4466 757 4534 obseruato
768 4465 944 4533 secundum
956 4467 1193 4534 continenciam

92 4566 232 4657 priuilegij
249 4573 433 4640 Salomonis
450 4574 533 4641 Bani
550 4579 710 4642 statuerat
727 4576 813 4643 dicto
825 4576 937 4642 Jacov.
955 4575 1048 4642 Vnde
1069 4575 1194 4658 etquis
