3148 5156
634 362 701 426 445

112 559 222 626 nostris
238 565 272 624 et
287 556 534 636 Concanonicis‚
561 577 621 622 nec
637 577 701 624 non
718 554 842 624 Gemite
858 555 996 622 Nicolao
1011 556 1230 624 llice-Comite

113 663 147 730 do
160 665 349 732 ltorouucbo
364 684 422 750 per
438 663 638 750 Stephanum
655 663 780 728 Bonum
800 663 905 728 tocius
920 662 1093 730 Sclauonic
1108 663 1152 729 ad
1168 665 1228 732 bon

111 773 292 858 specialiter
307 773 476 860 deputato,
503 773 546 840 od
572 791 632 840 nos
647 770 831 855 redeuntes,
856 771 1052 838 unanimiter
1078 771 1171 839 nobis
1196 777 1229 838 et

112 879 306 946 concorditer
330 881 519 962 retulerunt,
545 879 635 964 qnod
649 877 729 964 ipsis
745 876 829 944 feria
853 875 968 960 quinta
991 878 1138 962 proxima
1154 888 1229 963 post

110 993 236 1054 cennas
251 989 372 1054 Passoe
388 987 520 1054 Domini
536 1005 635 1072 super
652 983 770 1052 taciem
787 985 873 1050 dicte
898 983 1114 1067 possessionis
1132 983 1229 1052 Glau-

109 1093 201 1160 nicbo
217 1093 459 1177 accedentibus,
486 1093 622 1160 eandem
648 1093 709 1158 rite
725 1097 758 1156 et
773 1090 918 1175 legitime
948 1090 1096 1158 omnibus
1112 1091 1228 1160 uicinis

110 1211 138 1268 ct
160 1201 391 1269 commetaneis
419 1201 625 1282 conuocatis,
657 1207 690 1266 et
715 1198 798 1284 ipsis
824 1219 887 1266 non
918 1197 1226 1285 contradicentibus,

109 1331 211 1394 ymmo
236 1309 350 1396 pocius
381 1329 552 1376 assensum
584 1307 771 1374 beniuolnm
802 1303 908 1372 sidem
934 1305 1052 1374 Oomiti
1082 1308 1226 1377 Perdino

109 1418 314 1502 prebentibus
339 1418 373 1484 in
397 1417 460 1483 hac
484 1423 579 1502 parte
605 1423 638 1482 et
665 1433 869 1498 consenum,
896 1433 1089 1498 percursus
1113 1415 1226 1486 barum

109 1531 279 1591 netarum:
295 1525 414 1610 Incipit
429 1523 514 1590 enim
531 1525 621 1609 prior
637 1529 670 1588 et
687 1521 878 1607 principalis
889 1529 977 1588 meto
992 1543 1013 1590 a
1030 1532 1123 1609 parte
1139 1530 1226 1612 nqui-

109 1631 188 1700 lonis
215 1635 249 1700 in
266 1641 375 1700 monte
390 1634 546 1700 Feketcw
571 1631 676 1716 dicto.;
694 1631 780 1698 unde
805 1633 839 1696 in
863 1631 1036 1716 supercilio
1061 1637 1226 1704 monticuli

109 1742 271 1826 vulgariter
287 1743 411 1808 Beeroh
428 1743 505 1807 dicti
523 1742 608 1806 inter
623 1740 740 1806 fluuios
757 1737 941 1806 Glannicba
956 1748 1099 1824 vocatos,
1122 1745 1225 1814 Maio-

109 1869 170 1915 rem
187 1851 313 1917 scilicet
328 1849 460 1916 fluuium
477 1849 661 1916 Glannicba
676 1855 707 1916 et
723 1848 889 1933 Minorem,
914 1849 1116 1934 quiquidem
1133 1875 1226 1923 mons

109 1957 289 2024 extenditur
305 1960 348 2026 nb
365 1958 517 2042 aquilone
528 1957 683 2024 orientem
699 1975 831 2039 uersus;
850 1954 1056 2042 secundoque
1072 1959 1104 2025 in
1118 1981 1226 2048 super·

109 2065 177 2132 cilio
194 2065 342 2131 eiusdem
368 2065 486 2132 montis
503 2065 601 2147 longo
617 2065 730 2149 spacio
746 2063 873 2130 venitur
889 2063 932 2129 ad
948 2066 1112 2148 quandam
1136 2071 1227 2140 arbo·

109 2190 170 2236 rem
187 2178 341 2238 castaneo
357 2171 391 2236 in
405 2175 499 2255 tergo
516 2167 661 2236 eiusdem
677 2169 803 2255 montis,
831 2169 890 2236 sub
906 2189 972 2252 qua
996 2178 1046 2238 est
1062 2181 1148 2242 meta
1166 2187 1226 2246 ter·

109 2298 177 2363 rea3
203 2279 324 2346 abhinc
340 2279 446 2346 adhuc
471 2277 574 2345 tendit
593 2279 626 2344 in
651 2277 797 2344 eiusdem
816 2276 985 2343 monticuli
1009 2285 1102 2366 tergo
1128 2284 1226 2370 longo

13 2375 14 2378 '
108 2387 223 2472 spacio,
238 2391 271 2452 et
286 2386 416 2452 venitur
430 2385 472 2451 ad
488 2385 636 2452 arborem
653 2383 747 2470 ilicis,
773 2383 829 2450 ubi
846 2391 895 2450 est
911 2391 997 2451 meta
1014 2393 1143 2476 terrea;
1169 2395 1225 2459 ab·

107 2493 175 2559 binc
201 2493 307 2560 eundo
332 2513 390 2579 pcr
414 2494 562 2580 spacium
586 2493 718 2577 longum
744 2491 952 2558 descenditur
978 2493 1018 2559 de
1039 2499 1225 2588 monticulo,

107 2601 293 2687 ucnitnrque
304 2602 347 2667 ad
362 2602 510 2669 arborem
526 2600 709 2687 populeum,
730 2599 786 2664 ubi
802 2599 920 2666 fluuius
931 2600 1110 2673 Glounicbe
1120 2609 1226 2678 Minor
1261 2638 1266 2648 ·

107 2706 307 2792 coniungitur
332 2707 448 2774 Maiori
473 2707 572 2773 fluuio
599 2707 799 2789 Glannicbc,
826 2705 879 2771 vbi
908 2715 959 2774 est
983 2719 1070 2776 meta
1097 2719 1222 2804 terree;

107 2833 237 2896 quarum
254 2813 399 2881 omnium
408 2821 566 2880 metarum
583 2834 659 2900 pars
672 2833 843 2880 remanens
860 2832 900 2879 ex
918 2821 1009 2899 parte
1025 2817 1115 2906 ilunij
1126 2823 1222 2891 Mino·

107 2923 147 2988 ris
165 2921 356 3006 Glanniche,
373 2923 512 3007 pertinet
527 2922 570 2987 ad
586 2921 722 3006 nobiles,
747 2927 841 3008 parte
856 2941 933 2988 uero
949 2924 992 2989 ad
1009 2925 1141 2996 fluuium
1157 2934 1224 2999 Ma-

108 3031 183 3098 ioris
195 3031 354 3098 Glannice
369 3031 538 3113 existente,
556 3029 690 3096 cedente
702 3037 734 3096 et
753 3037 939 3098 remanente
949 3031 1066 3116 Comiti
1082 3041 1225 3110 Pertlino

106 3135 285 3222 antedicto,
317 3137 351 3204 in
376 3138 495 3223 palude
521 3158 636 3224 nempe
662 3136 796 3204 Maioris
827 3139 1025 3228 Glannicbe5
1057 3149 1226 3236 paulisper

106 3253 216 3312 contra
239 3263 369 3310 cursum
394 3263 479 3330 aque
504 3245 610 3310 eundo
637 3244 744 3310 enitor
762 3245 802 3310 dc
825 3244 956 3333 palude,
983 3257 1015 3316 et
1038 3253 1166 3322 uenitnr
1182 3259 1225 3326 ad

106 3351 251 3420 arborem
267 3351 372 3438 nucis,
397 3353 453 3420 ubi
469 3360 518 3420 est
534 3361 621 3418 meta
635 3358 759 3438 terrca;
787 3355 904 3420 exhinc
920 3356 1026 3426 adbuc
1049 3363 1152 3430 tendit
1167 3385 1226 3450 per

105 3459 265 3542 quandam
282 3459 476 3546 planicicm3
501 3460 618 3527 deinde
634 3461 799 3529 asscendit
815 3462 848 3527 in
865 3467 1086 3554 monticulum,
1103 3471 1159 3555 qui
1175 3482 1224 3540 est

105 3569 184 3634 inter
206 3567 325 3635 fluuios
350 3568 533 3636 Glannicbo
559 3576 592 3635 et
615 3570 762 3657 Blagusa
789 3577 941 3656 vocatos;
974 3576 1143 3662 condoque
1167 3601 1226 3666 per

103 3683 226 3760 tergum
252 3677 399 3744 eiusdem
426 3679 543 3745 montis
569 3679 697 3745 venitur
722 3677 766 3745 ad
789 3679 937 3747 arborem
963 3683 1025 3767 piri
1053 3685 1224 3772 siluestris,

104 3784 155 3851 ubi
172 3791 222 3851 est
237 3791 326 3852 meta
339 3792 465 3870 terreo3
484 3783 601 3852 deinde
617 3805 676 3872 per
692 3787 823 3871 longum
839 3787 985 3873 spacium
1001 3809 1113 3859 uersus
1130 3796 1222 3878 aqui-

103 3891 205 3959 lonem
221 3893 328 3960 condo
343 3895 471 3960 venitur
487 3894 530 3960 ad
546 3901 664 3960 metam
680 3901 839 3978 terream3
857 3895 964 3962 adhuc
980 3898 1082 3966 tendit
1097 3902 1223 3986 aquilo-

102 3996 207 4066 loncm
221 4017 338 4065 uersus
362 4017 421 4084 per
437 3999 555 4066 siluam
571 4001 684 4085 specio
701 4002 809 4084 longo,
836 4008 869 4067 et
886 4001 975 4066 vonit
993 4003 1036 4068 ad
1060 4008 1224 4088 quandam

103 4115 219 4173 metam
235 4125 330 4173 secus
346 4115 465 4174 metam
480 4107 695 4194 principalem
712 4117 854 4175 erectam
871 4109 929 4176 sub
946 4109 1095 4179 arborem
1115 4115 1222 4202 abiei;

104 4221 133 4278 ct
147 4214 194 4280 ibi
208 4215 422 4282 terminantur
437 4217 653 4301 possessionis
669 4217 833 4286 antedicto
850 4223 943 4285 mete.
965 4217 1107 4296 Quarum
1123 4226 1224 4292 omni-

103 4339 153 4386 nm
168 4329 328 4388 metarum
344 4343 421 4408 pers
445 4325 590 4392 existens
606 4345 646 4392 en
664 4331 758 4411 porte
773 4325 863 4410 fluuij
882 4327 1066 4395 Glannicba
1086 4333 1225 4416 pertinet

102 4427 215 4494 domiti
233 4429 379 4498 Pertlino
405 4431 580 4516 antedicto,
606 4433 841 4500 reambulatom
868 4433 953 4500 idem
978 4435 1074 4504 homo
1100 4440 1224 4524 Regius

102 4537 306 4620 presentibus
319 4537 414 4605 dictis
425 4539 523 4624 socijs
541 4547 574 4607 et
585 4541 822 4608 concanonicis
837 4541 968 4626 nostris,
986 4561 1045 4610 nec
1062 4565 1124 4614 non
1136 4548 1224 4618 dicto

102 4641 378 4713 conuertens
395 4646 617 4714 vice-Comite
643 4649 684 4716 de
700 4649 878 4717 lloroucba
904 4652 1073 4721 statuisset
1092 4663 1124 4722 et
1140 4661 1223 4727 assi-
