3112 5148
563 311 722 412 2⁵}-

75 507 171 592 duit
191 505 424 592 cognonimus,
442 505 559 591 incipit
572 507 616 574 ob
633 505 758 576 oriente
779 507 812 573 in
828 506 929 574 fluuio
945 509 1161 595 Golgoniehs,
1178 517 1212 581 et

78 625 187 682 nuens
203 623 314 682 metus
329 633 404 682 uum
420 619 511 680 terre
526 612 761 682 Oroeiferorum
781 616 893 682 Suuoti
909 615 1059 702 Sepulori
1077 617 1119 684 de
1134 615 1211 686 Gol-

74 723 224 808 gonieuu,
242 721 338 788 vuilit
352 740 472 788 versus
487 720 656 790 meridiem
672 721 717 788 sd
731 721 819 790 lutus
840 719 1011 790 uuiusdum
1029 724 1160 809 montis,
1178 729 1211 798 et

75 829 179 898 eundo
193 832 351 916 superius
360 832 456 898 iuxtu
472 830 590 897 siloem
605 831 722 918 iueipit
735 836 847 898 tenere
864 839 968 899 metes
978 853 1051 900 enm
1069 840 1212 901 oestron·

75 938 163 1006 sibus
178 939 223 1005 de
232 938 395 1022 Kemlulr,
411 944 447 1004 et
462 937 663 1006 deseendens
682 938 727 1006 ed
741 939 861 1006 vellem
875 959 990 1008 versus
1000 941 1211 1027 ouoidentem,

76 1055 106 1110 et
116 1044 273 1114 moendit
288 1047 409 1112 iterum
417 1045 453 1112 in
470 1052 611 1113 montem
621 1065 735 1112 versus
749 1052 892 1114 castrum
903 1047 1058 1134 Kemluk,
1074 1056 1109 1118 et
1124 1048 1214 1116 ondit

78 1154 258 1240 invallem,
275 1173 341 1238 que
350 1161 403 1221 est
412 1154 624 1238 iuxtuuquem
634 1153 877 1222 Kemeehniehe
884 1175 926 1222 ex
936 1161 1032 1242 purte
1042 1155 1214 1242 orientuli;

81 1269 110 1326 et
120 1281 179 1346 pm
190 1261 307 1348 ipsum
317 1261 438 1328 vellem
450 1259 666 1327 vuditversus
677 1260 873 1346 aquilonem,
889 1261 1099 1330 ascendendo
1116 1262 1160 1329 ad
1170 1262 1216 1330 vi-

78 1389 170 1436 neum
186 1369 307 1436 Sebku
322 1368 538 1436 eustreusium
553 1367 759 1452 deKemluk,
777 1376 810 1436 et
819 1369 968 1455 peruenit
985 1371 1029 1436 sd
1045 1371 1154 1455 pirum
1172 1371 1213 1438 si·

79 1485 210 1563 gustum
220 1496 330 1560 uruee,
348 1476 409 1544 sub
422 1482 665 1562 quaestmete3
683 1475 802 1544 deinde
817 1497 877 1564 per
886 1484 994 1545 metus
1009 1485 1134 1546 terreus
1143 1497 1212 1546 ver-

80 1605 133 1651 sus
151 1585 349 1669 aquilonem
364 1584 515 1670 peruenit
525 1583 568 1650 od
583 1603 738 1668 magnum
754 1584 852 1671 viem,
862 1604 926 1670 que
941 1586 1034 1654 vadit
1049 1585 1215 1654 Worosdi·

83 1711 166 1775 oum,
188 1697 223 1758 et
238 1691 288 1758 ibi
298 1698 473 1778 separetur
490 1699 613 1759 eterra
623 1691 837 1760 oustrunsium
848 1693 889 1760 de
904 1693 1058 1778 Kemluk,
1074 1699 1108 1760 et
1122 1693 1216 1760 iustu

80 1809 197 1868 neren
205 1805 299 1866 terre
305 1799 572 1887 cembellum
581 1800 674 1868 iuxta
683 1807 787 1868 metus
798 1798 1133 1868 terreOruoilerorum
1142 1819 1214 1888 pre·

80 1906 242 1974 dietornm
256 1925 378 1973 versus
402 1907 560 1976 orientem
585 1914 765 1994 permotus
780 1915 906 1976 terreas
929 1909 1019 1976 uudit
1032 1909 1067 1976 iu
1082 1908 1213 1992 vellem,

84 2033 141 2097 que
156 2013 262 2080 vullis
272 2013 365 2080 eadit
379 2014 415 2080 in
424 2013 605 2102 prediotum
619 2013 753 2082 fluuium
763 2011 967 2100 Glogonehe,
985 2022 1018 2082 et
1034 2014 1214 2102 peripsum

83 2121 211 2190 lunium
229 2123 409 2189 reuertitur
424 2123 467 2190 ud
489 2125 630 2209 priorem
646 2131 778 2206 metam,
794 2123 851 2190 vbi
875 2123 1078 2191 terminetur.
1104 2123 1215 2192 Primu

81 2251 206 2315 quoque
225 2237 320 2298 mete
337 2238 424 2300 terre
443 2229 665 2315 (ieroaburdu,
690 2237 787 2318 prout
802 2249 862 2318 per
877 2231 998 2300 dietum
1019 2233 1140 2298 Jexem
1154 2231 1215 2298 fili·

83 2359 130 2404 um
139 2337 514 2424 baenintroduutorem
529 2339 563 2404 in
578 2337 665 2406 hene
680 2338 786 2406 seiam
801 2337 1044 2424 possessionem
1060 2337 1213 2422 oognoui-

83 2466 160 2529 mus,
171 2445 295 2532 ineipit
310 2444 405 2512 iuxta
418 2444 554 2512 fluuium
569 2443 762 2530 Glogonehu
775 2445 835 2512 sub
854 2463 969 2512 euruso
982 2441 1134 2526 quedem,
1151 2463 1214 2528 que

84 2553 327 2637 hubetsignum
337 2553 444 2618 oruois
454 2572 475 2618 u
484 2559 578 2637 purte
588 2551 739 2620 orientsli
748 2551 841 2618 iuxte
851 2559 971 2618 terrum
978 2549 1214 2618 Oruoiierorum

86 2661 264 2727 eorundem
281 2661 344 2726 sub
360 2667 470 2727 monte
484 2660 637 2744 quodem,
655 2659 712 2746 qui
727 2660 915 2746 Lipougore
930 2663 1082 2742 meatur,
1100 2665 1133 2726 et
1148 2663 1216 2724 ten-

84 2768 186 2836 dendo
205 2788 341 2836 sursum
365 2769 399 2834 in
415 2777 525 2837 monte
540 2771 647 2856 vergit
662 2769 707 2836 ad
722 2775 835 2855 perles
860 2766 1093 2852 oeuidentelee,
1113 2765 1213 2854 sppli-

85 2895 161 2942 runs
176 2877 224 2944 ud
250 2897 408 2962 magnum
423 2878 522 2962 vium,
550 2885 585 2945 et
598 2876 645 2944 ibi
661 2883 736 2943 snut
751 2882 818 2943 tres
834 2882 919 2942 mete
943 2880 1138 2962 superantes
1154 2880 1216 2942 ter-

85 3005 151 3050 rum
165 2985 298 3051 Horost
313 2991 347 3050 et
363 2983 574 3052 Gerouburdu
600 2993 633 3052 et
648 3004 722 3052 uem
738 3003 802 3068 que
818 2992 869 3052 est
888 2982 988 3050 uestri
1003 2982 1165 3067 Kemlul13
1183 2989 1216 3048 et

84 3091 155 3158 inde
170 3111 236 3178 per
261 3090 402 3158 eandem
417 3091 506 3158 mem
521 3091 566 3158 ed
585 3097 727 3158 montem
741 3111 800 3178 per
825 3090 943 3158 siluam
959 3097 992 3156 et
1007 3109 1066 3176 per
1081 3090 1217 3156 arbores

84 3201 237 3285 siguum
253 3199 291 3264 in
306 3199 439 3267 modum
463 3201 569 3268 erneis
585 3197 690 3266 tendit
704 3219 764 3285 per
784 3198 887 3266 siluas
912 3205 946 3264 et
960 3198 1051 3292 viem
1063 3197 1106 3264 ud
1130 3217 1218 3266 mon·

84 3320 156 3395 tem,
188 3327 260 3393 qne
287 3307 593 3393 Gremernugonehu
619 3305 757 3392 dieitur,
785 3313 818 3374 et
838 3305 1034 3374 oiruueuudo
1059 3306 1150 3372 venit
1174 3302 1218 3371 ud

85 3416 253 3499 quendam
269 3434 409 3502 pereum
435 3435 586 3501 eampum
600 3411 783 3498 aelfegum,
808 3432 908 3499 snper
933 3420 1065 3498 quaest
1088 3413 1218 3496 signum

86 3524 209 3608 erneis3
229 3529 264 3589 et
279 3543 339 3609 per
354 3523 517 3608 quendum
533 3520 633 3589 beroh
649 3520 818 3588 deseendit
836 3521 1001 3604 inaquam
1014 3517 1217 3603 Glogonohe,

7 3643 8 3662 ¹
85 3631 137 3697 vbi
153 3639 206 3698 est
224 3638 317 3696 metu
331 3638 457 3714 terrea,
481 3629 559 3696 inde
573 3649 633 3716 per
647 3628 786 3696 eundem
802 3648 921 3712 equum
940 3625 1074 3694 inferius
1090 3633 1217 3713 proten·

8 3823 9 3832 ἶ
86 3739 170 3806 uitur
185 3738 235 3806 ad
251 3739 372 3824 looum,
389 3739 446 3803 vbi
460 3735 735 3822 oquaoraygyna
745 3733 834 3803 eadit
848 3735 881 3801 in
892 3755 1012 3819 equom
1030 3735 1219 3821 predictam,

87 3857 116 3914 et
129 3868 192 3934 pur
204 3845 366 3930 Oregyns
381 3845 544 3914 tendendo
555 3865 683 3912 sursum
693 3865 795 3930 vsqne
805 3851 903 3932 ceput
912 3841 1068 3926 eiusdem,
1085 3849 1118 3908 et
1127 3841 1219 3907 inxtu

89 3959 173 4022 vium
189 3955 228 4022 in
244 3954 351 4020 lutere
367 3955 495 4040 montis,
514 3954 575 4021 sub
593 3954 709 4020 arbore
725 3951 905 4020 sorbelline
933 3959 983 4018 eet
996 3955 1087 4016 'mete
1101 3954 1219 4032 terrea,

87 4073 116 4130 et
129 4081 281 4149 vergens
297 4061 341 4128 ud
356 4069 468 4149 partes
494 4060 684 4144 orientales,
712 4059 773 4126 suls
790 4058 908 4126 urbere
922 4057 994 4123 itur
1009 4063 1059 4122 est
1085 4063 1173 4120 mets
1189 4061 1223 4120 et

87 4183 226 4258 putens;
252 4177 290 4237 et
303 4167 380 4237 inde
395 4187 454 4256 per
470 4167 558 4234 vium
583 4167 626 4234 ud
642 4167 749 4252 pirum
764 4167 824 4234 sub
838 4164 942 4231 vineis
968 4162 1059 4230 etad
1077 4169 1221 4248 puteum,

86 4282 158 4347 line
182 4298 248 4367 per
263 4278 355 4344 viem
381 4281 414 4344 et
428 4281 533 4344 metue
560 4283 694 4360 terreus,
722 4279 755 4340 et
771 4274 906 4339 arbores
931 4270 1079 4355 signatas
1104 4267 1223 4336 transit

87 4393 170 4456 rium
187 4389 237 4455 ud
254 4391 400 4455 montem
409 4381 737 4468 Komennegoriuhe3
759 4387 792 4448 et
807 4379 849 4446 ‹le
864 4384 973 4447 monte
988 4376 1033 4444 ed
1048 4375 1147 4461 viem,
1164 4397 1224 4462 per

87 4520 184 4586 qnam
203 4495 317 4564 eundo
327 4495 421 4562 iuxtu
431 4493 546 4560 vineus
562 4510 737 4579 parumper
748 4489 810 4556 sub
824 4488 899 4554 iliue
915 4495 965 4554 est
981 4493 1068 4553 metu
1078 4484 1222 4569 entique,

87 4609 126 4675 de
140 4629 211 4696 qua
227 4607 287 4673 vie
311 4601 403 4670 cudit
420 4601 453 4667 in
469 4601 568 4668 elium
584 4599 682 4686 vium,
710 4617 772 4684 que
788 4597 878 4664 venit
893 4597 934 4662 de
950 4596 1030 4662 ville
1045 4591 1224 4660 Orneit'ero-
