3082 5150
827 285 994 392 ..sa-e-

345 484 497 552 lrntrihus
523 483 564 550 tle
587 483 647 550 Bel
671 484 732 550 has
759 487 935 571 exeqnins;
962 483 1116 552 uidelicet
1131 484 1158 550 L
1174 485 1401 571 panesalbos,
1425 483 1464 548 lll

344 591 458 677 ydrias
483 591 656 676 cereuisie,
682 591 777 659 troius
792 592 872 660 anni
894 592 1043 679 uitulum,
1068 611 1219 660 anserem
1234 599 1268 660 et
1283 591 1368 660 duas
1382 592 1467 676 galli·

345 720 416 768 nas.
431 703 472 768 lte
488 709 522 768 ut
537 701 599 768 hoo
614 699 788 768 seruitium
803 700 969 788 predictus
984 699 1098 768 Dheka
1112 699 1263 788 plenarie
1283 701 1391 788 possit
1403 719 1465 786 per·

345 811 482 899 soluere,
510 811 632 880 contuli
659 810 720 878 sihi
747 811 863 897 uiginti
888 812 1006 898 iugera
1029 818 1189 880 terrarum
1213 817 1247 878 et
1271 810 1464 898 particulam

345 920 429 988 silue
439 918 504 986 sibi
514 917 737 986 sufficientem.
754 919 835 986 Item
845 915 945 984 alium
957 937 1088 985 seruum
1098 937 1206 986 meum
1215 918 1340 986 contuli
1352 919 1466 985 Sancto

345 1027 492 1096 (letardo
508 1026 643 1115 Depelle
668 1025 812 1094 eiusdem
827 1027 1015 1093 llonsstenii
1040 1026 1134 1094 cuius
1151 1063 1194 1076 -
1211 1063 1257 1076 -
1271 1063 1316 1076 -
1332 1026 1391 1094 lali
1417 1046 1465 1090 no·

344 1137 482 1222 nomine,
499 1136 581 1203 Abel
608 1135 694 1203 lilius
720 1133 869 1220 Heechu3
895 1140 1095 1203 tamencum
1119 1137 1178 1204 tali
1193 1135 1334 1204 seruicio
1352 1131 1465 1203 consti-

344 1249 403 1332 tui,
431 1252 466 1312 nt
490 1265 563 1312 cum
589 1245 659 1312 sois
683 1243 860 1311 heredibus
884 1243 986 1312 Beato
1012 1243 1159 1312 ecardo
1183 1245 1399 1332 campaninet.
1425 1243 1463 1308 Vt

344 1349 452 1420 sutem
468 1355 528 1421 hec
543 1351 680 1422 donacio
704 1350 775 1420 sine
791 1351 904 1436 aliquo
918 1353 1117 1420 retraccione
1133 1352 1186 1419 vel
1212 1351 1403 1440 calumpnia
1417 1350 1460 1415 in·

344 1461 539 1531 uiolshiliter
563 1481 715 1549 processu
740 1467 920 1548 temporum
944 1466 1101 1548 perpetuo
1126 1459 1233 1548 possit
1261 1479 1460 1547 permonere,

342 1569 467 1638 litteras
489 1579 656 1658 presentes
681 1569 791 1654 sigillo
816 1569 968 1654 Gregorii
992 1569 1105 1636 fratris
1130 1569 1194 1636 mei
1219 1568 1282 1636 ieci
1308 1569 1459 1648 roborari,

342 1679 420 1762 quia
434 1698 496 1765 ego
520 1678 662 1764 sigillum
687 1677 855 1764 proprium
877 1697 942 1745 non
958 1677 1130 1744 habebam.
1157 1681 1252 1744 Anno
1273 1675 1404 1743 Domini
1420 1674 1459 1740 lt

343 1783 483 1852 cells

495 1949 634 2016 (Eredctie
646 1963 663 2000 a
675 1945 870 2015 paunonhalmi
882 1943 1082 2014 ibspitsignsk
1094 1943 1305 2013 levelhlriban.)

862 2719 939 2788 cet.

340 2899 370 2962 A
380 2899 491 2983 jodoci
505 2899 733 2965 lereokedo'knek
754 2899 964 2964 leresledebnl
986 2901 1146 2984 cmzonyoi
1169 2897 1365 2964 Velencze'beo
1390 2923 1451 2962 ozo-

729 3007 953 3092 bcilyostatnolc.
973 3007 1071 3071 1251.

443 3205 480 3274 ln
506 3203 635 3270 nomine
659 3202 720 3268 Dei
746 3201 878 3270 Aeterni
902 3203 1017 3268 Amen.
1042 3202 1139 3270 Anno
1163 3203 1208 3270 ah
1232 3203 1453 3270 incarnatione

339 3311 469 3376 Domini
487 3311 588 3378 nostri
604 3310 683 3377 Jesu
694 3307 813 3376 Christi
829 3309 1002 3377 millesimo
1019 3307 1244 3378 ducentesimo
1262 3311 1458 3397 quinquage-

338 3419 421 3483 simo
438 3417 609 3503 primodie
626 3422 742 3484 octauo
759 3421 899 3483 exeunte
915 3435 1024 3484 mense
1036 3417 1185 3502 Augusti,
1207 3417 1387 3486 Indictionc
1403 3419 1452 3484 lV.

337 3525 479 3593 Rivoalti
504 3526 583 3591 urbe
600 3523 687 3590 lelici
712 3523 744 3589 in
763 3523 890 3590 Palatio
908 3525 1053 3590 Donatus
1078 3524 1308 3610 venetiarum3
1331 3543 1457 3611 presen-

336 3633 422 3699 tibus
447 3632 584 3698 testihos
610 3631 733 3715 rogatis
751 3629 925 3698 Nobilibus
950 3630 1030 3698 viris
1046 3631 1187 3716 hampre
1206 3631 1271 3700 lilio
1297 3633 1456 3718 quondam

335 3740 448 3805 Preste
473 3737 514 3804 de
530 3737 641 3823 Dario,
666 3737 775 3804 Juano
799 3739 866 3805 lilio
882 3738 1003 3804 Petrici
1026 3736 1068 3803 de
1082 3739 1191 3822 Forte,
1217 3739 1371 3805 Dimitrio
1398 3739 1458 3806 tilio

335 3849 450 3912 Preste
474 3843 515 3911 de
531 3844 701 3928 Matulnro,
716 3845 882 3912 Matthaeo
908 3845 975 3913 filio
998 3846 1163 3929 qnondam
1179 3844 1346 3914 Theodori
1361 3847 1457 3916 'losn-

334 3953 434 4038 cingi,
450 3951 583 4020 Andrea
607 3952 674 4020 filio
691 3951 825 4020 Bendae
848 3953 1032 4024 ladratinis
1056 3955 1188 4023 ‚Ioanne
1206 3955 1347 4024 Barocio
1387 3957 1459 4024 Bar·

333 4061 518 4128 tholomaeo
543 4059 585 4128 de
600 4059 723 4144 lingis,
741 4061 882 4129 Henrico
907 4063 948 4128 tle
964 4065 1163 4148 Fuscareno,
1189 4065 1367 4132 Dominieo
1394 4065 1460 4130 Ari·

334 4169 454 4236 mundo
479 4166 702 4251 colonotiis,
727 4177 760 4235 et
787 4168 862 4235 aliis
887 4171 1008 4238 multis.
1034 4171 1152 4239 Coram
1175 4171 1311 4238 dominc
1336 4174 1461 4240 hiarino

334 4275 528 4342 lleuroceno
544 4275 607 4340 Dei
632 4275 740 4356 gratia
756 4275 872 4342 Inclito
888 4279 980 4344 Duce
997 4279 1216 4364 Venellorum,
1241 4280 1312 4348 Nos
1328 4281 1461 4368 Stepha-

333 4399 395 4444 nus
420 4381 461 4446 de
486 4381 610 4468 Piciga‚
638 4389 671 4448 et
686 4383 791 4448 Zerne
815 4383 857 4451 de
878 4385 1014 4472 ilergia,
1040 4386 1157 4456 Nnnoii
1174 4394 1208 4453 et
1224 4387 1461 4458 Amhsxotores

334 4483 481 4568 Domitio,
506 4485 772 4555 Conciliariorum
797 4495 829 4558 et
844 4491 1032 4560 Communis
1048 4493 1183 4580 Jadrae,
1209 4496 1374 4566 hahentes
1395 4497 1457 4583 ple·

335 4607 412 4654 nam
427 4591 685 4658 commissionem
696 4596 738 4661 ah
755 4597 890 4686 eisdem,
907 4605 1000 4668 tenor
1014 4602 1107 4686 cujus
1124 4603 1368 4672 commissionis
1384 4603 1458 4672 inic-
