3112 5148
837 851 914 920 loa.

306 1039 326 1102 l
333 1039 367 1104 V.
383 1035 465 1102 Belo
481 1033 657 1119 dirctlynalt
674 1031 854 1117 cdomdnya
869 1030 974 1094 De'nca
989 1028 1050 1094 dnn
1067 1030 1294 1094 coartarentur·
1310 1030 1448 1118 hmaeq

732 1145 887 1204 eadmero.
906 1139 1002 1202 1244.

293 1336 297 1344 '
414 1339 454 1404 In
470 1335 600 1405 nomine
617 1333 738 1401 Sancte
759 1332 931 1398 Trinitatis
948 1338 981 1398 et
995 1329 1167 1398 Indiuidua
1184 1331 1333 1398 Vnitatis.
1352 1331 1444 1399 Bela

293 1425 369 1512 ¹Dei
385 1445 499 1530 gracia
515 1443 695 1527 Hungarie,
712 1440 892 1524 Dalmacie,
911 1438 1056 1523 Oroacie,
1073 1439 1186 1522 Rame,
1214 1437 1338 1522 Sernie,
1356 1439 1443 1506 eal-

304 1553 390 1638 licie,
401 1552 593 1621 Lodomerie
609 1549 832 1633 (inmaniaque
845 1550 915 1616 Rex
933 1547 1183 1634 inperpetuum.
1200 1545 1342 1615 Grandis
1352 1549 1436 1614 emi·

305 1661 455 1728 nescium
480 1659 622 1726 virorum
639 1657 782 1725 fidelitas
806 1653 964 1740 grandem
980 1653 1072 1742 apud
1095 1655 1240 1722 illustres
1259 1663 1291 1722 et
1307 1655 1438 1740 magni·

303 1768 381 1836 ficos
406 1766 683 1835 remuneracionis
708 1765 856 1850 graciam
880 1769 1099 1850 promeretur,
1132 1767 1165 1828 et
1189 1763 1330 1828 maxime
1356 1783 1437 1830 eum

306 1873 489 1942 eminencia
505 1895 615 1941 eorum
630 1871 799 1940 fidelitatis
825 1891 925 1958 opera
941 1889 999 1957 per
1015 1867 1180 1953 quandam
1199 1869 1295 1954 quasi
1311 1869 1441 1961 violen-

307 1981 391 2048 ciam
414 1981 630 2066 requiruntur.
656 1978 796 2046 Proinde
823 1977 867 2044 ad
886 1976 1109 2044 uniuersorum
1134 1982 1202 2042 tam
1227 1977 1437 2060 presencium

308 2109 405 2174 quam
429 2097 633 2175 posterorum
657 2084 812 2154 noticiam
838 2086 954 2150 harum
971 2083 1054 2150 serie
1079 2085 1231 2150 volumus
1246 2085 1431 2170 peruenire,

307 2194 396 2278 quod
420 2193 619 2280 predilectus
644 2199 676 2258 et
692 2191 799 2258 tidelis
824 2196 934 2256 noster
960 2187 1139 2274 Dyonisins
1165 2190 1275 2256 Barrus
1300 2201 1332 2257 et
1354 2191 1437 2258 Dux

307 2301 411 2370 tocius
426 2300 603 2368 Sclauonie
627 2305 775 2366 atenera
795 2297 902 2364 adhuc
927 2302 1015 2362 etate
1038 2301 1150 2362 nostra
1176 2295 1298 2382 pariter
1324 2303 1356 2362 et
1372 2315 1440 2362 sua

306 2406 500 2490 inseruiens,
516 2404 656 2472 fideliter
675 2423 792 2488 regens
809 2410 841 2468 et
857 2402 1002 2486 dirigens
1018 2419 1151 2486 gressus
1167 2421 1244 2474 ¹suos
1261 2401 1303 2470 de
1312 2403 1438 2470 virtute

305 2513 499 2582 multimoda
514 2512 683 2580 fidelitatis
694 2511 919 2598 multiplicium
930 2529 1064 2596 operum
1083 2509 1237 2596 produxit
1253 2510 1285 2576 in
1297 2509 1438 2579 virtutes

305 2641 365 2709 pro
392 2621 532 2688 utilitate
558 2627 669 2688 nostra
685 2625 719 2686 et
734 2619 840 2702 Regni
857 2618 970 2702 nostri,
987 2635 1162 2703 persenam
1187 2635 1281 2682 suam
1307 2617 1439 2685 carissi-

306 2747 393 2792 mam
409 2727 506 2793 simul
519 2735 550 2792 et
567 2747 618 2794 res
637 2727 828 2814 exponendo
853 2725 991 2792 fideliter
1009 2731 1042 2791 et
1057 2723 1193 2791 viriiiter
1210 2723 1318 2808 dubijs
1339 2744 1441 2791 euen-

306 2833 395 2899 tibus
411 2839 444 2899 et
467 2833 624 2918 iortnnis;
643 2841 775 2920 propter
799 2853 862 2918 que
887 2834 922 2899 in
938 2832 1133 2917 Magistrum
1148 2833 1340 2915 Aganonum
1367 2852 1437 2898 me-

306 2947 420 3006 ruerat
435 2939 547 3026 prefici
564 2960 585 3004 a
600 2940 705 3022 nobis,
723 2941 863 3026 amplius
880 2939 985 3006 eciam
1002 2935 1223 3025 preferendus.
1248 2939 1292 3004 Εἰ
1307 2941 1341 3002 rt
1356 2955 1439 3019 qne·

308 3048 384 3114 dam
401 3049 441 3114 de
457 3049 578 3132 multis,
607 3055 764 3131 tanquam
780 3050 815 3114 in
830 3069 888 3116 sue
903 3047 1073 3115 fidelitatis
1089 3047 1218 3131 delicijs
1239 3045 1438 3114 delectando

280 3155 534 3222 nominetenus
560 3157 723 3241 exprimat
748 3178 838 3224 mens
863 3157 1015 3242 Regalis,
1044 3157 1076 3220 in
1100 3156 1252 3222 conflictu
1276 3156 1438 3242 generali,

308 3261 394 3344 quod
419 3260 592 3326 habuimus
617 3261 651 3326 in
666 3263 786 3348 Soyow
812 3283 885 3328 cum
910 3269 1007 3346 gente
1038 3261 1437 3348 pestileraTartarorum‚

308 3367 486 3436 intuicione
502 3388 640 3454 persone
665 3377 775 3435 nostre
793 3389 898 3455 sagax
916 3375 947 3434 et
964 3377 1115 3436 strenuus
1133 3368 1239 3435 extitit
1262 3369 1441 3438 laudabili·

306 3481 357 3543 ter
382 3475 568 3562 pugnando.
600 3475 809 3545 Postmodum
836 3497 923 3560 vero,
951 3497 1021 3543 cum
1048 3477 1092 3542 ad
1117 3481 1227 3563 partes
1253 3478 1439 3547 maritimas

307 3601 526 3666 vergeremus,
553 3604 718 3668 nunqnam
734 3605 771 3650 se
787 3603 808 3649 a
827 3592 940 3650 nostra
956 3593 1205 3666 nostrorumque
1224 3583 1439 3662 familiarium

307 3689 455 3756 custodia
471 3691 650 3775 elongauit,
668 3691 808 3778 peruigil
830 3700 862 3758 et
878 3693 1019 3759 intentus
1036 3694 1125 3758 circa
1147 3695 1437 3781 recuperacionem

306 3799 558 3883 prosperitatum
579 3805 782 3883 nostrarum,
809 3819 891 3884 quas
917 3819 954 3867 eo
981 3806 1125 3884 tempore
1151 3799 1282 3869 anobis
1308 3801 1438 3868 subtra-

306 3913 400 3972 xerat
416 3925 532 3971 manus
548 3905 621 3972 Dei.
642 3909 684 3972 Et
700 3907 778 3990 quia
794 3905 984 3973 dulcissima
1000 3903 1168 3973 fidelitatis
1188 3907 1257 3974 eins
1275 3908 1438 3993 obsequia

307 4030 380 4076 enm
405 4012 447 4078 ad
462 4011 600 4079 alciores
627 4011 749 4096 gradus
765 4019 874 4078 nostre
900 4013 1011 4095 gracie
1037 4014 1152 4081 merito
1178 4015 1371 4098 extulerant,
1399 4013 1437 4082 in

305 4117 431 4185 Banum
456 4127 490 4184 et
514 4121 639 4184 Ducem
666 4117 771 4210 tocius
796 4117 970 4211 Sclauonie
995 4119 1190 4206 prefecimus
1215 4121 1364 4208 eundem,
1391 4141 1437 4190 ex

306 4225 397 4290 cuius
421 4223 520 4308 officij
548 4225 667 4308 debito,
697 4224 782 4292 sicut
797 4225 1001 4294 diuersarum
1016 4229 1162 4294 Ducatus
1187 4227 1332 4296 eiusdem
1358 4248 1437 4314 par·

306 4331 391 4395 cium
406 4330 651 4398 defensionibus
668 4351 741 4398 eum
759 4331 828 4398 fore
844 4333 1098 4399 intentissimum
1109 4334 1293 4418 oportebat,
1310 4335 1358 4401 sic
1373 4355 1439 4422 per

305 4432 524 4502 diuersimoda
548 4439 655 4522 prelia
671 4437 804 4506 diuersa
828 4439 862 4505 in
879 4441 1010 4526 proprio
1027 4461 1163 4527 corpore
1187 4441 1346 4527 stigmata
1361 4462 1436 4510 sus·

304 4539 399 4622 cepit,
426 4539 475 4603 vir
500 4547 658 4625 strennas,
684 4545 834 4630 adprime
858 4545 1063 4631 dimicando,
1091 4567 1228 4632 quorum
1253 4547 1425 4616 cicatrices
