3134 5150
781 290 944 391 —2—8-

301 487 476 571 diligenter
489 483 668 566 intendere,
684 489 719 548 rt
735 483 861 550 eaduea
875 489 1092 550 transmutent
1101 483 1318 569 sempiternis,
1337 485 1432 550 etde

299 613 487 660 mammona
511 591 693 675 iniquitatis
719 589 842 658 amieos
867 590 1045 676 laniantes,
1071 611 1145 656 oum
1170 590 1370 676 defecerint,
1394 592 1433 657 in

300 710 414 768 eterna
427 698 640 766 tabernauula
655 697 757 783 reoipi
771 705 967 764 mereantur.
990 699 1062 764 Hae
1076 697 1229 764 nimirum
1245 698 1435 766 bonsidera-

301 807 394 875 oione
418 805 587 892 prouocati
603 805 803 872 conuentum
826 803 1058 872 monachorum
1074 803 1321 888 Gysteroyensis
1338 803 1436 871 Ordi-

300 914 351 979 nis
367 914 408 980 de
424 911 620 980 monasterio
635 911 895 998 Triumpontium
912 910 953 978 de
969 911 1161 997 (lampanya
1175 910 1210 976 in
1226 911 1434 996 Hungariam

301 1021 478 1087 transmitti
494 1018 663 1104 peeiimus,
680 1019 797 1100 quibus
807 1019 923 1102 laeum,
941 1019 996 1102 qui
1006 1016 1121 1084 Vkurd
1137 1019 1304 1104 vulgariter
1319 1021 1435 1106 appel-

301 1129 398 1211 latur,
415 1127 460 1192 ad
475 1124 664 1192 monasterii
676 1125 920 1192 edificacionem
936 1125 1174 1210 deputabimus,
1191 1131 1223 1190 et
1238 1145 1280 1192 ne
1291 1146 1356 1211 eos,
1375 1127 1434 1211 qui

300 1235 335 1300 in
352 1233 467 1300 eodem
492 1233 565 1300 looo
580 1233 650 1300 Deo
663 1231 704 1297 in
727 1231 898 1316 religionis
923 1231 1039 1297 habitu
1064 1231 1272 1315 famulantur,
1297 1237 1435 1318 propter

302 1339 462 1407 detentum
487 1339 735 1424 temporalium,
760 1339 832 1405 siue
848 1339 966 1422 quibus
991 1339 1026 1404 in
1051 1339 1113 1406 hoo
1139 1339 1269 1404 mortali
1295 1357 1432 1424 corpore

301 1448 468 1518 constituti
483 1467 548 1514 non
564 1450 703 1532 possunt
718 1443 903 1529 sustentari,
921 1443 1146 1511 detrimentum
1169 1445 1239 1530 pati
1262 1444 1430 1528 eontinge·

300 1563 360 1640 ret,
380 1554 540 1640 quasdam
556 1551 782 1638 possessiones
809 1551 916 1618 eidem
932 1552 1079 1618 deelesie
1098 1551 1291 1618 contulimus
1316 1571 1433 1637 perpe-

301 1669 357 1730 tuo
382 1662 609 1748 possidendas.
642 1661 680 1726 In
706 1659 869 1727 Comitatu
894 1659 1076 1744 Syrimensi
1100 1659 1141 1724 de
1164 1659 1430 1746 possessionibus

303 1768 509 1835 hereditariis
535 1766 697 1853 quondam
714 1767 803 1834 Petri
820 1767 878 1851 filij
895 1768 1045 1853 Gurwey,
1071 1785 1134 1850 que
1151 1787 1213 1834 sua
1238 1766 1431 1832 infidelitate

303 1877 464 1960 exigente,
492 1875 571 1958 quia
586 1875 709 1940 orimen
723 1875 792 1940 lese
807 1873 990 1940 Maiestatis
1016 1882 1151 1941 matrem
1169 1879 1322 1940 'nostram
1346 1873 1432 1940 osei-

305 1983 410 2049 dendo
427 1981 645 2062 commiserat,
662 1981 706 2044 ad
722 1999 838 2046 manus
854 1981 975 2063 Regias
991 1980 1122 2047 fuerunt
1137 1980 1306 2064 deuolute3
1331 1979 1431 2064 inpri-

303 2089 366 2154 mis
381 2088 489 2172 ipsum
505 2087 621 2171 losum,
637 2086 693 2152 vbi
708 2087 939 2153 monasterium
951 2095 1001 2153 est
1017 2091 1245 2169 constructum,
1262 2086 1317 2170 qui
1328 2093 1428 2152 antea

303 2193 428 2278 Vkurd,
446 2193 504 2260 sed
520 2180 615 2261 mod'o
632 2193 785 2260 Belelons
801 2194 995 2281 appellatur,
1021 2214 1093 2259 eum
1110 2193 1259 2260 omnibus
1275 2192 1343 2259 suis
1357 2211 1430 2278 per-

303 2303 464 2386 tineueiis,
482 2302 607 2369 seilicet
622 2301 738 2385 vineis,
756 2301 861 2388 silvis,
879 2303 968 2384 agris
985 2309 1018 2366 et
1033 2302 1146 2388 pratis,
1166 2307 1199 2367 et
1213 2301 1308 2367 terris
1324 2300 1432 2366 arabi·

303 2411 398 2494 libus,
427 2430 499 2476 eum
516 2415 610 2495 parte
626 2407 770 2475 Danubii
785 2409 915 2474 fluentis
932 2429 1028 2493 super
1045 2418 1165 2475 terram
1179 2407 1281 2492 illam,
1308 2413 1339 2472 et
1355 2427 1430 2474 eum

300 2519 416 2602 viginti
442 2521 586 2601 quinque
601 2517 691 2582 villis
708 2518 769 2582 sub
785 2538 849 2582 vna
866 2522 951 2581 meta
970 2515 1196 2598 existentibus,
1222 2534 1360 2597 quarum
1375 2533 1430 2580 no-

302 2624 391 2688 mina
408 2632 483 2689 sunt
498 2625 579 2689 heo:
597 2622 862 2705 villaOomonoh,
880 2622 961 2687 villa
977 2622 1100 2702 Ohuda,
1117 2619 1331 2703 villaAobad,
1348 2621 1431 2686 villa

302 2731 585 2814 Theutonieorum,
611 2731 693 2796 villa
711 2731 862 2812 Brataoh,
879 2731 959 2795 villa
975 2729 1085 2813 Ineud,
1111 2731 1192 2797 villa
1208 2731 1323 2816 basar,
1349 2730 1431 2795 villa

303 2837 428 2920 Vkurd,
456 2836 519 2903 due
535 2838 612 2903 ville
627 2839 811 2920 Monorous,
837 2837 918 2902 villa
934 2837 1095 2920 Leremer,
1123 2838 1202 2902 villa
1221 2837 1321 2918 Luaz,
1349 2837 1432 2902 villa

305 2941 463 3026 Cherwet,
482 2944 561 3008 villa
577 2943 708 3026 Erdeol,
728 2944 808 3008 villa
823 2945 988 3026 Warolea,
1014 2949 1046 3009 et
1061 2943 1142 3008 villa
1159 2945 1271 3028 Furny
1287 2963 1360 3008 oum
1384 2944 1432 3008 in·

306 3051 389 3134 sula,
407 3051 488 3115 villa
503 3050 629 3115 Perben
654 3070 727 3116 oum
743 3051 872 3136 piscina
888 3053 984 3134 bona,
1011 3056 1044 3115 et
1059 3049 1177 3133 viginti
1194 3050 1322 3116 duabus
1340 3069 1430 3115 man·

305 3156 450 3223 sionibus
476 3175 643 3222 servorum
668 3157 878 3242 piscatorum,
903 3157 984 3222 villa
1009 3155 1181 3242 Seepiolu,
1208 3157 1289 3222 villa
1314 3155 1430 3241 Ouiun,

304 3263 384 3330 villa
394 3262 1054 3348 Haranoh,villaPokoy,villaBratyoha,
1065 3263 1146 3329 villa
1156 3261 1339 3349 Gomolous,
1350 3253 1432 3330 villa

303 3373 412 3456 Stena,
433 3371 514 3438 villa
532 3371 660 3455 Oyfolu.
685 3371 778 3435 Licet
793 3369 879 3436 enim
896 3392 955 3458 pro
971 3373 1114 3439 remedio
1131 3372 1238 3438 anime
1253 3373 1432 3440 karissime

304 3479 417 3544 matris
430 3483 653 3545 uostreomnes
663 3476 890 3563 possessiones
901 3477 1019 3564 prefati
1030 3479 1126 3562 Petri,
1138 3479 1230 3546 ouius
1240 3479 1431 3546 detestabili

306 3584 439 3652 erimine
453 3585 560 3650 fuerat
575 3583 754 3669 interfecta,
771 3587 834 3652 Dei
844 3585 1000 3652 Euolesiis
1016 3585 1155 3654 conferri
1170 3587 1332 3671 ydoneum
1348 3589 1431 3655 exti-

304 3693 401 3760 tisset
416 3691 672 3776 racionabiliter,
688 3691 749 3758 has
765 3701 874 3758 tamen
884 3693 918 3758 in
934 3699 1126 3778 perpetuam
1142 3694 1353 3762 elemosinam
1369 3713 1431 3777 pro

304 3800 525 3888 redemptione
541 3805 746 3886 pennatorum
757 3798 865 3866 anime
881 3805 949 3866 tam
964 3801 1079 3884 ipsius,
1098 3821 1196 3883 quam
1212 3807 1330 3884 nostre,
1342 3799 1433 3868 dedi-

304 3927 375 3976 mus
391 3907 541 3974 Eeolesie
556 3905 750 3993 supradicte.
779 3905 982 3974 Contulimus
998 3907 1102 3974 eoiam
1118 3907 1151 3972 in
1166 3907 1284 3975 Sirmia
1308 3915 1433 3976 terram

303 4017 416 4086 Narad
440 4037 513 4084 oum
538 4015 690 4082 omnibus
715 4015 938 4102 prouentibus,
968 4014 1123 4081 videlieet
1147 4015 1250 4096 siluis,
1277 4021 1309 4080 et
1332 4015 1431 4082 terris

304 4126 408 4206 uultis,
436 4133 468 4191 et
482 4125 624 4207 incultis,
651 4123 755 4208 aquis,
783 4128 815 4189 et
829 4122 943 4208 pratis.
961 4123 1119 4189 Dedimus
1137 4123 1241 4188 eoiarn
1266 4123 1372 4188 eidem
1396 4123 1432 4190 iu

303 4229 427 4295 Petend
443 4241 514 4298 oeto
541 4232 728 4300 mansiones
756 4251 921 4299 seruorum
939 4230 1115 4298 vinitorum
1140 4249 1213 4297 oum
1228 4231 1323 4296 terris
1348 4231 1431 4314 suis,

304 4343 337 4402 et
350 4335 491 4419 quinque
501 4339 615 4404 vineas
625 4357 724 4424 snper
739 4344 827 4404 terra
838 4338 989 4423 Nyeolay
999 4337 1057 4404 filii
1067 4337 1219 4421 Teodori,
1238 4358 1320 4421 quas
1329 4337 1431 4403 iidem

303 4443 459 4509 vinitores
473 4448 622 4510 tenentur
634 4447 751 4529 colere,
768 4453 801 4511 et
816 4443 1017 4512 vindemiare
1028 4445 1197 4512 annuatim
1208 4445 1252 4511 ad
1267 4445 1431 4528 integrum

303 4547 492 4636 inpropriis
517 4551 708 4635 sumptibus,
733 4559 765 4617 et
780 4553 891 4618 vinum
915 4553 1090 4618 earundem
1106 4551 1274 4620 vinearum
1299 4560 1434 4638 portare
