3134 5150
691 295 735 362 33

635 383 788 398 —·-v—..-

138 486 171 544 et
193 479 357 565 fenetum3
383 488 507 550 terram
531 504 608 554 uero
627 489 720 556 llbed
744 491 788 558 ad
805 494 954 565 Castrum
978 503 1149 588 Golguoch
1175 514 1273 596 perti·

135 595 278 673 nentem,
295 589 339 654 ad
355 597 427 658 octo
439 597 553 658 aratra
567 594 789 687 sufficientem,
808 609 840 671 et
855 605 999 676 fanetum
1010 613 1043 678 iu
1059 619 1271 702 septuaginta

133 693 315 782 iugeribus,
341 701 374 764 et
388 698 554 784 piscinam
578 723 650 771 cum
675 707 747 778 loeo
763 711 937 800 piscature,
964 718 1052 802 quod
1077 724 1175 808 uulgo
1194 739 1269 794 torta

135 799 266 887 dieitur,
283 810 317 869 et
330 803 473 872 insulam
498 829 699 880 communem
715 837 788 885 eum
806 821 881 889 aliis
897 827 1017 911 multis,
1044 829 1098 896 ubi
1117 841 1192 901 sunt
1207 837 1269 902 vir*

133 908 237 994 guita,
256 917 288 977 et
302 911 420 998 viginti
431 923 559 1001 septem
575 919 638 1005 piri
654 921 817 994 silvestris
833 931 979 1016 arbores,
998 937 1040 1002 ab
1057 937 1125 1005 illis
1141 939 1266 1012 Castris

131 1023 290 1100 exemtus,
318 1017 426 1086 cidem
441 1023 590 1091 Ecclesia
606 1029 813 1119 contulimus,
838 1037 908 1102 iure
923 1049 1079 1127 perpetuo
1093 1049 1264 1131 possiden·

1 1189 2 1214 3
130 1128 202 1194 das.
229 1125 274 1192 Vt
287 1127 387 1210 igitur
402 1127 500 1195 buius
516 1139 624 1199 nostre
641 1141 861 1210 concessionis
878 1147 977 1215 series
998 1152 1094 1219 salua
1109 1157 1142 1219 ei
1156 1156 1264 1224 incon

1 1325 2 1332 ἵ
130 1253 230 1301 cussa
245 1245 455 1320 permaneat;
480 1247 665 1323 presentem
684 1245 841 1330 paginam
861 1252 1022 1341 dupplieis
1038 1257 1141 1344 sigilli
1158 1265 1263 1331 nostri

127 1343 306 1408 munimine
322 1340 475 1409 duximus
491 1346 717 1418 roborandam.
743 1356 866 1424 Datum
881 1361 914 1426 in
931 1363 1068 1432 Zoulom
1096 1385 1180 1436 anuo
1197 1373 1261 1437 Do·

127 1449 247 1515 miniee
270 1439 518 1520 lucarnaeionis
544 1456 718 1527 millesimo
745 1463 967 1538 ducentesimo
984 1473 1148 1542 tricesimo
1164 1479 1261 1566 septi-

126 1579 191 1639 mo,
215 1557 318 1624 tercio
344 1556 470 1625 decimo
498 1559 657 1631 kalendas
674 1567 875 1639 Decembris.
902 1575 1008 1660 Regni
1029 1585 1137 1648 autem
1157 1585 1261 1652 nostri

125 1685 212 1734 auno
230 1665 341 1730 tercio.

348 1867 456 1934 (Knauz
470 1870 589 1938 Ndndor',
604 1877 720 1943 Magyar
732 1879 797 1930 Sion
811 1881 849 1932 11.
864 1883 921 1934 ket.
934 1886 996 1936 teo.
1010 1886 1039 1953 1.)

553 2178 815 2194 ---

653 2668 709 2736 21.

1 2917 2 2938 ,
115 2859 178 2924 11⁷.
196 2857 275 2924 Bata
292 2859 400 2946 kirtly
415 2881 436 2922 a
454 2858 575 2923 Garum
591 2861 719 2930 rudlstti
741 2887 783 2929 aa.
799 2865 946 2936 bertedeld
969 2885 1135 2940 monostort
1150 2899 1171 2940 a
1186 2879 1243 2946 Zoe

1 2943 2 3026 Ῑ
115 2967 217 3054 lyomt'
234 2965 372 3054 Jditpdn
388 2966 543 3032 elleadbeo
558 2967 667 3034 liorem
682 2970 858 3061 tszpstpttt
868 2981 952 3063 jatrd
971 2981 1246 3050 commentatore

431 3073 618 3140 birtolcdban
631 3082 818 3165 maperdaita’.
840 3085 938 3151 1237.

219 3269 302 3334 Bela
318 3269 380 3335 Dei
404 3270 518 3352 gracia
533 3271 710 3359 Hungarie,
728 3275 907 3366 Dalmaeie,
929 3277 1097 3368 Obroacic,
1123 3286 1237 3370 Reme,

1 3337 2 3424 d
105 3375 235 3463 Seruie,
253 3375 402 3460 Gallieie,
419 3375 844 3467 LodomerieOnmauieque
862 3387 942 3472 Rex,
954 3389 1103 3457 omnibus
1121 3389 1240 3458 Christi

105 3484 263 3552 fidelibus
288 3483 445 3569 pagiuam
470 3491 655 3570 presentem
674 3488 871 3574 inspecturis
891 3495 1029 3562 salutem
1045 3497 1079 3562 in
1095 3517 1172 3563 uero
1189 3517 1239 3565 sa·

102 3592 219 3676 lutarj.
234 3593 297 3674 Ea,
314 3611 377 3675 que
392 3591 536 3676 legitime
552 3593 751 3682 ordinantur,
778 3598 870 3666 firma
886 3600 1006 3670 debent
1022 3613 1055 3671 et
1077 3611 1236 3692 perpetua

101 3716 320 3785 permanere,
338 3707 425 3764 etue
440 3698 474 3764 in
489 3699 634 3768 rediciue
647 3704 826 3788 questionis
838 3711 1023 3794 scrupulum
1038 3713 1235 3798 relabantur,

99 3805 306 3873 authoritate
324 3807 427 3890 Regia
452 3809 602 3874 conuenit
630 3813 798 3897 eomunirj.
825 3815 910 3882 Hinc
926 3824 986 3902 est,
1003 3820 1091 3902 quod
1111 3821 1155 3885 ad
1170 3821 1236 3885 vni-

99 3933 274 3980 ucrsorum
298 3911 455 3979 noticiam
479 3913 594 3980 harum
619 3923 730 3986 tenore
757 3921 904 3990 uolumus
929 3923 1118 4008 peruenire,
1151 3927 1236 4009 quod

96 4019 335 4090 accedentibus
352 4019 394 4084 ad
410 4024 613 4106 presenciam
629 4037 773 4094 nostram
791 4031 918 4098 Abbate
934 4039 967 4098 et
984 4033 1152 4098 Oouuentu
1168 4035 1232 4102 Mo

1 4133 2 4140 ’
94 4129 239 4214 nasterij
255 4129 368 4195 Sancti
383 4131 553 4196 Benedicti
578 4131 620 4198 de
636 4137 758 4221 Graue,
785 4159 920 4222 manem
937 4139 1123 4206 eorumdem
1148 4161 1233 4209 reee-

1 4289 2 4312 ,
92 4242 208 4328 pimus
224 4237 463 4323 querimoniam
479 4247 591 4306 eontra
608 4241 766 4311 Comitem
787 4254 932 4314 nostrum
950 4248 990 4314 de
1006 4247 1118 4314 Zolum
1134 4271 1233 4338 super

1 4349 2 4362 ¹
91 4371 142 4434 eo,
161 4347 254 4435 quod
270 4347 360 4412 idem
376 4347 510 4413 terciam
526 4355 651 4432 partem
667 4352 779 4419 tributi
796 4355 837 4420 de
853 4356 958 4422 tribus
974 4355 1082 4442 uillis,
1109 4359 1230 4428 Gorne-

1 4447 2 4458 ’
90 4457 154 4524 cha
182 4454 322 4536 scilieet,
351 4451 522 4518 Gelednelr
549 4461 581 4519 et
597 4453 732 4543 Oristur,
760 4457 803 4524 ad
826 4459 972 4544 ipsorum
996 4465 1229 4531 monasterium

88 4564 321 4651 pertinentem,
351 4559 524 4627 occasione
540 4561 680 4628 duarum
695 4565 841 4650 parcium
865 4565 1010 4634 eiusdem
1025 4569 1147 4652 tributi,
1165 4589 1231 4654 que

1 4761 2 4768 ,
131 4719 234 4757 riom.
251 4720 338 4758 uuus.
357 4715 429 4752 utcu.
448 4725 485 4736 -
504 4715 574 4751 uren.
586 4706 620 4747 tt.
1047 4703 1064 4756 3
