3102 5160
840 367 995 472 gae-

356 571 446 640 diota
470 568 669 637 laenitatem.
705 566 796 634 Nulli
821 585 900 650 ergo
924 563 1054 633 omnino
1079 563 1245 631 hominum
1274 560 1372 628 lioeat
1394 559 1486 626 hano

355 680 514 768 paginam
529 681 640 745 nostre
656 673 876 745 concessionis
892 672 1079 760 infringere,
1095 671 1148 739 vel
1163 670 1195 740 ei
1209 691 1294 740 ausu
1307 666 1484 740 lemnario

355 785 529 857 ooutreire.
545 783 582 852 Si
592 783 667 868 quis
677 789 787 850 sutem
797 779 860 849 hoo
869 785 1064 866 attemptare
1073 777 1317 867 presumpserit,
1334 776 1485 866 indigna·

355 893 475 961 tionem
492 889 732 978 omnipotentis
748 887 819 975 Dei,
847 892 880 955 et
894 887 1070 954 Beatormn
1085 885 1173 953 Petri
1186 891 1218 955 et
1232 885 1327 956 Pauli
1342 885 1484 977 Aposto·

354 1002 459 1070 lorum
474 1001 545 1087 ejus
561 1017 598 1068 se
611 996 738 1068 noverit
751 997 963 1064 inonrsurum.
991 996 1112 1062 Datum
1129 992 1280 1080 Lugduni
1295 995 1351 1065 Vl.
1368 997 1483 1068 kalen·

354 1109 415 1178 das
430 1106 642 1196 Septembris,
659 1103 871 1174 Pontifioatus
885 1102 989 1171 nostri
1005 1121 1091 1172 anno
1111 1103 1232 1189 quinto.

681 1304 838 1370 tl'ursenev
850 1307 886 1362 ru
900 1322 935 1360 m.
947 1308 970 1360 1.
983 1301 1041 1360 net
1057 1302 1101 1356 er.
1114 1301 1146 1369 ι)

784 1583 1046 1598 m·-

875 2081 951 2150 leo.

354 2260 377 2325 I
381 2260 414 2326 V.
431 2261 519 2328 leae
530 2267 620 2350 pcipe
635 2264 843 2350 belaeypeze'sdt
856 2263 942 2349 adjm
960 2265 1043 2350 kopp
1058 2261 1177 2329 Ddrte'el
1189 2257 1343 2346 Galaezio,
1357 2267 1387 2325 e'o
1404 2260 1482 2325 Wa-

351 2369 446 2435 azt'lko
462 2370 649 2437 Lodomeaa‘a
657 2371 1062 2460 kirdlyainakorezdpdhao
1073 2369 1337 2455 olermtooapp
1351 2373 1421 2434 mdo
1430 2369 1483 2432 ba·

348 2479 438 2545 rdtok
456 2479 1061 2568 coatenpedelmolmellaobtrtoooooat
1071 2477 1362 2564 feltodjdezdpokat.
1380 2471 1485 2544 1247.

460 2675 670 2744 Innocentius
687 2676 871 2766 Episoopns
881 2693 996 2744 servos
1008 2692 1175 2743 servorum
1185 2671 1248 2741 Dei
1265 2671 1484 2741 dileetisiiliis

353 2781 542 2852 Illustribns
558 2785 689 2852 Danieli
704 2785 822 2855 Russie
837 2790 871 2852 et
885 2785 938 2851 W.
953 2780 1170 2852 Laudemerie
1189 2779 1283 2848 fratri
1298 2779 1369 2847 eius
1384 2780 1484 2866 Regi-

351 2889 423 2972 bus,
441 2895 475 2956 et
488 2897 566 2960 nato
577 2891 722 2977 ejusdem
732 2892 881 2961 Danielis
891 2893 1032 2961 salutem
1042 2887 1310 2977 etApostolioam
1325 2885 1482 2955 benedie-

349 2995 479 3065 tionem.
489 2997 704 3084 Exigentibus
715 3007 822 3070 vestro
833 2999 1015 3070 devotionis
1025 2998 1148 3067 meritis
1159 2995 1367 3067 votisvestris
1377 2995 1486 3064 liben-

350 3107 400 3168 ter
418 3105 601 3194 annuimus,
619 3114 652 3176 et
667 3108 842 3196 petitiones
857 3115 996 3194 vestras,
1017 3112 1175 3196 quantum
1189 3125 1261 3175 eum
1280 3106 1351 3173 Deo
1365 3123 1486 3192 possu-

349 3229 434 3295 mus,
448 3209 670 3284 favorabiliter
686 3215 887 3285 exaudimus.
905 3215 1032 3284 Vestris
1054 3214 1165 3300 itaque
1181 3209 1483 3300 supplioationibus

353 3317 512 3406 inclinati,
534 3326 569 3388 ut
580 3321 947 3410 nullnsllrnoilerorum,
963 3323 1017 3391 vel
1035 3321 1174 3391 aliorum
1192 3319 1421 3406 religiosomm
1448 3322 1486 3388 in

352 3425 469 3496 vesum
478 3427 758 3516 terrisaequisitis,
778 3428 1038 3516 etaoqnirendis,
1055 3427 1097 3497 de
1112 3427 1224 3514 aliquo
1240 3426 1485 3497 seintromitte-

349 3555 395 3623 re,
405 3537 458 3606 vol
473 3536 714 3624 possessionem
724 3539 868 3624 aliquam
879 3537 1048 3624 nequiuere
1057 3538 1183 3622 absque
1197 3535 1402 3621 beneplacito
1427 3557 1487 3605 ve-

349 3653 416 3714 stro
431 3645 553 3732 valeat,
569 3647 765 3716 austeritate
779 3647 873 3717 vobis
889 3646 1039 3734 prediola
1057 3645 1274 3731 indulgemus.
1293 3643 1384 3712 Nulli
1399 3663 1488 3732 ergo

349 3753 478 3822 omnino
491 3753 657 3824 hominum
677 3755 776 3822 lioeat
791 3755 876 3823 hano
891 3753 1048 3843 peginam
1064 3761 1175 3822 nostre
1190 3751 1414 3822 oonoessionis
1436 3755 1489 3822 in·

347 3861 501 3948 dingere,
527 3862 581 3932 vel
596 3862 626 3930 ei
645 3881 728 3930 ausu
743 3861 917 3931 temerario
932 3862 1102 3930 conuaire.
1132 3863 1167 3930 si
1184 3861 1258 3946 quie
1283 3867 1392 3929 autem
1419 3859 1491 3932 hoo

348 3973 545 4057 attemptare
560 3969 805 4056 presumpserit,
821 3969 1082 4055 indignationem
1097 3967 1336 4056 omnipotentis
1352 3967 1430 4055 Dei,
1451 3976 1489 4036 et

348 4077 525 4147 Bessorum
539 4079 628 4146 Petri
643 4087 676 4146 et
691 4077 787 4146 Pauli
804 4078 1035 4168 Apostolorum
1051 4078 1123 4166 ejus
1138 4097 1176 4146 se
1194 4075 1321 4146 noverit
1335 4077 1492 4146 mearan-

348 4205 429 4252 rnm.
455 4187 578 4253 Datum
594 4184 746 4272 Lugduni
762 4186 817 4254 v1.
837 4185 1001 4255 kalendas
1026 4185 1238 4272 Septembris,
1263 4184 1490 4255 Pontifioatns

348 4293 451 4362 nostri
467 4313 553 4364 anno
569 4293 692 4380 quinto.

686 4489 850 4562 (Turgsnov
862 4493 898 4546 id.
907 4507 942 4546 m.
956 4495 978 4549 1.
992 4495 1049 4547 lritt.
1063 4493 1106 4545 82.
1115 4491 1145 4561 l.)

782 4727 1044 4743 m
