3148 5156
778 845 779 850 ‘
834 879 910 947 asa.

316 1059 442 1124 Rotctnd
466 1059 569 1124 reddor
584 1065 614 1122 e'a
639 1059 747 1124 Vineae
761 1065 880 1147 repitent
904 1063 1024 1148 perpot-
1042 1067 1120 1126 rru'nt
1145 1063 1293 1126 lre'lriiiddtt
1317 1063 1437 1148 kirnr'lyr'

316 1167 413 1247 tir-ol,
435 1167 541 1232 Ertdre
557 1169 692 1254 Ιίόἱεράπ
707 1175 737 1232 e'e
752 1171 982 1236 biudto‘rraiaale
999 1172 1114 1236 Moriar
1129 1174 1248 1258 helysei]
1263 1175 1364 1236 incluti
1379 1175 1433 1234 tre:-

632 1279 699 1341 lcte't
713 1277 836 1362 belyben
852 1279 996 1364 boqudlr.
1019 1279 1112 1344 1255.

423 1472 587 1542 Rolandus
611 1473 780 1540 Palatinus
807 1481 838 1538 et
854 1475 969 1541 Comes
994 1475 1212 1563 Posoniensis,
1235 1477 1432 1544 Vincencins

316 1585 376 1652 Dei
388 1586 500 1670 gracia
511 1585 693 1672 Episcopus
704 1584 887 1670 Nitriensis,
909 1586 1271 1673 omnibnupresenoium
1281 1589 1434 1655 noticiam

315 1693 472 1762 habituris
482 1693 621 1760 salutem
632 1693 664 1758 iu
681 1692 798 1758 salutis
810 1699 951 1761 auctore.
970 1691 1130 1772 Quoniam
1140 1714 1293 1780 processu
1309 1701 1431 1780 tempo-

315 1824 383 1869 rum
400 1802 503 1868 multa
517 1801 692 1886 irritantur,
719 1821 853 1868 necesse
869 1809 918 1868 est
933 1821 985 1868 res
1002 1810 1111 1886 gestas
1138 1804 1258 1890 scripto
1275 1823 1434 1868 commen-

316 1910 404 1996 dare,
430 1918 465 1975 ut
481 1930 522 1976 ex
545 1909 661 1976 litteris
687 1916 883 1994 cognoscant
903 1911 1064 1994 absentes,
1091 1909 1177 1996 quod
1194 1911 1266 1978 uisu
1291 1910 1434 1976 didicere

315 2027 494 2104 presentes.
520 2018 661 2085 Proinde
678 2019 721 2084 ad
737 2019 959 2087 uniuersorum
976 2019 1129 2086 noticiam
1145 2027 1212 2086 tam
1230 2019 1433 2107 presencium

316 2149 412 2212 quam
428 2126 604 2194 futororum
620 2128 733 2194 barum
750 2127 988 2196 serievoiumns
1005 2127 1185 2214 peruenire,
1206 2129 1375 2212 quodcum
1392 2147 1433 2194 ex

316 2235 471 2305 mandato
497 2235 618 2302 domini
643 2236 720 2304 Bele
745 2236 882 2304 illustris
908 2237 1007 2320 Regis
1033 2239 1147 2304 Petrus
1178 2238 1265 2304 filius
1290 2239 1432 2322 Myeeta,

315 2345 463 2412 Andreas
480 2343 566 2412 tilius
582 2343 740 2430 Farcasij,
768 2344 868 2411 Boleb
884 2344 969 2412 filins
986 2343 1117 2430 blatbie,
1144 2347 1270 2430 Bereyn
1288 2346 1327 2410 de
1345 2344 1431 2422 like,

314 2455 405 2522 Boda
420 2455 503 2522 tilius
520 2455 659 2539 Dionisij
677 2455 716 2520 de
733 2456 869 2538 Zovvor,
887 2454 1057 2520 Florianus
1074 2453 1160 2520 filius
1172 2455 1292 2540 Baebe,
1309 2455 1430 2522 Joban-

313 2585 371 2632 nes
397 2564 482 2631 filius
508 2561 724 2646 Zumurcbuk,
753 2561 880 2628 Ivanka
905 2563 945 2628 de
970 2564 1068 2649 Saap,
1097 2571 1128 2630 et
1154 2563 1210 2648 alij
1231 2563 1430 2649 jobagiones

314 2674 420 2742 (taetri
446 2673 601 2757 eiusdem,
629 2693 668 2738 ac
688 2678 870 2740 castrenses
886 2672 927 2738 de
953 2672 1030 2741 villa
1054 2674 1176 2759 Monnr,
1202 2673 1271 2740 Bon
1297 2673 1432 2758 seilicet,

314 2783 416 2868 Zeira,
441 2782 574 2865 Bereeb,
601 2781 719 2864 Pousa,
745 2803 783 2848 ac
808 2783 939 2866 cognati
963 2801 1092 2866 eorum,
1119 2783 1203 2850 filios
1227 2783 1428 2864 blanchouiS,

314 2890 487 2958 Antonium
503 2889 655 2956 videlicet
679 2899 711 2956 et
726 2891 916 2975 iohannem,
933 2911 972 2956 ec
991 2889 1075 2958 filios
1094 2890 1194 2976 Hyze,
1219 2891 1428 2958 Benedictum

315 2998 439 3066 seilicet
455 2998 619 3082 etFylem,
636 3017 676 3064 au
685 3000 825 3083 Petrum,
843 2999 876 3064 in
893 3005 1003 3066 nostra
1015 3005 1232 3066 conuenerunt
1250 3001 1430 3086 presencia,

315 3115 347 3174 et
362 3108 597 3194 proponebant,
615 3107 699 3193 quod
716 3113 835 3174 terram
845 3107 958 3173 Monar·
974 3107 1014 3173 de
1030 3108 1100 3174 iure
1115 3108 1219 3176 Casiri
1238 3107 1431 3174 existentem

314 3214 495 3282 detinerent
505 3234 563 3301 per
578 3214 755 3282 indebitam
766 3216 1022 3302 occupaciouem.
1041 3215 1091 3280 Ad
1102 3215 1162 3281 boc
1178 3213 1286 3296 iidem,
1304 3216 1431 3300 inques

313 3323 484 3408 agebatur,
508 3323 617 3389 taliter
632 3321 881 3408 respondebant,
900 3323 987 3408 quod
1002 3324 1060 3390 illa
1075 3328 1162 3390 terra
1185 3323 1326 3410 ipsorum
1344 3329 1432 3390 esset

313 3431 521 3516 hereditaria,
547 3451 567 3498 a
583 3429 695 3516 primis
711 3431 970 3518 progenitoribus
998 3453 1107 3501 eornm
1123 3433 1231 3516 quiete
1247 3438 1279 3498 et
1294 3432 1430 3518 pacifice

313 3559 476 3628 possessa,
503 3546 535 3606 et
559 3539 653 3607 metis
679 3539 819 3625 antiquis
843 3540 1024 3626 designata.
1054 3540 1293 3608 Subiunxerunt
1314 3541 1430 3626 eciem,

314 3647 401 3737 quod
411 3648 605 3735 jobagiones
622 3649 729 3716 antri
749 3650 905 3717 nominati
922 3657 1067 3737 tempore
1083 3649 1304 3718 reuocacionis
1319 3669 1431 3735 perpe-

312 3759 462 3826 tuitatem
488 3758 521 3824 in
537 3755 707 3844 presencia
723 3757 850 3824 Andree
876 3757 1001 3826 Judicis
1019 3756 1114 3824 Ourie
1139 3757 1258 3826 donnini
1283 3758 1383 3842 Regis
1399 3765 1432 3824 et

313 3867 449 3936 Comitis
466 3865 684 3952 Posonieneie,
708 3867 868 3934 lobannis
884 3867 1044 3952 Prepositi
1061 3873 1137 3933 tunc
1161 3865 1317 3953 temporis
1332 3865 1430 3934 Poso-

312 3977 444 4058 nieneis,
457 3975 603 4062 judicum
620 3995 640 4041 a
656 3973 785 4042 domino
796 3975 875 4040 Belo
892 3973 1014 4040 Illustri
1025 3975 1114 4057 Rege
1130 3991 1228 4058 super
1246 3971 1430 4040 iudicandis

312 4085 406 4153 terris
421 4083 567 4151 eiusdem
583 4081 690 4150 (taetri
706 4081 929 4166 delegatorum
945 4081 986 4148 ab
1003 4080 1126 4148 eisdem
1146 4079 1375 4166 requisissent3
1397 4083 1429 4147 in

313 4195 405 4261 cuins
424 4193 471 4260 rei
497 4189 686 4258 memoriam
711 4189 835 4257 litteras
861 4190 1034 4258 eorundem
1054 4189 1199 4276 judicum
1225 4190 1284 4256 sub
1308 4190 1427 4274 sigillis

312 4301 454 4385 ipsorum
471 4300 568 4368 talem
584 4308 726 4367 tenorem
753 4300 952 4366 continentes
969 4319 1077 4367 eoram
1093 4297 1187 4364 uobis
1203 4297 1427 4366 exbibuerunt.

419 4410 584 4476 Johannes
599 4407 807 4476 Posoniensis
823 4407 1011 4496 Propositus
1027 4407 1088 4474 stb.
1107 4405 1313 4490 (buvetkeziir
1337 4427 1358 4472 a
1374 4429 1428 4493 po·

313 4515 425 4601 zeonyi
447 4515 674 4601 ktptalannak
706 4515 838 4584 ruteni
865 4514 1158 4602 bizonystglevele‚
1186 4512 1265 4580 mint
1286 4513 1426 4581 ·ientebb

315 4628 366 4694 16.
382 4643 425 4691 su.
443 4621 488 4705 a.)
