3198 5160
867 287 936 356 biti

822 378 975 390 υ·-

334 487 515 554 Tartmica.
540 485 635 554 Unde
650 488 732 572 Rex,
758 487 814 574 qui
830 485 1026 573 easpossint
1053 487 1165 574 legere
1180 487 1300 554 multos
1327 487 1467 570 invenit,

334 593 394 662 sed
409 595 631 682 intelligentes
644 615 709 662 non
726 595 860 668 invenit.
877 595 946 661 Nos
963 599 1072 662 autem
1082 613 1155 662 cum
1172 595 1388 664 transiremus
1405 616 1468 683 per

334 701 537 786 (lamoniam,
563 723 730 790 pagannm
747 701 907 787 quendam
933 702 1126 786 invenimus,
1152 701 1208 786 qui
1224 702 1321 770 nobis
1337 722 1398 771 eas
1413 708 1469 770 est

333 809 577 896 interpretatus.
603 812 673 877 Hec
697 815 774 878 sunt
797 817 916 894 autem,
945 828 1009 893 qne
1033 809 1127 876 litere
1150 809 1343 878 continent:
1371 811 1466 896 ,Ego

334 918 450 1004 cbayn
474 920 609 986 nuntios
626 918 727 1002 Regis
743 917 868 1002 celesti,
895 916 949 984 cui
964 915 1054 984 dedit
1072 916 1253 1004 potentiam
1280 938 1379 1005 super
1399 927 1467 986 ter-

334 1047 415 1113 ram,
432 1026 632 1094 subicientes
657 1024 737 1092 mihi
753 1044 791 1092 se
806 1025 962 1110 exaltare,
989 1032 1022 1092 et
1038 1023 1220 1112 deprimere
1236 1025 1467 1094 adversantes.

334 1133 433 1202 bliror
459 1134 500 1201 de
524 1141 557 1202 tc
573 1133 801 1220 Hungarorum
825 1129 962 1219 Regulo,
988 1134 1077 1216 quod
1102 1153 1176 1200 cum
1191 1133 1234 1200 ad
1260 1141 1293 1202 te
1318 1135 1469 1204 miserim

333 1242 500 1312 tricesima
511 1241 582 1310 vice
597 1243 736 1329 legatos,
754 1262 858 1328 quare
872 1242 916 1308 ad
926 1243 1111 1310 menullum
1122 1243 1260 1310 remittis
1276 1263 1317 1311 ex
1327 1245 1467 1328 eisdem,

334 1351 470 1420 seduco
487 1350 619 1450 nuntios
634 1355 718 1434 tuos,
742 1369 802 1418 nec
817 1349 932 1416 literas
948 1349 1027 1416 mibi
1043 1349 1154 1416 mittis.
1179 1350 1264 1435 Soio,
1290 1351 1377 1436 quod
1392 1353 1470 1418 Rex

334 1480 370 1528 es
387 1455 482 1526 dives
508 1463 541 1525 et
555 1466 683 1545 potens,
709 1464 741 1525 et
757 1457 875 1524 multos
899 1457 1003 1524 babos
1019 1458 1081 1524 sub
1104 1465 1137 1524 te
1153 1457 1283 1543 milites,
1309 1461 1470 1543 solusque

334 1567 501 1654 gubernas
517 1586 672 1652 magnum
682 1567 842 1651 Regnum.
853 1564 1045 1648 ideoquete
1060 1564 1140 1632 mibi
1156 1564 1468 1636 difficultersubiois

334 1683 452 1763 sponte
464 1681 530 1740 tua.
547 1673 664 1741 Melius
680 1671 741 1740 tibi
751 1678 863 1740 tamen
872 1677 961 1738 esset
975 1677 1009 1738 et
1018 1671 1192 1758 salubrius,
1213 1671 1285 1740 site
1295 1673 1469 1744 subitores

334 1784 414 1852 mibi
430 1789 554 1870 sponte
579 1781 731 1850 Intellexi
746 1781 889 1868 insuper,
914 1779 1001 1862 quod
1018 1781 1182 1848 Cumanos
1201 1800 1315 1850 servos
1334 1789 1469 1852 nostros

334 1893 396 1962 sub
411 1899 471 1960 tna
485 1890 689 1979 protectione
707 1889 900 1976 suscepisti,
918 1887 1004 1954 unde
1021 1887 1139 1956 mando
1155 1889 1226 1974 tibi,
1243 1890 1331 1975 quod
1349 1909 1404 1956 eos
1422 1891 1469 1958 de

335 2008 443 2070 cetero
469 2001 560 2088 apud
584 2007 617 2068 te
633 2018 698 2066 non
722 2004 848 2083 teneas,
875 2005 907 2064 et
922 2017 974 2064 mc
999 1997 1222 2065 adversarium
1247 2018 1314 2068 non
1338 2000 1471 2067 habeas

335 2113 467 2198 propter
482 2107 583 2194 ipsos.
607 2105 752 2174 Facilius
768 2105 853 2172 enim
871 2110 922 2172 est
937 2103 1091 2173 Cumanis
1110 2106 1260 2193 evadere,
1277 2126 1374 2192 qnam
1389 2107 1467 2191 tibi,

336 2215 416 2304 quia
448 2213 498 2282 illi
524 2213 594 2282 eine
627 2213 776 2282 domibus
812 2231 886 2280 cum
911 2213 1058 2282 tentoriis
1093 2215 1300 2282 ambulantes
1325 2220 1471 2302 possunt

337 2323 476 2394 forsitan
492 2322 653 2409 evadere,
670 2328 706 2388 tu
722 2327 831 2389 autem
846 2322 881 2388 in
892 2321 1041 2390 domibus
1058 2322 1225 2407 babitans,
1241 2323 1343 2392 babes
1354 2328 1471 2392 castra

335 2439 368 2504 et
383 2432 544 2516 civitates,
568 2431 729 2518 quomodo
745 2430 884 2517 effugies
900 2449 1015 2498 manua
1032 2450 1121 2498 meas
1132 2429 1170 2496 ?“

442 2528 564 2609 Notum
579 2540 623 2608 sit
638 2541 788 2608 omnibus
807 2538 929 2608 Christi
944 2539 1106 2624 fidelibus,
1128 2539 1216 2628 quod
1231 2539 1293 2608 hoc
1307 2540 1470 2627 scriptum

337 2650 409 2716 Rex
433 2647 601 2732 Hungarie
627 2646 795 2734 delegavit
817 2647 1012 2715 Patriarcbe
1030 2646 1279 2734 Aquilegiensi,
1304 2653 1337 2714 et
1358 2649 1471 2715 Putri-

336 2755 439 2824 arcba
454 2756 635 2826 transmisit
649 2757 812 2844 Episcopo
829 2755 1026 2840 Brixinensi,
1046 2761 1079 2822 ot
1095 2753 1213 2822 Comiti
1227 2756 1411 2842 Tyrolensi,
1428 2764 1472 2824 nt

336 2869 370 2930 et
394 2862 461 2951 ipsi
485 2862 648 2933 uniuersis
664 2863 786 2934 Christi
811 2861 963 2932 fidelibus
987 2865 1228 2948 transmittant,
1258 2864 1472 2934 admonendo

336 2991 404 3059 eos,
431 2978 467 3039 ut
481 2973 588 3040 Deum
603 2991 664 3061 pro
680 2971 831 3039 Ecclesia
855 2990 991 3038 exorare
1008 2973 1173 3042 studeant.
1202 2973 1358 3040 Preterea
1380 2973 1473 3044 scire

337 3081 565 3150 desideramus
590 3101 722 3166 omnes,
748 3080 792 3148 ad
816 3101 897 3166 quos
923 3099 1059 3167 presens
1085 3081 1242 3169 scriptum
1268 3083 1473 3171 pervenerit,

337 3187 424 3274 quod
439 3189 524 3258 lator
538 3189 736 3276 presentium
746 3188 859 3274 justus
875 3194 908 3256 et
922 3185 1094 3258 veredicus
1114 3191 1168 3258 sit.

202 3349 205 3356 ’
337 3349 479 3414 (Boebmer
491 3347 578 3404 Jdnos
590 3353 707 3419 Frigyes
719 3348 827 3402 kbzldse
839 3347 907 3403 utdn
920 3351 1064 3418 Hormayr,
1075 3353 1127 3404 Die
1140 3351 1256 3420 geldone
1271 3352 1392 3406 Chronik
1407 3368 1470 3406 von

445 3441 719 3510 Hobeasobwangau,
735 3441 871 3495 Mdnolren
886 3441 973 3506 leae..
987 3439 1108 3494 mdsodilr
1121 3441 1188 3504 risa,
1202 3445 1245 3496 dl.
1258 3443 1300 3494 sk.
1314 3441 1355 3507 ll.)

499 3889 540 3976 B)
571 3889 718 3956 Dudik
741 3887 860 3958 Beda
888 3885 1083 3957 kiaddsa
1110 3891 1294 3957 szcrint.

446 4049 523 4118 Viro
549 4051 729 4118 venerabili
753 4051 787 4119 in
813 4054 943 4124 Christo
974 4053 1061 4140 patri
1086 4051 1149 4120 Dei
1174 4051 1286 4138 gratia
1311 4051 1477 4122 Perusino

338 4159 512 4245 Episcopo,
535 4159 724 4246 Apostolioe
740 4159 835 4230 Sedis
859 4163 995 4248 Legata,
1019 4159 1121 4228 irater
1145 4159 1298 4228 Julianus
1314 4161 1474 4228 Fratrum

339 4265 473 4334 Ordinis
487 4266 732 4335 Predioatornm
757 4268 791 4334 in
807 4269 966 4353 Ungeria,
992 4287 1106 4336 servus
1122 4269 1239 4336 Vestro
1261 4267 1471 4354 sanctitatis,

338 4374 552 4442 reverentiam
566 4380 636 4442 tam
650 4373 805 4464 debitam,
822 4398 921 4462 quom
936 4377 1099 4444 devotam.
1124 4376 1205 4446 (lum
1222 4375 1400 4446 secundum
1416 4377 1472 4446 iu·

339 4481 483 4550 iunctam
497 4481 576 4548 mihi
591 4483 809 4552 obedientiam
824 4485 875 4553 ire
890 4485 1043 4553 deberem
1059 4485 1103 4552 ad
1117 4486 1273 4570 Magnam
1284 4485 1474 4570 Ungutiam

342 4603 414 4656 cum
437 4587 592 4660 fratribus
608 4589 687 4660 mibi
711 4591 886 4686 adunatis,
909 4591 1091 4667 iniunctum
1115 4592 1211 4664 uobis
1235 4591 1296 4664 iter
1318 4591 1471 4683 arriperc
