<?xml version="1.0" encoding="UTF-8"?>
<!DOCTYPE html PUBLIC "-//W3C//DTD XHTML 1.0 Transitional//EN"
    "http://www.w3.org/TR/xhtml1/DTD/xhtml1-transitional.dtd">
<html xmlns="http://www.w3.org/1999/xhtml" xml:lang="en" lang="en">
 <head>
  <title>
</title>
<meta http-equiv="Content-Type" content="text/html;charset=utf-8" />
  <meta name='ocr-system' content='tesseract 3.04.00' />
  <meta name='ocr-capabilities' content='ocr_page ocr_carea ocr_par ocr_line ocrx_word'/>
</head>
<body>
  <div class='ocr_page' id='page_1' title='image "./codexdiplomatic15wenzgoog_0124.png"; bbox 0 0 3122 5154; ppageno 0'>
   <div class='ocr_carea' id='block_1_1' title="bbox 601 289 755 392">
    <p class='ocr_par' dir='ltr' id='par_1_1' title="bbox 601 289 755 392">
     <span class='ocr_line' id='line_1_1' title="bbox 601 289 755 392; baseline 0 -38"><span class='ocrx_word' id='word_1_1' title='bbox 601 289 755 392; x_wconf 41' lang='lat' dir='ltr'>*aL</span> 
     </span>
    </p>
   </div>
   <div class='ocr_carea' id='block_1_2' title="bbox 119 483 1242 1433">
    <p class='ocr_par' dir='ltr' id='par_1_2' title="bbox 119 483 1242 1433">
     <span class='ocr_line' id='line_1_2' title="bbox 123 483 1241 573; baseline 0.002 -22"><span class='ocrx_word' id='word_1_2' title='bbox 123 504 180 551; x_wconf 85' lang='lat' dir='ltr'>uua</span> <span class='ocrx_word' id='word_1_3' title='bbox 203 492 297 572; x_wconf 82' lang='lat' dir='ltr'>purte</span> <span class='ocrx_word' id='word_1_4' title='bbox 321 504 421 572; x_wconf 89' lang='lat' dir='ltr'>super</span> <span class='ocrx_word' id='word_1_5' title='bbox 447 483 671 555; x_wconf 89' lang='lat' dir='ltr'>destruccione</span> <span class='ocrx_word' id='word_1_6' title='bbox 694 485 800 573; x_wconf 87' lang='lat' dir='ltr'>predij</span> <span class='ocrx_word' id='word_1_7' title='bbox 826 485 881 553; x_wconf 90' lang='lat' dir='ltr'>siti</span> <span class='ocrx_word' id='word_1_8' title='bbox 905 485 991 552; x_wconf 88' lang='lat' dir='ltr'>inter</span> <span class='ocrx_word' id='word_1_9' title='bbox 1015 485 1097 552; x_wconf 86' lang='lat' dir='ltr'>duos</span> <span class='ocrx_word' id='word_1_10' title='bbox 1111 485 1241 572; x_wconf 83' lang='lat' dir='ltr'>fluuios,</span> 
     </span>
     <span class='ocr_line' id='line_1_3' title="bbox 122 592 1240 679; baseline 0 -17"><span class='ocrx_word' id='word_1_11' title='bbox 122 597 247 664; x_wconf 84' lang='lat' dir='ltr'>Droaha</span> <span class='ocrx_word' id='word_1_12' title='bbox 262 592 417 662; x_wconf 88' lang='lat' dir='ltr'>uidelicet</span> <span class='ocrx_word' id='word_1_13' title='bbox 434 601 468 661; x_wconf 91' lang='lat' dir='ltr'>et</span> <span class='ocrx_word' id='word_1_14' title='bbox 483 593 663 679; x_wconf 83' lang='lat' dir='ltr'>anathlra,</span> <span class='ocrx_word' id='word_1_15' title='bbox 679 592 1013 679; x_wconf 79' lang='lat' dir='ltr'>aomineWyameth3</span> <span class='ocrx_word' id='word_1_16' title='bbox 1032 592 1240 678; x_wconf 78' lang='lat' dir='ltr'>etMguthku‚</span> 
     </span>
     <span class='ocr_line' id='line_1_4' title="bbox 121 699 1241 789; baseline -0.004 -19"><span class='ocrx_word' id='word_1_17' title='bbox 121 703 282 789; x_wconf 79' lang='lat' dir='ltr'>Walchun,</span> <span class='ocrx_word' id='word_1_18' title='bbox 303 702 415 772; x_wconf 86' lang='lat' dir='ltr'>Othok</span> <span class='ocrx_word' id='word_1_19' title='bbox 440 722 481 770; x_wconf 85' lang='lat' dir='ltr'>ac</span> <span class='ocrx_word' id='word_1_20' title='bbox 496 707 709 788; x_wconf 88' lang='lat' dir='ltr'>cognatorum</span> <span class='ocrx_word' id='word_1_21' title='bbox 732 699 908 770; x_wconf 87' lang='lat' dir='ltr'>eorundem</span> <span class='ocrx_word' id='word_1_22' title='bbox 931 720 973 768; x_wconf 88' lang='lat' dir='ltr'>er</span> <span class='ocrx_word' id='word_1_23' title='bbox 989 701 1104 785; x_wconf 85' lang='lat' dir='ltr'>altera,</span> <span class='ocrx_word' id='word_1_24' title='bbox 1129 707 1241 768; x_wconf 89' lang='lat' dir='ltr'>nostre</span> 
     </span>
     <span class='ocr_line' id='line_1_5' title="bbox 121 805 1240 896; baseline -0.001 -19"><span class='ocrx_word' id='word_1_25' title='bbox 121 809 293 878; x_wconf 84' lang='lat' dir='ltr'>transmisit</span> <span class='ocrx_word' id='word_1_26' title='bbox 317 810 485 878; x_wconf 74' lang='lat' dir='ltr'><strong>sentencie</strong></span> <span class='ocrx_word' id='word_1_27' title='bbox 509 806 733 893; x_wconf 83' lang='lat' dir='ltr'>indicandam,</span> <span class='ocrx_word' id='word_1_28' title='bbox 758 805 977 877; x_wconf 87' lang='lat' dir='ltr'>ordinandam</span> <span class='ocrx_word' id='word_1_29' title='bbox 1002 814 1035 875; x_wconf 90' lang='lat' dir='ltr'>et</span> <span class='ocrx_word' id='word_1_30' title='bbox 1049 809 1124 896; x_wconf 84' lang='lat' dir='ltr'>paci</span> <span class='ocrx_word' id='word_1_31' title='bbox 1140 807 1240 878; x_wconf 80' lang='lat' dir='ltr'>refor-</span> 
     </span>
     <span class='ocr_line' id='line_1_6' title="bbox 122 915 1241 1002; baseline -0.001 -17"><span class='ocrx_word' id='word_1_32' title='bbox 122 915 275 984; x_wconf 79' lang='lat' dir='ltr'>mandam.</span> <span class='ocrx_word' id='word_1_33' title='bbox 301 919 372 985; x_wconf 85' lang='lat' dir='ltr'>Nos</span> <span class='ocrx_word' id='word_1_34' title='bbox 388 917 488 1002; x_wconf 90' lang='lat' dir='ltr'>igitur</span> <span class='ocrx_word' id='word_1_35' title='bbox 514 915 661 984; x_wconf 81' lang='lat' dir='ltr'>uolentes</span> <span class='ocrx_word' id='word_1_36' title='bbox 684 934 818 983; x_wconf 86' lang='lat' dir='ltr'>causam</span> <span class='ocrx_word' id='word_1_37' title='bbox 835 922 920 982; x_wconf 91' lang='lat' dir='ltr'>terre</span> <span class='ocrx_word' id='word_1_38' title='bbox 945 915 1105 1002; x_wconf 77' lang='lat' dir='ltr'>imprimis</span> <span class='ocrx_word' id='word_1_39' title='bbox 1131 917 1241 1000; x_wconf 83' lang='lat' dir='ltr'>exqui-</span> 
     </span>
     <span class='ocr_line' id='line_1_7' title="bbox 123 1021 1240 1110; baseline -0.001 -17"><span class='ocrx_word' id='word_1_40' title='bbox 123 1044 192 1109; x_wconf 87' lang='lat' dir='ltr'>rere,</span> <span class='ocrx_word' id='word_1_41' title='bbox 209 1025 252 1092; x_wconf 87' lang='lat' dir='ltr'>ad</span> <span class='ocrx_word' id='word_1_42' title='bbox 268 1031 393 1092; x_wconf 89' lang='lat' dir='ltr'>terram</span> <span class='ocrx_word' id='word_1_43' title='bbox 409 1024 634 1110; x_wconf 84' lang='lat' dir='ltr'>supradictam</span> <span class='ocrx_word' id='word_1_44' title='bbox 650 1022 859 1108; x_wconf 84' lang='lat' dir='ltr'>accessimus,</span> <span class='ocrx_word' id='word_1_45' title='bbox 880 1021 1074 1092; x_wconf 88' lang='lat' dir='ltr'>descensum</span> <span class='ocrx_word' id='word_1_46' title='bbox 1083 1025 1240 1093; x_wconf 80' lang='lat' dir='ltr'>iacientes</span> 
     </span>
     <span class='ocr_line' id='line_1_8' title="bbox 119 1131 1240 1220; baseline -0.002 -20"><span class='ocrx_word' id='word_1_47' title='bbox 119 1135 151 1200; x_wconf 89' lang='lat' dir='ltr'>in</span> <span class='ocrx_word' id='word_1_48' title='bbox 164 1133 255 1201; x_wconf 91' lang='lat' dir='ltr'>domo</span> <span class='ocrx_word' id='word_1_49' title='bbox 271 1132 457 1213; x_wconf 86' lang='lat' dir='ltr'>Petrualov‚</span> <span class='ocrx_word' id='word_1_50' title='bbox 484 1131 675 1200; x_wconf 88' lang='lat' dir='ltr'>conuocatis</span> <span class='ocrx_word' id='word_1_51' title='bbox 692 1131 843 1200; x_wconf 88' lang='lat' dir='ltr'>omnibus</span> <span class='ocrx_word' id='word_1_52' title='bbox 868 1132 1102 1200; x_wconf 81' lang='lat' dir='ltr'>commetaneis</span> <span class='ocrx_word' id='word_1_53' title='bbox 1120 1138 1155 1200; x_wconf 87' lang='lat' dir='ltr'>et</span> <span class='ocrx_word' id='word_1_54' title='bbox 1168 1151 1240 1220; x_wconf 83' lang='lat' dir='ltr'>par·</span> 
     </span>
     <span class='ocr_line' id='line_1_9' title="bbox 122 1236 1241 1324; baseline 0.001 -20"><span class='ocrx_word' id='word_1_55' title='bbox 122 1240 286 1324; x_wconf 77' lang='lat' dir='ltr'>medianis,</span> <span class='ocrx_word' id='word_1_56' title='bbox 314 1246 348 1306; x_wconf 88' lang='lat' dir='ltr'>et</span> <span class='ocrx_word' id='word_1_57' title='bbox 364 1239 516 1306; x_wconf 90' lang='lat' dir='ltr'>omnibus</span> <span class='ocrx_word' id='word_1_58' title='bbox 533 1238 609 1324; x_wconf 89' lang='lat' dir='ltr'>alijs</span> <span class='ocrx_word' id='word_1_59' title='bbox 625 1237 705 1304; x_wconf 90' lang='lat' dir='ltr'>uiris</span> <span class='ocrx_word' id='word_1_60' title='bbox 723 1236 862 1323; x_wconf 77' lang='lat' dir='ltr'>ydoneis</span> <span class='ocrx_word' id='word_1_61' title='bbox 877 1246 909 1304; x_wconf 88' lang='lat' dir='ltr'>et</span> <span class='ocrx_word' id='word_1_62' title='bbox 925 1239 1089 1306; x_wconf 90' lang='lat' dir='ltr'>nobilibus</span> <span class='ocrx_word' id='word_1_63' title='bbox 1109 1241 1241 1306; x_wconf 91' lang='lat' dir='ltr'>circum-</span> 
     </span>
     <span class='ocr_line' id='line_1_10' title="bbox 120 1347 1242 1433; baseline -0.001 -18"><span class='ocrx_word' id='word_1_64' title='bbox 120 1348 348 1433; x_wconf 79' lang='lat' dir='ltr'>adiacentibus,</span> <span class='ocrx_word' id='word_1_65' title='bbox 365 1347 529 1413; x_wconf 87' lang='lat' dir='ltr'>noluimus</span> <span class='ocrx_word' id='word_1_66' title='bbox 546 1365 683 1413; x_wconf 85' lang='lat' dir='ltr'>oausam</span> <span class='ocrx_word' id='word_1_67' title='bbox 699 1347 922 1432; x_wconf 89' lang='lat' dir='ltr'>supradictam</span> <span class='ocrx_word' id='word_1_68' title='bbox 931 1347 1091 1430; x_wconf 87' lang='lat' dir='ltr'>indicare,</span> <span class='ocrx_word' id='word_1_69' title='bbox 1108 1347 1242 1414; x_wconf 89' lang='lat' dir='ltr'>interro·</span> 
     </span>
    </p>
   </div>
   <div class='ocr_carea' id='block_1_3' title="bbox 21 1452 1242 1542">
    <p class='ocr_par' dir='ltr' id='par_1_3' title="bbox 21 1452 1242 1542">
     <span class='ocr_line' id='line_1_11' title="bbox 21 1452 1242 1542; baseline -0.001 -21"><span class='ocrx_word' id='word_1_70' title='bbox 21 1485 22 1498; x_wconf 24' lang='grc' dir='ltr'><strong>κ</strong></span> <span class='ocrx_word' id='word_1_71' title='bbox 120 1463 227 1542; x_wconf 84' lang='lat' dir='ltr'>gauter</span> <span class='ocrx_word' id='word_1_72' title='bbox 252 1455 449 1538; x_wconf 80' lang='lat' dir='ltr'>Magistrum</span> <span class='ocrx_word' id='word_1_73' title='bbox 473 1453 680 1538; x_wconf 86' lang='lat' dir='ltr'>Michaelem,</span> <span class='ocrx_word' id='word_1_74' title='bbox 707 1452 847 1536; x_wconf 83' lang='lat' dir='ltr'>qualiter</span> <span class='ocrx_word' id='word_1_75' title='bbox 870 1459 992 1520; x_wconf 88' lang='lat' dir='ltr'>terram</span> <span class='ocrx_word' id='word_1_76' title='bbox 1020 1453 1242 1540; x_wconf 69' lang='lat' dir='ltr'>supradictam</span> 
     </span>
    </p>
   </div>
   <div class='ocr_carea' id='block_1_4' title="bbox 117 1559 1245 2188">
    <p class='ocr_par' dir='ltr' id='par_1_4' title="bbox 117 1559 1245 2188">
     <span class='ocr_line' id='line_1_12' title="bbox 117 1559 1241 1649; baseline -0.005 -17"><span class='ocrx_word' id='word_1_77' title='bbox 117 1561 326 1649; x_wconf 83' lang='lat' dir='ltr'>possedisset.</span> <span class='ocrx_word' id='word_1_78' title='bbox 343 1559 407 1638; x_wconf 80' lang='lat' dir='ltr'>Qui</span> <span class='ocrx_word' id='word_1_79' title='bbox 424 1559 516 1645; x_wconf 84' lang='lat' dir='ltr'>dixit,</span> <span class='ocrx_word' id='word_1_80' title='bbox 535 1578 571 1625; x_wconf 90' lang='lat' dir='ltr'>se</span> <span class='ocrx_word' id='word_1_81' title='bbox 582 1561 653 1626; x_wconf 91' lang='lat' dir='ltr'>iure</span> <span class='ocrx_word' id='word_1_82' title='bbox 670 1559 849 1646; x_wconf 89' lang='lat' dir='ltr'>empcionis</span> <span class='ocrx_word' id='word_1_83' title='bbox 862 1560 1107 1645; x_wconf 88' lang='lat' dir='ltr'>possessionem</span> <span class='ocrx_word' id='word_1_84' title='bbox 1125 1579 1241 1626; x_wconf 85' lang='lat' dir='ltr'>memo</span> 
     </span>
     <span class='ocr_line' id='line_1_13' title="bbox 118 1664 1242 1757; baseline 0 -21"><span class='ocrx_word' id='word_1_85' title='bbox 118 1679 217 1738; x_wconf 80' lang='lat' dir='ltr'>ratam</span> <span class='ocrx_word' id='word_1_86' title='bbox 233 1669 444 1757; x_wconf 88' lang='lat' dir='ltr'>possedisse;</span> <span class='ocrx_word' id='word_1_87' title='bbox 464 1675 496 1735; x_wconf 90' lang='lat' dir='ltr'>et</span> <span class='ocrx_word' id='word_1_88' title='bbox 512 1688 612 1756; x_wconf 91' lang='lat' dir='ltr'>super</span> <span class='ocrx_word' id='word_1_89' title='bbox 626 1669 688 1735; x_wconf 90' lang='lat' dir='ltr'>hoc</span> <span class='ocrx_word' id='word_1_90' title='bbox 703 1669 831 1736; x_wconf 86' lang='lat' dir='ltr'>litteras</span> <span class='ocrx_word' id='word_1_91' title='bbox 846 1664 1074 1756; x_wconf 88' lang='lat' dir='ltr'>priuilegiales</span> <span class='ocrx_word' id='word_1_92' title='bbox 1091 1669 1242 1736; x_wconf 88' lang='lat' dir='ltr'>Illustris-</span> 
     </span>
     <span class='ocr_line' id='line_1_14' title="bbox 117 1775 1243 1863; baseline 0 -20"><span class='ocrx_word' id='word_1_93' title='bbox 117 1778 184 1844; x_wconf 90' lang='lat' dir='ltr'>simi</span> <span class='ocrx_word' id='word_1_94' title='bbox 201 1777 238 1842; x_wconf 94' lang='lat' dir='ltr'>B.</span> <span class='ocrx_word' id='word_1_95' title='bbox 249 1778 312 1844; x_wconf 89' lang='lat' dir='ltr'>Dei</span> <span class='ocrx_word' id='word_1_96' title='bbox 330 1775 445 1861; x_wconf 89' lang='lat' dir='ltr'>gracia</span> <span class='ocrx_word' id='word_1_97' title='bbox 454 1776 555 1860; x_wconf 88' lang='lat' dir='ltr'>Regis</span> <span class='ocrx_word' id='word_1_98' title='bbox 572 1775 752 1860; x_wconf 74' lang='lat' dir='ltr'>naugerio,</span> <span class='ocrx_word' id='word_1_99' title='bbox 770 1784 803 1842; x_wconf 89' lang='lat' dir='ltr'>et</span> <span class='ocrx_word' id='word_1_100' title='bbox 813 1775 957 1862; x_wconf 76' lang='lat' dir='ltr'>Capituli</span> <span class='ocrx_word' id='word_1_101' title='bbox 966 1777 1243 1863; x_wconf 80' lang='lat' dir='ltr'>wesprimiensis,</span> 
     </span>
     <span class='ocr_line' id='line_1_15' title="bbox 118 1881 1242 1971; baseline 0.001 -22"><span class='ocrx_word' id='word_1_102' title='bbox 118 1905 252 1954; x_wconf 89' lang='lat' dir='ltr'>necnon</span> <span class='ocrx_word' id='word_1_103' title='bbox 271 1893 303 1952; x_wconf 90' lang='lat' dir='ltr'>et</span> <span class='ocrx_word' id='word_1_104' title='bbox 318 1883 476 1971; x_wconf 80' lang='lat' dir='ltr'>Episcopi</span> <span class='ocrx_word' id='word_1_105' title='bbox 493 1881 638 1950; x_wconf 88' lang='lat' dir='ltr'>eiusdem</span> <span class='ocrx_word' id='word_1_106' title='bbox 655 1883 718 1949; x_wconf 93' lang='lat' dir='ltr'>loci</span> <span class='ocrx_word' id='word_1_107' title='bbox 733 1883 930 1950; x_wconf 85' lang='lat' dir='ltr'>venerabilis</span> <span class='ocrx_word' id='word_1_108' title='bbox 954 1887 1060 1970; x_wconf 87' lang='lat' dir='ltr'>patris</span> <span class='ocrx_word' id='word_1_109' title='bbox 1077 1883 1242 1970; x_wconf 84' lang='lat' dir='ltr'>exhibuit;</span> 
     </span>
     <span class='ocr_line' id='line_1_16' title="bbox 118 1991 1245 2079; baseline -0.004 -17"><span class='ocrx_word' id='word_1_110' title='bbox 118 2013 191 2078; x_wconf 89' lang='lat' dir='ltr'>quas</span> <span class='ocrx_word' id='word_1_111' title='bbox 217 2013 278 2061; x_wconf 90' lang='lat' dir='ltr'>nos</span> <span class='ocrx_word' id='word_1_112' title='bbox 303 1993 338 2058; x_wconf 93' lang='lat' dir='ltr'>in</span> <span class='ocrx_word' id='word_1_113' title='bbox 363 1991 538 2078; x_wconf 82' lang='lat' dir='ltr'>presencia</span> <span class='ocrx_word' id='word_1_114' title='bbox 562 1993 705 2059; x_wconf 88' lang='lat' dir='ltr'>omnium</span> <span class='ocrx_word' id='word_1_115' title='bbox 730 1993 777 2058; x_wconf 90' lang='lat' dir='ltr'>ibi</span> <span class='ocrx_word' id='word_1_116' title='bbox 802 1993 1025 2079; x_wconf 88' lang='lat' dir='ltr'>existencinm,</span> <span class='ocrx_word' id='word_1_117' title='bbox 1058 2001 1091 2060; x_wconf 90' lang='lat' dir='ltr'>et</span> <span class='ocrx_word' id='word_1_118' title='bbox 1114 1995 1148 2060; x_wconf 93' lang='lat' dir='ltr'>in</span> <span class='ocrx_word' id='word_1_119' title='bbox 1174 2011 1245 2078; x_wconf 91' lang='lat' dir='ltr'>pre-</span> 
     </span>
     <span class='ocr_line' id='line_1_17' title="bbox 117 2099 1243 2188; baseline -0.003 -19"><span class='ocrx_word' id='word_1_120' title='bbox 117 2103 226 2169; x_wconf 90' lang='lat' dir='ltr'>sencia</span> <span class='ocrx_word' id='word_1_121' title='bbox 241 2101 376 2186; x_wconf 82' lang='lat' dir='ltr'>llgntlru</span> <span class='ocrx_word' id='word_1_122' title='bbox 401 2121 441 2166; x_wconf 86' lang='lat' dir='ltr'>ae</span> <span class='ocrx_word' id='word_1_123' title='bbox 459 2107 672 2184; x_wconf 85' lang='lat' dir='ltr'>cognatorum</span> <span class='ocrx_word' id='word_1_124' title='bbox 688 2099 853 2186; x_wconf 89' lang='lat' dir='ltr'>eiusdem,</span> <span class='ocrx_word' id='word_1_125' title='bbox 879 2109 912 2168; x_wconf 89' lang='lat' dir='ltr'>et</span> <span class='ocrx_word' id='word_1_126' title='bbox 934 2102 967 2167; x_wconf 91' lang='lat' dir='ltr'>in</span> <span class='ocrx_word' id='word_1_127' title='bbox 991 2102 1164 2188; x_wconf 80' lang='lat' dir='ltr'>presencia</span> <span class='ocrx_word' id='word_1_128' title='bbox 1178 2100 1243 2188; x_wconf 91' lang='lat' dir='ltr'>pri-</span> 
     </span>
    </p>
   </div>
   <div class='ocr_carea' id='block_1_5' title="bbox 96 2205 1243 2293">
    <p class='ocr_par' dir='ltr' id='par_1_5' title="bbox 96 2205 1243 2293">
     <span class='ocr_line' id='line_1_18' title="bbox 96 2205 1243 2293; baseline 0 -19"><span class='ocrx_word' id='word_1_129' title='bbox 96 2209 210 2276; x_wconf 84' lang='lat' dir='ltr'>.staldi</span> <span class='ocrx_word' id='word_1_130' title='bbox 235 2208 514 2275; x_wconf 79' lang='lat' dir='ltr'>Excellentissimi</span> <span class='ocrx_word' id='word_1_131' title='bbox 531 2205 565 2272; x_wconf 82' lang='lat'>0.</span> <span class='ocrx_word' id='word_1_132' title='bbox 592 2208 703 2293; x_wconf 84' lang='lat' dir='ltr'>Regis,</span> <span class='ocrx_word' id='word_1_133' title='bbox 730 2207 831 2274; x_wconf 90' lang='lat' dir='ltr'>Ducis</span> <span class='ocrx_word' id='word_1_134' title='bbox 856 2209 961 2275; x_wconf 90' lang='lat' dir='ltr'>tocius</span> <span class='ocrx_word' id='word_1_135' title='bbox 977 2211 1161 2292; x_wconf 75' lang='lat' dir='ltr'>Sulmonis,</span> <span class='ocrx_word' id='word_1_136' title='bbox 1187 2227 1243 2275; x_wconf 86' lang='lat' dir='ltr'>uo</span> 
     </span>
    </p>
   </div>
   <div class='ocr_carea' id='block_1_6' title="bbox 118 2312 1244 2400">
    <p class='ocr_par' dir='ltr' id='par_1_6' title="bbox 118 2312 1244 2400">
     <span class='ocr_line' id='line_1_19' title="bbox 118 2312 1244 2400; baseline 0 -17"><span class='ocrx_word' id='word_1_137' title='bbox 118 2319 198 2384; x_wconf 89' lang='lat' dir='ltr'>mine</span> <span class='ocrx_word' id='word_1_138' title='bbox 213 2316 342 2383; x_wconf 83' lang='lat' dir='ltr'>Alberti</span> <span class='ocrx_word' id='word_1_139' title='bbox 367 2315 408 2382; x_wconf 90' lang='lat' dir='ltr'>de</span> <span class='ocrx_word' id='word_1_140' title='bbox 425 2315 505 2380; x_wconf 86' lang='lat' dir='ltr'>villa</span> <span class='ocrx_word' id='word_1_141' title='bbox 521 2315 635 2382; x_wconf 85' lang='lat' dir='ltr'>Sancti</span> <span class='ocrx_word' id='word_1_142' title='bbox 651 2312 785 2400; x_wconf 77' lang='lat' dir='ltr'>Georgij</span> <span class='ocrx_word' id='word_1_143' title='bbox 802 2335 862 2400; x_wconf 89' lang='lat' dir='ltr'>pro</span> <span class='ocrx_word' id='word_1_144' title='bbox 880 2335 928 2398; x_wconf 90' lang='lat' dir='ltr'>eo,</span> <span class='ocrx_word' id='word_1_145' title='bbox 953 2335 1018 2400; x_wconf 89' lang='lat' dir='ltr'>quo</span> <span class='ocrx_word' id='word_1_146' title='bbox 1035 2317 1140 2383; x_wconf 87' lang='lat' dir='ltr'>dictus</span> <span class='ocrx_word' id='word_1_147' title='bbox 1156 2317 1193 2382; x_wconf 79' lang='lat' dir='ltr'>E.</span> <span class='ocrx_word' id='word_1_148' title='bbox 1211 2323 1244 2384; x_wconf 90' lang='lat' dir='ltr'>et</span> 
     </span>
    </p>
   </div>
   <div class='ocr_carea' id='block_1_7' title="bbox 21 2422 1243 2518">
    <p class='ocr_par' dir='ltr' id='par_1_7' title="bbox 21 2422 1243 2518">
     <span class='ocr_line' id='line_1_20' title="bbox 21 2422 1243 2518; baseline -0.001 -28"><span class='ocrx_word' id='word_1_149' title='bbox 21 2515 22 2518; x_wconf 8' lang='grc' dir='ltr'><strong>Ἴ</strong></span> <span class='ocrx_word' id='word_1_150' title='bbox 116 2425 244 2509; x_wconf 83' lang='lat' dir='ltr'>cognati</span> <span class='ocrx_word' id='word_1_151' title='bbox 270 2423 322 2490; x_wconf 87' lang='lat' dir='ltr'>sui</span> <span class='ocrx_word' id='word_1_152' title='bbox 345 2431 466 2489; x_wconf 88' lang='lat' dir='ltr'>terram</span> <span class='ocrx_word' id='word_1_153' title='bbox 491 2423 638 2508; x_wconf 88' lang='lat' dir='ltr'>ipsorum</span> <span class='ocrx_word' id='word_1_154' title='bbox 661 2422 694 2487; x_wconf 92' lang='lat' dir='ltr'>in</span> <span class='ocrx_word' id='word_1_155' title='bbox 711 2423 770 2488; x_wconf 88' lang='lat' dir='ltr'>illa</span> <span class='ocrx_word' id='word_1_156' title='bbox 794 2429 882 2489; x_wconf 86' lang='lat' dir='ltr'>terra</span> <span class='ocrx_word' id='word_1_157' title='bbox 905 2441 963 2509; x_wconf 90' lang='lat' dir='ltr'>per</span> <span class='ocrx_word' id='word_1_158' title='bbox 979 2425 1170 2508; x_wconf 78' lang='lat' dir='ltr'>Magistrum</span> <span class='ocrx_word' id='word_1_159' title='bbox 1186 2425 1243 2490; x_wconf 93' lang='lat' dir='ltr'>Mi-</span> 
     </span>
    </p>
   </div>
   <div class='ocr_carea' id='block_1_8' title="bbox 117 2528 1244 2830">
    <p class='ocr_par' dir='ltr' id='par_1_8' title="bbox 117 2528 1244 2830">
     <span class='ocr_line' id='line_1_21' title="bbox 117 2528 1244 2616; baseline 0.003 -21"><span class='ocrx_word' id='word_1_160' title='bbox 117 2531 260 2598; x_wconf 87' lang='lat' dir='ltr'>chaelem</span> <span class='ocrx_word' id='word_1_161' title='bbox 287 2531 450 2598; x_wconf 89' lang='lat' dir='ltr'>uiolenter</span> <span class='ocrx_word' id='word_1_162' title='bbox 465 2533 633 2616; x_wconf 86' lang='lat' dir='ltr'>receptam</span> <span class='ocrx_word' id='word_1_163' title='bbox 648 2547 724 2596; x_wconf 87' lang='lat' dir='ltr'>esse</span> <span class='ocrx_word' id='word_1_164' title='bbox 739 2528 901 2612; x_wconf 87' lang='lat' dir='ltr'>dicebant,</span> <span class='ocrx_word' id='word_1_165' title='bbox 928 2530 1028 2596; x_wconf 87' lang='lat' dir='ltr'>uerbo</span> <span class='ocrx_word' id='word_1_166' title='bbox 1046 2529 1090 2596; x_wconf 89' lang='lat' dir='ltr'>ad</span> <span class='ocrx_word' id='word_1_167' title='bbox 1108 2531 1244 2598; x_wconf 88' lang='lat' dir='ltr'>uerbum</span> 
     </span>
     <span class='ocr_line' id='line_1_22' title="bbox 117 2635 1242 2724; baseline 0.002 -23"><span class='ocrx_word' id='word_1_168' title='bbox 117 2636 247 2703; x_wconf 75' lang='lat' dir='ltr'>fecimus</span> <span class='ocrx_word' id='word_1_169' title='bbox 262 2637 390 2723; x_wconf 87' lang='lat' dir='ltr'>perlegi</span> <span class='ocrx_word' id='word_1_170' title='bbox 406 2660 413 2722; x_wconf 68' lang='grc' dir='ltr'><strong><em>ς</em></strong></span> <span class='ocrx_word' id='word_1_171' title='bbox 439 2655 520 2722; x_wconf 87' lang='lat' dir='ltr'>quas</span> <span class='ocrx_word' id='word_1_172' title='bbox 537 2657 609 2702; x_wconf 90' lang='lat' dir='ltr'>cum</span> <span class='ocrx_word' id='word_1_173' title='bbox 626 2635 731 2702; x_wconf 90' lang='lat' dir='ltr'>omnis</span> <span class='ocrx_word' id='word_1_174' title='bbox 747 2637 920 2702; x_wconf 88' lang='lat' dir='ltr'>multitudo</span> <span class='ocrx_word' id='word_1_175' title='bbox 937 2657 1002 2702; x_wconf 88' lang='lat' dir='ltr'>una</span> <span class='ocrx_word' id='word_1_176' title='bbox 1018 2656 1090 2702; x_wconf 89' lang='lat' dir='ltr'>cnm</span> <span class='ocrx_word' id='word_1_177' title='bbox 1106 2636 1187 2724; x_wconf 90' lang='lat' dir='ltr'>ipsis</span> <span class='ocrx_word' id='word_1_178' title='bbox 1204 2639 1242 2703; x_wconf 80' lang='lat' dir='ltr'>ll.</span> 
     </span>
     <span class='ocr_line' id='line_1_23' title="bbox 119 2742 1243 2830; baseline 0.004 -22"><span class='ocrx_word' id='word_1_179' title='bbox 119 2745 271 2810; x_wconf 88' lang='lat' dir='ltr'>uidelicet</span> <span class='ocrx_word' id='word_1_180' title='bbox 288 2751 321 2810; x_wconf 88' lang='lat' dir='ltr'>et</span> <span class='ocrx_word' id='word_1_181' title='bbox 337 2745 483 2830; x_wconf 89' lang='lat' dir='ltr'>cognatis</span> <span class='ocrx_word' id='word_1_182' title='bbox 500 2745 571 2810; x_wconf 91' lang='lat' dir='ltr'>eius</span> <span class='ocrx_word' id='word_1_183' title='bbox 592 2742 784 2828; x_wconf 85' lang='lat' dir='ltr'>audiuisset,</span> <span class='ocrx_word' id='word_1_184' title='bbox 810 2745 1084 2829; x_wconf 73' lang='lat' dir='ltr'>interrogauimus</span> <span class='ocrx_word' id='word_1_185' title='bbox 1101 2745 1243 2830; x_wconf 89' lang='lat' dir='ltr'>eosdem,</span> 
     </span>
    </p>
   </div>
   <div class='ocr_carea' id='block_1_9' title="bbox 21 2849 1244 3154">
    <p class='ocr_par' dir='ltr' id='par_1_9' title="bbox 21 2849 1244 3154">
     <span class='ocr_line' id='line_1_24' title="bbox 21 2849 1244 2940; baseline 0.007 -30"><span class='ocrx_word' id='word_1_186' title='bbox 21 2889 22 2910; x_wconf 51' lang='lat' dir='ltr'>i</span> <span class='ocrx_word' id='word_1_187' title='bbox 119 2851 145 2916; x_wconf 90' lang='lat' dir='ltr'>si</span> <span class='ocrx_word' id='word_1_188' title='bbox 158 2853 315 2936; x_wconf 82' lang='lat' dir='ltr'>Magister</span> <span class='ocrx_word' id='word_1_189' title='bbox 330 2849 502 2940; x_wconf 85' lang='lat' dir='ltr'>(Michael)</span> <span class='ocrx_word' id='word_1_190' title='bbox 519 2853 604 2918; x_wconf 84' lang='lat' dir='ltr'>iuste</span> <span class='ocrx_word' id='word_1_191' title='bbox 621 2857 654 2916; x_wconf 88' lang='lat' dir='ltr'>et</span> <span class='ocrx_word' id='word_1_192' title='bbox 670 2851 816 2936; x_wconf 86' lang='lat' dir='ltr'>legitime</span> <span class='ocrx_word' id='word_1_193' title='bbox 835 2851 927 2918; x_wconf 87' lang='lat' dir='ltr'>illam</span> <span class='ocrx_word' id='word_1_194' title='bbox 942 2859 1062 2920; x_wconf 87' lang='lat' dir='ltr'>terram</span> <span class='ocrx_word' id='word_1_195' title='bbox 1082 2854 1244 2938; x_wconf 89' lang='lat' dir='ltr'>possedis-</span> 
     </span>
     <span class='ocr_line' id='line_1_25' title="bbox 21 2959 1244 3060; baseline 0.002 -36"><span class='ocrx_word' id='word_1_196' title='bbox 21 3015 22 3060; x_wconf 11' lang='grc' dir='ltr'>ἐ</span> <span class='ocrx_word' id='word_1_197' title='bbox 118 2967 172 3044; x_wconf 73' lang='lat' dir='ltr'>set,</span> <span class='ocrx_word' id='word_1_198' title='bbox 189 2967 222 3026; x_wconf 89' lang='lat' dir='ltr'>et</span> <span class='ocrx_word' id='word_1_199' title='bbox 236 2959 417 3045; x_wconf 85' lang='lat' dir='ltr'>priuilegia</span> <span class='ocrx_word' id='word_1_200' title='bbox 432 2959 578 3044; x_wconf 88' lang='lat' dir='ltr'>perlecta</span> <span class='ocrx_word' id='word_1_201' title='bbox 594 2965 703 3025; x_wconf 90' lang='lat' dir='ltr'>essent</span> <span class='ocrx_word' id='word_1_202' title='bbox 719 2959 805 3026; x_wconf 91' lang='lat' dir='ltr'>iuste</span> <span class='ocrx_word' id='word_1_203' title='bbox 820 2969 853 3026; x_wconf 93' lang='lat' dir='ltr'>et</span> <span class='ocrx_word' id='word_1_204' title='bbox 867 2959 1013 3045; x_wconf 89' lang='lat' dir='ltr'>legitime</span> <span class='ocrx_word' id='word_1_205' title='bbox 1030 2961 1161 3027; x_wconf 86' lang='lat' dir='ltr'>collata.</span> <span class='ocrx_word' id='word_1_206' title='bbox 1180 2959 1244 3036; x_wconf 83' lang='lat' dir='ltr'>Qui</span> 
     </span>
     <span class='ocr_line' id='line_1_26' title="bbox 21 3064 1243 3154; baseline 0.006 -26"><span class='ocrx_word' id='word_1_207' title='bbox 21 3095 22 3128; x_wconf 83' lang='lat' dir='ltr'>l</span> <span class='ocrx_word' id='word_1_208' title='bbox 119 3067 250 3133; x_wconf 90' lang='lat' dir='ltr'>iuuullo</span> <span class='ocrx_word' id='word_1_209' title='bbox 266 3065 452 3152; x_wconf 90' lang='lat' dir='ltr'>priuilegijs</span> <span class='ocrx_word' id='word_1_210' title='bbox 470 3064 666 3151; x_wconf 84' lang='lat' dir='ltr'>supradietis</span> <span class='ocrx_word' id='word_1_211' title='bbox 682 3065 961 3148; x_wconf 85' lang='lat' dir='ltr'>contradixerunt,</span> <span class='ocrx_word' id='word_1_212' title='bbox 990 3067 1050 3133; x_wconf 89' lang='lat' dir='ltr'>sed</span> <span class='ocrx_word' id='word_1_213' title='bbox 1064 3067 1243 3154; x_wconf 86' lang='lat' dir='ltr'>possessio-</span> 
     </span>
    </p>
   </div>
   <div class='ocr_carea' id='block_1_10' title="bbox 117 3171 1243 3474">
    <p class='ocr_par' dir='ltr' id='par_1_10' title="bbox 117 3171 1243 3474">
     <span class='ocr_line' id='line_1_27' title="bbox 118 3171 1243 3260; baseline 0.002 -20"><span class='ocrx_word' id='word_1_214' title='bbox 118 3195 186 3241; x_wconf 92' lang='lat' dir='ltr'>nem</span> <span class='ocrx_word' id='word_1_215' title='bbox 201 3181 289 3240; x_wconf 89' lang='lat' dir='ltr'>terre</span> <span class='ocrx_word' id='word_1_216' title='bbox 306 3171 494 3260; x_wconf 86' lang='lat' dir='ltr'>supradicte</span> <span class='ocrx_word' id='word_1_217' title='bbox 510 3173 668 3257; x_wconf 89' lang='lat' dir='ltr'>Magistro</span> <span class='ocrx_word' id='word_1_218' title='bbox 684 3173 840 3240; x_wconf 87' lang='lat' dir='ltr'>Michaeli</span> <span class='ocrx_word' id='word_1_219' title='bbox 859 3173 994 3259; x_wconf 85' lang='lat' dir='ltr'>pacifice</span> <span class='ocrx_word' id='word_1_220' title='bbox 1009 3174 1243 3260; x_wconf 83' lang='lat' dir='ltr'>possidendam</span> 
     </span>
     <span class='ocr_line' id='line_1_28' title="bbox 119 3279 1242 3368; baseline 0.003 -22"><span class='ocrx_word' id='word_1_221' title='bbox 119 3283 315 3364; x_wconf 89' lang='lat' dir='ltr'>remiserunt,</span> <span class='ocrx_word' id='word_1_222' title='bbox 343 3281 393 3346; x_wconf 87' lang='lat' dir='ltr'>ita</span> <span class='ocrx_word' id='word_1_223' title='bbox 418 3285 454 3345; x_wconf 88' lang='lat' dir='ltr'>ut</span> <span class='ocrx_word' id='word_1_224' title='bbox 469 3279 510 3346; x_wconf 92' lang='lat' dir='ltr'>de</span> <span class='ocrx_word' id='word_1_225' title='bbox 536 3285 643 3347; x_wconf 87' lang='lat' dir='ltr'>cetero</span> <span class='ocrx_word' id='word_1_226' title='bbox 659 3301 724 3348; x_wconf 93' lang='lat' dir='ltr'>nou</span> <span class='ocrx_word' id='word_1_227' title='bbox 749 3281 823 3368; x_wconf 89' lang='lat' dir='ltr'>ipsi,</span> <span class='ocrx_word' id='word_1_228' title='bbox 848 3301 910 3347; x_wconf 90' lang='lat' dir='ltr'>nec</span> <span class='ocrx_word' id='word_1_229' title='bbox 926 3281 1070 3368; x_wconf 88' lang='lat' dir='ltr'>ipsorum</span> <span class='ocrx_word' id='word_1_230' title='bbox 1093 3281 1242 3366; x_wconf 85' lang='lat' dir='ltr'>heredes,</span> 
     </span>
     <span class='ocr_line' id='line_1_29' title="bbox 117 3387 1243 3474; baseline 0.001 -19"><span class='ocrx_word' id='word_1_231' title='bbox 117 3387 334 3474; x_wconf 87' lang='lat' dir='ltr'>heredumque</span> <span class='ocrx_word' id='word_1_232' title='bbox 350 3407 482 3455; x_wconf 91' lang='lat' dir='ltr'>suorum</span> <span class='ocrx_word' id='word_1_233' title='bbox 498 3407 714 3472; x_wconf 86' lang='lat' dir='ltr'>successores,</span> <span class='ocrx_word' id='word_1_234' title='bbox 736 3395 873 3474; x_wconf 90' lang='lat' dir='ltr'>possent</span> <span class='ocrx_word' id='word_1_235' title='bbox 889 3389 941 3455; x_wconf 91' lang='lat' dir='ltr'>uel</span> <span class='ocrx_word' id='word_1_236' title='bbox 956 3389 1113 3455; x_wconf 87' lang='lat' dir='ltr'>deberent</span> <span class='ocrx_word' id='word_1_237' title='bbox 1127 3389 1243 3456; x_wconf 84' lang='lat' dir='ltr'>iterato</span> 
     </span>
    </p>
   </div>
   <div class='ocr_carea' id='block_1_11' title="bbox 21 3493 1245 3690">
    <p class='ocr_par' dir='ltr' id='par_1_11' title="bbox 21 3493 1245 3690">
     <span class='ocr_line' id='line_1_30' title="bbox 21 3493 1245 3582; baseline 0 -21"><span class='ocrx_word' id='word_1_238' title='bbox 21 3561 22 3580; x_wconf 12' lang='lat' dir='ltr'>p</span> <span class='ocrx_word' id='word_1_239' title='bbox 117 3513 186 3560; x_wconf 89' lang='lat' dir='ltr'>cum</span> <span class='ocrx_word' id='word_1_240' title='bbox 201 3496 362 3578; x_wconf 89' lang='lat' dir='ltr'>Magistro</span> <span class='ocrx_word' id='word_1_241' title='bbox 373 3493 535 3561; x_wconf 87' lang='lat' dir='ltr'>Michaele</span> <span class='ocrx_word' id='word_1_242' title='bbox 550 3497 604 3561; x_wconf 88' lang='lat' dir='ltr'>uel</span> <span class='ocrx_word' id='word_1_243' title='bbox 620 3497 689 3562; x_wconf 87' lang='lat' dir='ltr'>suis</span> <span class='ocrx_word' id='word_1_244' title='bbox 706 3496 949 3563; x_wconf 90' lang='lat' dir='ltr'>successoribus</span> <span class='ocrx_word' id='word_1_245' title='bbox 966 3495 1105 3562; x_wconf 83' lang='lat' dir='ltr'>causari.</span> <span class='ocrx_word' id='word_1_246' title='bbox 1126 3497 1169 3562; x_wconf 90' lang='lat' dir='ltr'>Vt</span> <span class='ocrx_word' id='word_1_247' title='bbox 1184 3496 1245 3582; x_wconf 89' lang='lat' dir='ltr'>lgi-</span> 
     </span>
     <span class='ocr_line' id='line_1_31' title="bbox 118 3601 1240 3690; baseline 0.002 -20.761"><span class='ocrx_word' id='word_1_248' title='bbox 118 3608 165 3667; x_wconf 92' lang='lat' dir='ltr'>tur</span> <span class='ocrx_word' id='word_1_249' title='bbox 180 3603 242 3668; x_wconf 88' lang='lat' dir='ltr'>hoc</span> <span class='ocrx_word' id='word_1_250' title='bbox 269 3607 375 3668; x_wconf 85' lang='lat' dir='ltr'>ratum</span> <span class='ocrx_word' id='word_1_251' title='bbox 393 3609 426 3667; x_wconf 89' lang='lat' dir='ltr'>et</span> <span class='ocrx_word' id='word_1_252' title='bbox 449 3603 577 3668; x_wconf 82' lang='lat' dir='ltr'>firmum</span> <span class='ocrx_word' id='word_1_253' title='bbox 601 3611 791 3690; x_wconf 88' lang='lat' dir='ltr'>perseueret</span> <span class='ocrx_word' id='word_1_254' title='bbox 815 3603 849 3668; x_wconf 91' lang='lat' dir='ltr'>iu</span> <span class='ocrx_word' id='word_1_255' title='bbox 873 3601 1056 3688; x_wconf 59' lang='lat' dir='ltr'>posterum*</span> <span class='ocrx_word' id='word_1_256' title='bbox 1077 3603 1182 3670; x_wconf 90' lang='lat' dir='ltr'>eidem</span> <span class='ocrx_word' id='word_1_257' title='bbox 1197 3605 1240 3673; x_wconf 90' lang='lat' dir='ltr'>M.</span> 
     </span>
    </p>
   </div>
   <div class='ocr_carea' id='block_1_12' title="bbox 21 3709 1243 3902">
    <p class='ocr_par' dir='ltr' id='par_1_12' title="bbox 21 3687 1243 3902">
     <span class='ocr_line' id='line_1_32' title="bbox 118 3709 1243 3796; baseline 0.003 -22.682"><span class='ocrx_word' id='word_1_258' title='bbox 118 3709 272 3794; x_wconf 85' lang='lat' dir='ltr'>Magistro</span> <span class='ocrx_word' id='word_1_259' title='bbox 289 3710 416 3776; x_wconf 83' lang='lat' dir='ltr'>litteras</span> <span class='ocrx_word' id='word_1_260' title='bbox 432 3715 561 3776; x_wconf 89' lang='lat' dir='ltr'>nostras</span> <span class='ocrx_word' id='word_1_261' title='bbox 587 3711 807 3777; x_wconf 85' lang='lat' dir='ltr'>concessimus</span> <span class='ocrx_word' id='word_1_262' title='bbox 823 3709 924 3796; x_wconf 86' lang='lat' dir='ltr'>sigilli</span> <span class='ocrx_word' id='word_1_263' title='bbox 938 3711 1042 3778; x_wconf 90' lang='lat' dir='ltr'>nostri</span> <span class='ocrx_word' id='word_1_264' title='bbox 1066 3711 1243 3778; x_wconf 88' lang='lat' dir='ltr'>munimine</span> 
     </span>
     <span class='ocr_line' id='line_1_33' title="bbox 21 3813 897 3902; baseline 0.006 -24"><span class='ocrx_word' id='word_1_265' title='bbox 21 3847 22 3902; x_wconf 76' lang='lat' dir='ltr'>j</span> <span class='ocrx_word' id='word_1_266' title='bbox 118 3817 295 3899; x_wconf 83' lang='lat' dir='ltr'>roboratas,</span> <span class='ocrx_word' id='word_1_267' title='bbox 313 3835 400 3882; x_wconf 86' lang='lat' dir='ltr'>anuo</span> <span class='ocrx_word' id='word_1_268' title='bbox 417 3817 529 3900; x_wconf 89' lang='lat' dir='ltr'>gracie</span> <span class='ocrx_word' id='word_1_269' title='bbox 546 3819 591 3882; x_wconf 87' lang='lat' dir='ltr'>M⁰</span> <span class='ocrx_word' id='word_1_270' title='bbox 603 3813 668 3882; x_wconf 82' lang='lat' dir='ltr'>GO’</span> <span class='ocrx_word' id='word_1_271' title='bbox 677 3818 786 3885; x_wconf 84' lang='lat' dir='ltr'>XXX⁰</span> <span class='ocrx_word' id='word_1_272' title='bbox 802 3838 897 3885; x_wconf 91' lang='lat' dir='ltr'>nono.</span> 
     </span>
    </p>
   </div>
   <div class='ocr_carea' id='block_1_13' title="bbox 114 4011 1244 4170">
    <p class='ocr_par' dir='ltr' id='par_1_13' title="bbox 114 4011 1244 4170">
     <span class='ocr_line' id='line_1_34' title="bbox 114 4011 1244 4082; baseline 0.001 -17"><span class='ocrx_word' id='word_1_273' title='bbox 114 4013 248 4074; x_wconf 72' lang='lat' dir='ltr'>(flrsdetis</span> <span class='ocrx_word' id='word_1_274' title='bbox 262 4011 437 4079; x_wconf 69' lang='lat' dir='ltr'>bdrhtrtytm</span> <span class='ocrx_word' id='word_1_275' title='bbox 451 4014 554 4066; x_wconf 79' lang='lat' dir='ltr'>Amold</span> <span class='ocrx_word' id='word_1_276' title='bbox 568 4011 731 4080; x_wconf 73' lang='lat' dir='ltr'>ldispdnnak</span> <span class='ocrx_word' id='word_1_277' title='bbox 745 4016 829 4082; x_wconf 84' lang='lat' dir='ltr'>lllggd</span> <span class='ocrx_word' id='word_1_278' title='bbox 842 4015 964 4082; x_wconf 77' lang='lat' dir='ltr'>pecudtje</span> <span class='ocrx_word' id='word_1_279' title='bbox 978 4013 1054 4076; x_wconf 86' lang='lat' dir='ltr'>alatt,</span> <span class='ocrx_word' id='word_1_280' title='bbox 1069 4029 1086 4064; x_wconf 85' lang='lat' dir='ltr'>a</span> <span class='ocrx_word' id='word_1_281' title='bbox 1099 4014 1181 4064; x_wconf 81' lang='lat' dir='ltr'>budai</span> <span class='ocrx_word' id='word_1_282' title='bbox 1191 4015 1244 4066; x_wconf 83' lang='lat' dir='ltr'>kir.</span> 
     </span>
     <span class='ocr_line' id='line_1_35' title="bbox 519 4103 841 4170; baseline 0.006 -16"><span class='ocrx_word' id='word_1_283' title='bbox 519 4105 640 4155; x_wconf 75' lang='lat' dir='ltr'>kamarai</span> <span class='ocrx_word' id='word_1_284' title='bbox 653 4103 841 4170; x_wconf 72' lang='lat' dir='ltr'>loveletrban.)</span> 
     </span>
    </p>
   </div>
   <div class='ocr_carea' id='block_1_14' title="bbox 552 4407 817 4418">
    <p class='ocr_par' dir='ltr' id='par_1_14' title="bbox 552 4407 817 4418">
     <span class='ocr_line' id='line_1_36' title="bbox 552 4407 817 4418; baseline 0.004 -2"><span class='ocrx_word' id='word_1_285' title='bbox 552 4407 817 4418; x_wconf 44' lang='lat' dir='ltr'><strong><em>—n———u--Q</em></strong></span> 
     </span>
    </p>
   </div>
   <div class='ocr_carea' id='block_1_15' title="bbox 0 0 1566 5154">
    <p class='ocr_par' dir='ltr' id='par_1_15' title="bbox 0 0 1566 5154">
     <span class='ocr_line' id='line_1_37' title="bbox 0 0 1566 5154; baseline 0 0"><span class='ocrx_word' id='word_1_286' title='bbox 0 0 1566 5154; x_wconf 95' lang='lat' dir='ltr'> </span> 
     </span>
    </p>
   </div>
  </div>
 </body>
</html>
