3112 5148
811 321 979 423 ΛΨ.-

332 527 402 590 tate
418 519 672 588 suedistrabant
682 527 715 586 et
730 521 883 589 alienent.
904 519 973 585 Nos
984 525 1093 584 antem
1103 519 1324 604 promittimus
1335 518 1477 606 eydem,

334 626 421 714 qnod
437 627 471 694 in
486 626 550 694 bac
574 627 742 695 locacione
767 646 824 694 eos
849 624 1134 694 manutenebimus
1161 633 1275 695 contra
1296 645 1479 713 quemcun-

334 755 397 822 que
418 742 451 804 et
465 753 686 820 quoscunque,
703 741 735 802 ot
751 733 972 801 defendemus.
998 732 1114 800 Actum
1132 737 1164 800 et
1179 733 1292 801 datum
1307 733 1476 820 Strigonij

333 843 368 908 in
383 840 535 908 Ecclesia
551 840 646 907 Beati
662 839 833 908 Adalberti
858 840 892 906 in
916 839 1015 926 pleno
1032 837 1197 926 capitulo,
1223 860 1311 909 anno
1334 841 1477 909 Domini

335 949 512 1016 millesimo
539 947 761 1016 ducentesimo
777 947 1030 1032 quadragesimo
1046 947 1160 1033 tercio,
1185 966 1300 1015 mense
1316 947 1476 1033 Augusti,

335 1057 369 1122 in
394 1055 478 1124 festo
493 1054 604 1122 Sancti
620 1055 779 1142 Stephani
794 1055 904 1144 Regis.
924 1056 1116 1123 Venerabili
1130 1063 1227 1142 patre
1248 1055 1380 1124 domino
1398 1055 1476 1122 Ste-

335 1165 444 1251 phano
460 1162 625 1249 Episcopo
641 1161 807 1230 Waoiensi
822 1165 995 1247 existente,
1017 1163 1183 1248 postulato
1200 1183 1239 1229 ac
1254 1167 1476 1247 procuratore

335 1267 567 1354 Strigonicnsis
579 1268 736 1353 Ecclesie,
750 1276 783 1336 et
792 1269 951 1354 Magistro
962 1268 1090 1336 Achilla
1099 1268 1272 1354 Proposito
1289 1269 1474 1354 existente3

335 1377 493 1462 Magistro
510 1377 605 1444 Petro
623 1375 774 1444 canore.
801 1377 844 1444 Et
859 1378 936 1462 quia
962 1376 1106 1461 sigillum
1129 1377 1235 1444 maius
1260 1377 1302 1444 ad
1329 1395 1476 1463 presens

337 1505 402 1554 non
427 1485 597 1568 habemus,
625 1483 770 1568 sigillum
796 1492 941 1554 nostrum
957 1485 1063 1552 minus
1089 1484 1295 1572 presentibus
1312 1485 1474 1552 duximus

338 1591 577 1680 apponendum.
603 1593 646 1657 Et
671 1597 706 1656 ut
731 1591 856 1658 eisdem
881 1592 986 1660 maior
1011 1591 1093 1659 fides
1118 1591 1302 1676 adibeatur,
1326 1591 1472 1678 predicti

336 1698 534 1768 venerabilis
565 1699 669 1784 patris
701 1699 826 1767 domini
857 1699 1016 1784 Stephani
1046 1700 1110 1766 Dei
1141 1699 1255 1785 grecia
1282 1699 1474 1766 Waoiensis

337 1805 515 1894 Episcopi,
542 1807 699 1892 postulati
726 1828 765 1874 ao
790 1807 1012 1893 procuratoris
1041 1807 1165 1891 nostri,
1198 1806 1310 1892 sigillo
1334 1807 1475 1873 fecimus

339 1914 498 1997 roborarj.

445 2091 495 2156 (Aa
509 2092 609 2143 orodeti
622 2089 689 2142 utin
701 2093 797 2144 Knauz
811 2090 931 2156 Nandor,
944 2093 1060 2160 Magyar
1074 2093 1139 2144 Sion
1151 2093 1187 2144 11.
1200 2093 1257 2145 lsdt
1270 2093 1331 2144 tas.
1344 2091 1376 2156 l.)

875 2889 931 2956 93.

335 3063 366 3129 A
382 3065 481 3131 budur'
495 3065 716 3152 taprobanes
736 3065 1007 3155 bizoaysdplooolo,
1030 3069 1110 3154 kopp
1125 3069 1228 3134 Jduor
1252 3067 1472 3152 Tuddaakfia

380 3171 478 3238 ordi-i
494 3171 631 3238 dirtolrdt
641 3173 768 3260 Mildly
783 3175 955 3261 oosmrdmi
965 3172 1168 3259 sdr'rpdauok
1186 3173 1302 3238 odzdtu.
1321 3173 1420 3240 1243.

648 3333 678 3397 A
893 3332 921 3396 Β
1136 3329 1161 3396 0

440 3507 609 3576 Vniuersis
624 3507 828 3595 presencium
853 3507 1007 3574 noticiam
1024 3505 1186 3573 habituris
1202 3504 1390 3593 Capitulum
1407 3508 1472 3573 Ec

336 3614 436 3682 clesie
452 3615 612 3683 Budensis
629 3617 798 3684 oraciones
814 3617 849 3682 in
865 3615 1005 3682 Domino
1022 3615 1193 3682 salutares.
1216 3613 1470 3681 Possessionum

333 3722 432 3810 tytnli
448 3723 559 3791 multis
571 3745 649 3812 sepe
666 3723 861 3809 calumpniis
870 3721 1155 3810 impugnunoivm3
1175 3722 1266 3809 ipsos
1282 3729 1470 3789 tamennon

333 3829 454 3897 sufficit
469 3850 627 3898 eneruarc
643 3830 839 3918 calumpnia,
865 3829 893 3896 si
911 3849 952 3896 ex
966 3829 1032 3895 fide
1047 3829 1180 3896 testium
1199 3835 1232 3896 et
1247 3827 1362 3913 scripti
1376 3831 1469 3895 tosti-

326 3937 444 4004 monio
471 3937 668 4006 obtinuerint
692 3935 889 4005 firmitatem.
915 3937 1057 4005 Proinde
1071 3937 1237 4006 relacione
1257 3935 1467 4020 presencium

333 4045 518 4112 innotescat
542 4044 747 4112 uniuersitati
773 4050 892 4126 vestre,
920 4042 1007 4130 quod
1032 4043 1216 4110 constitutis
1242 4061 1351 4108 coram
1368 4042 1469 4108 nobis

335 4151 496 4218 Michaele
513 4151 639 4221 Gemite
654 4151 903 4240 Wesprimiensi
919 4155 962 4219 ab
977 4171 1043 4218 rna
1057 4159 1163 4237 parte,
1179 4157 1212 4217 et
1227 4150 1380 4217 Jobanne
1398 4147 1468 4215 lilio

333 4255 461 4323 Thadei
486 4277 527 4324 ex
543 4261 659 4342 altera,
684 4258 850 4344 predictus
866 4259 1035 4326 Jobannes
1060 4259 1138 4324 vinu
1160 4277 1241 4327 voce
1265 4261 1467 4344 protestatus

334 4367 394 4442 est,
420 4363 506 4444 quod
522 4367 688 4448 quandam
704 4367 892 4452 porcionem
908 4375 993 4434 terre
1009 4385 1067 4432 sue
1087 4363 1295 4449 hereditario,
1317 4383 1414 4449 quam
1430 4363 1468 4430 in

335 4467 417 4532 Erdi
432 4469 579 4537 habebat
604 4493 663 4557 pro
678 4481 773 4560 parte
788 4493 859 4557 sue,
885 4481 918 4540 et
933 4473 1140 4541 medietatem
1161 4473 1330 4540 cuiusdam
1345 4469 1466 4554 insule,

337 4591 401 4654 que
426 4572 534 4656 ipsum
551 4578 719 4662 contingit,
747 4578 933 4665 supradicto
949 4580 1101 4648 Michaeli
1122 4579 1240 4647 Comiti
1265 4599 1324 4664 pro
1349 4577 1469 4644 decem
