3134 5150
108 959 155 1025 lV.
173 961 255 1030 Belo
278 961 384 1049 kirdly
409 985 431 1027 o
451 963 687 1050 ponoenlolmi
710 969 847 1055 opdtcdg
869 971 1017 1032 czdmdro
1041 970 1218 1056 mcgcrllcitt'

106 1077 174 1134 curt
190 1068 307 1136 Malo
327 1068 504 1156 kirdlyoalc
525 1069 742 1158 admndcyoit,
764 1095 780 1136 c
804 1071 929 1139 loelli
953 1073 1216 1144 lirtokszemmt-

545 1179 638 1264 nycr't.
663 1179 761 1244 1236.

193 1373 234 1438 In
250 1373 379 1441 nomine
396 1373 516 1442 Sancte
531 1373 701 1442 Trinitatis
725 1381 758 1440 ct
777 1373 949 1444 Indiuidue
971 1377 1115 1446 Unitetis
1136 1377 1218 1445 Bela

30 1507 31 1546 r
104 1481 154 1546 Dei
171 1483 287 1566 grecia
300 1480 478 1568 Hungcrie,
498 1481 680 1566 Dalmucie,
699 1479 844 1566 Oroacie,
864 1483 977 1570 Reme,
994 1484 1117 1570 Seruis,
1139 1484 1217 1552 Gal-

102 1586 172 1672 licie,
189 1589 451 1672 Lodomerieque
465 1591 555 1674 Rex,
578 1590 613 1656 in
631 1596 833 1677 perpetuum.
857 1591 954 1658 Vries
969 1591 1082 1659 Abbas
1105 1591 1217 1660 Sancti

101 1695 219 1762 uncini
235 1697 278 1764 de
292 1698 395 1765 Sacro
411 1697 521 1764 Monte
535 1697 704 1765 Pannonio
719 1719 740 1764 a
755 1699 850 1766 nobis
867 1699 984 1769 deuote
1006 1701 1108 1786 pecijt
1123 1708 1155 1767 et
1170 1700 1216 1764 in-

101 1811 220 1888 stanter,
238 1811 275 1871 ut
291 1803 476 1890 priuilegia,
503 1827 566 1890 que
584 1807 626 1872 ab
643 1807 909 1876 antecessoribus
933 1809 1053 1876 nostris
1072 1807 1216 1894 Regibus

101 1909 256 1996 Hungarie
271 1933 293 1980 a
309 1919 454 1999 tempore
469 1915 581 1981 Sancti
596 1915 696 2000 Regis
706 1916 865 2002 Stephani
880 1916 1005 2000 habuit,
1022 1914 1215 1984 transscribi

30 2077 31 2106 ,
99 2017 280 2104 sanaremus,
308 2029 468 2088 eteorum
484 2022 686 2109 exemplaria
702 2022 803 2091 nostri
826 2023 929 2108 sigilli
947 2025 1134 2091 charactere
1150 2043 1216 2090 mu·

100 2128 240 2196 niremun
269 2128 357 2207 Quia
382 2148 455 2195 curn
470 2129 658 2215 frequenter
683 2131 727 2198 ad
743 2131 875 2198 diversa
897 2133 1067 2199 trahantur
1079 2131 1215 2218 judicia,

98 2237 306 2320 periculosum
331 2243 419 2304 esset
442 2243 577 2324 propter
595 2240 722 2306 uiarum
749 2239 948 2324 discrimina,
974 2241 1007 2307 in
1024 2239 1216 2325 quibuscun-

98 2363 148 2426 que
158 2344 297 2431 judicijs
313 2345 496 2432 principale
511 2347 719 2434 priuilegium
730 2349 895 2416 exhibere.
911 2350 981 2417 Nos
996 2347 1097 2432 igitur
1112 2345 1217 2432 ipsius

30 2521 31 2526 ,
95 2450 179 2533 justis
193 2453 349 2539 precibus
366 2460 460 2538 grato
477 2461 704 2523 concurrentes
719 2475 868 2540 assensu,
894 2455 1103 2542 priuilegium
1120 2455 1217 2520 beate

30 2533 32 2640 l
98 2561 244 2630 ncmorie
259 2563 374 2628 Sancti
390 2561 538 2629 Lcdislci
553 2562 655 2647 Regis
680 2565 883 2650 perfidelem
900 2561 1139 2632 Cancellcrium
1162 2583 1218 2630 uo·

97 2677 187 2736 strum
204 2669 364 2736 Mathium
380 2670 585 2756 Propositum
609 2671 727 2759 inspici
744 2673 900 2758 fecimus,
929 2677 962 2738 et
987 2669 1090 2756 sigilli
1114 2673 1217 2740 nostri

30 2847 31 2886 ,
98 2778 267 2846 nuninrine
281 2778 442 2864 insigniri.
464 2777 564 2846 (luins
579 2786 672 2848 tenor
687 2781 764 2847 tclis
781 2788 849 2848 est:

30 2891 31 2896 ’
195 2887 357 2968 Quamuis
373 2888 470 2958 homo
497 2888 607 2956 omnic
622 2909 684 2974 que
700 2889 848 2976 possidet
863 2891 924 2957 stb.
941 2887 1036 2976 (mint
1050 2891 1091 2956 ll.
1109 2889 1217 2956 Endre

97 2995 269 3083 inulynak
286 2995 424 3062 rure-ki
439 3001 634 3080 megerosrto
651 2995 962 3083 priuilegiumtbcn,
988 2997 1110 3082 ajelen
1126 2996 1217 3080 gyttj-

98 3089 222 3190 reineny
231 3105 259 3171 Ι.
270 3103 448 3172 koteteben
458 3104 535 3170 361.
546 3104 586 3190 l.)
596 3141 640 3154 --
651 3141 695 3154 -
705 3142 749 3152 -
759 3123 861 3188 usque
876 3103 920 3170 ad
929 3101 1113 3188 Holutwag,
1125 3104 1218 3170 iuxta

98 3233 188 3298 qnam
202 3212 236 3278 in
252 3231 386 3280 nemore
408 3212 509 3279 habet
524 3211 657 3280 ultimas
674 3219 787 3280 metas.

197 3323 248 3388 Ex
264 3343 303 3390 eo
331 3327 450 3405 autem,
478 3321 565 3404 quod
583 3321 728 3406 presenti
752 3319 875 3406 pagine
901 3319 1046 3404 sigillum
1071 3324 1218 3386 nostrum

99 3431 216 3518 inponi
230 3429 378 3515 fecimus,
402 3429 564 3513 nolumus,
589 3433 625 3494 ut
641 3425 747 3494 eidem
767 3425 966 3494 monasterio
992 3423 1117 3509 aliquid
1142 3422 1219 3493 noui

99 3537 173 3605 iuris
188 3539 394 3623 acquiretur,
411 3535 471 3602 sed
484 3541 520 3602 vt
534 3534 705 3620 antiquum
719 3535 782 3622 ius,
801 3533 829 3601 si
846 3533 933 3618 quod
947 3533 1071 3618 habuit,
1093 3553 1218 3601 conser-

99 3653 194 3712 uetnr.
206 3647 322 3713 Actum
338 3665 424 3714 anno
440 3643 531 3710 verbi
546 3643 708 3710 incarnati
724 3644 770 3710 M⁰
780 3640 844 3710 00⁰
854 3640 965 3710 XXX?
976 3641 1045 3728 Vl.⁰‚
1064 3641 1217 3708 linones

99 3751 218 3837 llarcij.

281 3951 420 4016 (Ersdetis
433 3963 451 4000 a
465 3948 658 4015 pannouhalmi
673 3943 819 4014 tuaptrstg
832 3939 1040 4009 leuelttrtban.)

519 4235 781 4249 -——·——-——
