3112 5148
845 261 1000 364 aa„

359 467 443 534 cium
469 462 621 530 noticiam
646 461 807 528 habituris
834 461 972 527 salutem
998 467 1030 526 et
1046 482 1141 528 omne
1168 465 1297 530 honum.
1323 464 1486 531 Nouerint

358 572 511 656 uniuersi,
538 569 654 656 quibus
679 568 762 636 scire
788 567 977 654 expedierit,
1004 567 1189 654 quodcum
1215 577 1320 639 tenus
1336 570 1486 638 Johancc

358 681 416 766 filij
434 678 579 765 Georgij,
606 677 792 744 decedentis
817 677 886 744 sine
902 676 1033 762 herede,
1050 679 1180 746 nomine
1203 681 1342 764 Mycola,
1368 679 1486 762 Maria,

358 811 430 856 cum
441 790 507 856 suis
518 785 727 874 pertinenoijs
740 785 905 869 scrineis,
923 783 967 852 ad
982 785 1177 872 peticionem
1193 788 1360 856 karissimi
1371 786 1484 853 fratris

357 898 459 968 nostri
474 897 618 984 piissime
634 893 874 962 recordacionis
891 893 991 979 Regis
1009 893 1189 980 Colomani,
1208 896 1335 964 dilectis
1352 917 1391 962 ac
1408 897 1486 962 tide·

356 1005 442 1072 libus
473 1002 593 1072 nostris
617 1001 700 1088 Tyle
725 1001 896 1087 Proposito
926 1001 1141 1086 Zagrahiensi
1173 1009 1205 1068 et
1231 1004 1297 1070 suis
1330 1002 1486 1070 fratribus

357 1113 479 1181 Thome
505 1110 622 1179 Oomiti
647 1115 680 1174 et
695 1111 790 1176 Petro
817 1110 1084 1196 contulissemus,
1111 1111 1253 1177 Thomas
1279 1111 1364 1178 filins
1390 1111 1486 1177 Lam-

357 1222 441 1308 perti
458 1227 490 1288 et
506 1219 564 1304 alij
581 1219 622 1285 de
645 1218 861 1302 generacione
881 1239 950 1305 sua,
977 1239 1037 1286 nec
1053 1240 1117 1285 non
1132 1220 1348 1306 Wyncencius
1365 1223 1485 1306 Prepo·

356 1330 437 1398 situs
453 1335 486 1395 et
500 1328 616 1411 Bagyn
632 1345 690 1412 pro
708 1323 774 1394 lilio
791 1326 920 1392 Martini
938 1327 1045 1392 mariti
1061 1328 1182 1394 sororis
1200 1347 1311 1394 eorum
1329 1327 1369 1393 de
1385 1347 1484 1410 gene-

355 1439 486 1505 racione
502 1433 616 1503 eadem
633 1435 676 1500 ad
691 1454 750 1501 nos
767 1433 959 1502 accedentes
976 1435 1008 1502 in
1025 1435 1234 1519 querimoniis
1252 1444 1483 1522 exposuerunt,

356 1548 444 1634 quod
470 1543 635 1632 predictus
651 1543 809 1628 Magister
824 1543 908 1628 Fyla
934 1549 966 1608 et
981 1543 1099 1610 fratres
1117 1545 1167 1610 sui
1193 1551 1296 1610 terras
1316 1541 1484 1630 supradic-

354 1663 405 1721 tas
421 1654 526 1722 minus
543 1654 627 1720 iuste
643 1650 829 1738 peciissent,
847 1669 920 1716 oum
935 1655 1020 1718 terre
1034 1651 1090 1718 ille
1106 1651 1218 1738 pocius
1237 1650 1279 1716 ad
1296 1669 1363 1734 eos,
1380 1670 1483 1734 qulam

356 1762 400 1828 ad
417 1762 501 1829 alios
518 1767 699 1846 extraneos,
717 1759 846 1828 deuolui
863 1757 1060 1829 debuissent.
1086 1759 1155 1828 Nos
1171 1759 1278 1846 igitur,
1300 1778 1372 1824 cunr
1398 1757 1483 1823 nulli

355 1871 388 1935 in
405 1869 475 1936 iure
502 1889 558 1934 svo
577 1867 690 1934 deesse
707 1865 896 1952 debeamus,
924 1868 1129 1954 supradictos
1154 1867 1345 1953 Magistrum
1362 1865 1482 1951 Fylam

356 1987 387 2044 et
403 1977 519 2044 fratres
545 1995 620 2043 suos
637 1976 680 2042 ad
696 1981 839 2043 nostram
865 1977 1067 2063 presenciam
1087 1977 1221 2045 fecimus
1248 1976 1396 2060 euocari;
1425 1977 1484 2059 qni

356 2087 604 2168 comparuerunt
629 2080 751 2147 eisdem
776 2083 883 2169 parati
910 2081 1116 2169 respondere.
1144 2083 1173 2148 Α
1199 2081 1326 2167 quibus,
1352 2082 1486 2150 Thomu

354 2190 508 2259 videlicet
533 2195 564 2256 et
583 2189 657 2274 alijs
673 2209 714 2254 ex
729 2209 794 2256 vna
810 2198 912 2274 parte,
940 2211 978 2257 ac
994 2191 1165 2278 Proposito
1182 2197 1213 2257 et
1233 2191 1301 2258 suis
1321 2189 1485 2257 fratribus

354 2319 395 2366 ex
411 2298 524 2380 altera,
543 2317 615 2363 curn
631 2295 773 2382 plurima
788 2295 928 2364 fuissent
943 2297 1106 2382 allegata;
1127 2297 1258 2365 tandem
1274 2297 1485 2383 prenomina-

352 2416 404 2478 tus
420 2407 574 2490 Thomas,
603 2413 635 2472 et
651 2403 719 2489 alij,
737 2403 791 2487 qui
818 2423 889 2470 cum
906 2424 944 2472 eo
960 2413 1063 2489 erant,
1089 2411 1194 2472 terras
1219 2413 1484 2492 prememoratus

350 2516 460 2584 fratris
486 2535 597 2583 eorum
613 2511 759 2580 Jchanoc
776 2512 846 2580 fore
864 2511 1034 2599 empticius
1060 2521 1132 2579 sunt
1158 2513 1317 2598 confessi,
1345 2513 1484 2580 anobis

351 2625 480 2708 injure
505 2619 660 2706 requisiti.
687 2619 776 2698 Quas
802 2640 862 2688 nos
888 2640 959 2686 cum
986 2641 1025 2686 ex
1051 2621 1186 2706 antiqua
1210 2621 1483 2708 predecessorum

353 2736 534 2799 nostrorum
562 2749 600 2794 ac
615 2729 719 2814 Regni
746 2728 977 2796 consuetudine
995 2729 1028 2796 in
1053 2729 1238 2797 huiusmodi
1262 2729 1358 2795 terris
1383 2725 1483 2795 dece-

354 2837 503 2904 dencium
519 2837 589 2902 sinc
599 2835 689 2923 prole
699 2835 911 2922 conferendis,
923 2836 1053 2921 plenam
1064 2837 1257 2905 haberemus
1268 2841 1483 2924 potestatem,

350 2945 525 3033 sepedictis
549 2943 706 3030 Magistro
722 2943 804 3028 Tyle
831 2951 862 3011 et
882 2945 949 3011 suis
975 2945 1129 3013 fratribus
1153 2968 1194 3013 ex
1219 2953 1308 3013 certa
1334 2941 1486 3014 sciencia

352 3053 545 3121 contulimus
569 3059 725 3139 perpetuo
751 3051 887 3139 pacifice
903 3052 1129 3139 possidendas.
1159 3056 1201 3121 Vt
1217 3061 1325 3121 antem
1345 3053 1406 3120 hec
1423 3075 1485 3122 nc-

351 3169 420 3230 stra
446 3159 583 3228 donacio
614 3158 695 3244 ipsis
722 3165 877 3246 perpetuo
904 3168 1090 3245 perseueret
1117 3162 1319 3246 hroonoussa,
1346 3177 1407 3228 nec
1437 3165 1486 3228 ab

350 3269 458 3355 aliquo
475 3268 674 3355 inposterum
690 3287 788 3354 super·
803 3267 918 3335 eadem
943 3269 1117 3354 inquietari
1135 3270 1244 3337 ualeat
1260 3271 1314 3336 uel
1330 3275 1486 3360 rnoucri;

350 3381 519 3465 presentes
546 3373 669 3443 eisdem
695 3377 914 3444 concessimus
939 3376 1064 3446 litteras
1081 3378 1113 3444 in
1130 3379 1224 3446 huius
1249 3377 1296 3444 rei
1315 3379 1488 3449 stabilita·

348 3497 423 3573 tem,
442 3483 582 3572 duplicis
599 3483 699 3570 sigilli
715 3486 817 3552 nostri
834 3487 1009 3554 munimine
1030 3488 1188 3574 perhenni
1205 3489 1319 3555 robore
1335 3509 1488 3558 commn-

348 3594 445 3661 nitas.
462 3594 581 3658 Datum
598 3590 687 3678 apud
701 3591 836 3658 Pontem
846 3593 995 3678 Manrieij
1013 3614 1071 3679 per
1087 3614 1201 3661 manus
1219 3592 1328 3660 dilecti
1341 3615 1382 3660 ac
1399 3595 1489 3666 tide-

348 3702 389 3769 lis
414 3697 517 3766 nostri
542 3697 691 3781 Magistri
707 3699 875 3766 Benedicti
899 3701 1061 3788 Prepesiti
1085 3701 1238 3769 Albensis
1261 3701 1336 3768 aule
1363 3713 1490 3774 nostre

347 3807 544 3893 Cancellarij
562 3826 648 3875 anno
674 3809 717 3874 ab
733 3808 968 3876 Incamacione
984 3808 1115 3876 Domini
1133 3809 1302 3877 millesimo
1323 3809 1491 3882 ducente-

347 3920 429 3987 simo
446 3917 518 3983 XL⁰
529 3915 593 4001 11⁰,
613 3916 651 3982 V.
668 3935 772 3984 nonas
784 3913 934 3984 Octobris
949 3917 1054 4000 Regni
1070 3923 1178 3986 autern
1197 3917 1300 3986 nostri
1321 3937 1411 3988 anno
1431 3944 1492 3990 se-

345 4028 456 4115 ptimo.

346 4223 482 4291 (Eredetie
505 4221 677 4290 bdrhdrtydm
701 4222 821 4291 apscedt
833 4223 960 4280 tdretldlre
973 4223 1297 4295 vdrdssrirga·violaszlnsr
1319 4224 1494 4294 sclyemzsi-

557 4314 641 4366 ndron
656 4314 724 4381 fllgg
738 4329 754 4366 u
768 4315 850 4369 budai
865 4317 916 4370 hir.
930 4319 1053 4370 komarai
1065 4316 1253 4386 leuditdrben.)

778 4604 1041 4620 u—--a—-m
