3122 5154
96 531 176 590 terra
191 524 346 609 Kaamer,
372 543 436 608 que
462 529 548 591 terre
568 523 673 590 llihul
699 525 821 593 uicinio
846 527 976 594 adiuuet
1001 529 1095 596 iuxta
1119 549 1166 615 se,
1192 538 1226 597 et

96 636 182 701 illum
197 632 352 700 similiter
363 631 560 718 jobugiones
578 631 686 699 (lustri
700 634 932 719 Supruniensis
956 635 1119 720 inquirere
1134 639 1223 706 role-

95 745 167 810 baut
183 742 225 808 ab
242 743 318 807 Isse
334 739 469 822 Comite,
491 737 524 803 S.
542 741 665 806 Paulus
692 741 780 807 filius
795 741 914 808 Pheter
935 763 1009 810 enm
1034 745 1101 812 suis
1117 745 1224 812 fratri·

96 854 161 936 bus,
186 857 220 916 ct
244 847 304 933 filij
322 846 464 928 Ombnd,
489 846 631 913 lacobus
657 854 690 914 et
705 847 904 933 Ladizluns,
932 857 965 916 et
989 850 1163 939 Adrianus,
1190 863 1223 920 et

93 956 279 1024 Ambrosius
306 960 466 1020 connatns
482 952 636 1039 ipsorum,
664 963 696 1020 et
711 955 841 1022 Endere
857 957 898 1022 de
915 958 984 1024 alie
1003 959 1171 1046 progenie,
1188 967 1221 1028 et

92 1067 184 1150 Eure,
202 1073 236 1130 et
251 1061 311 1146 filij
327 1061 469 1146 Andree,
486 1061 661 1129 Farousius
677 1069 711 1130 et
728 1063 962 1150 clementinus,
990 1074 1022 1133 et
1037 1073 1107 1134 tota
1122 1087 1207 1152 gene

94 1173 178 1240 racio
194 1171 350 1257 ipsorum,
376 1176 411 1235 et
427 1169 527 1236 simili
542 1169 639 1238 modo
663 1192 724 1256 pro
740 1172 814 1256 ipsa
835 1180 923 1239 terra
947 1173 1105 1242 nominati
1126 1177 1221 1261 joba-

92 1281 202 1364 giones
218 1277 459 1363 composicione
483 1277 571 1344 iaetu
584 1284 661 1345 ante
675 1298 735 1346 nos
750 1280 825 1345 Istc
842 1279 958 1348 (lomes
984 1283 1031 1348 eis
1045 1303 1104 1368 pro
1131 1293 1219 1351 terra

91 1390 237 1468 liuzmer,
265 1404 328 1470 que
345 1389 396 1449 est
411 1383 455 1448 ed
471 1390 543 1451 oeto
569 1390 690 1468 aratra,
715 1384 936 1468 quadraginta
951 1408 1080 1454 marcas
1096 1391 1219 1476 persol-

90 1497 151 1579 uit;
168 1495 218 1560 its
233 1503 355 1578 tamen,
373 1497 411 1555 ut
420 1491 529 1556 nullus
545 1490 699 1577 ipsorum,
719 1511 779 1558 nee
794 1499 1030 1578 postremorum
1041 1498 1218 1564 eorundem

93 1623 149 1668 nee
164 1603 288 1686 aliquis
304 1603 412 1689 ipsam
422 1610 542 1667 terram
559 1600 601 1666 eb
616 1602 691 1666 Iseo
702 1598 827 1668 Gemite
836 1609 949 1688 posset
968 1603 1140 1689 inquirere,
1157 1626 1218 1673 nee

93 1710 130 1775 de
145 1729 206 1776 suo
231 1714 407 1795 postremo.
432 1708 474 1774 Et
489 1707 566 1790 quia
580 1706 771 1774 stabilitudo
786 1708 1015 1776 memoriarum
1041 1711 1084 1778 ad
1102 1731 1216 1780 causa·
1334 1739 1335 1744 ¹

89 1837 155 1884 rum
168 1817 392 1884 fortitudinem
410 1815 527 1884 uestris
538 1815 582 1882 ad
597 1816 772 1882 multorum
787 1816 1053 1885 recordationem
1073 1839 1219 1888 reserva-

88 1933 135 1990 tnr
148 1923 287 2006 litteris;
305 1923 347 1990 ob
362 1922 425 1988 hoo
442 1923 594 2009 petimus,
611 1930 646 1988 ut
665 1923 803 1990 istarum
820 1943 992 1990 cuusurnm
1014 1927 1213 2012 conposioio·

87 2053 158 2098 num
183 2032 303 2098 seriem
323 2031 441 2096 uestris
456 2029 490 2094 in
505 2037 697 2116 perpetuum
717 2030 838 2096 litteris
859 2032 1072 2116 confirmetis,
1099 2039 1213 2102 utnon

86 2157 183 2203 censs
199 2139 300 2204 semel
310 2135 456 2222 perfecta
466 2133 509 2200 ad
525 2143 707 2220 postremos
717 2136 831 2202 relicta
842 2137 1035 2224 sepepossit
1050 2141 1211 2208 ventilari.

191 2245 299 2324 Quum
310 2245 416 2311 eciam
426 2243 698 2329 composicionem,
719 2244 802 2310 sicut
816 2244 850 2310 in
860 2243 1015 2330 predictis
1029 2246 1146 2314 litteris
1163 2255 1214 2315 est

86 2361 260 2436 ramatum,
282 2352 480 2437 jobegiones
496 2351 603 2416 Custri
630 2349 811 2438 supradicti
826 2371 936 2418 eoram
955 2358 1068 2420 nostra
1083 2374 1214 2440 presen-

85 2463 132 2526 cia
147 2459 366 2546 personaliter
383 2458 550 2526 constituti
566 2460 614 2526 sio
631 2477 705 2524 esse
720 2458 916 2547 ordinatam,
939 2460 1017 2526 uiua
1032 2480 1114 2528 uoce
1131 2467 1213 2528 retu·

86 2567 197 2632 lerunt.
227 2565 298 2634 Nos
323 2565 425 2651 igitur
450 2572 517 2632 tam
542 2565 586 2632 ad
611 2565 786 2632 instantem
811 2564 1006 2650 peticionem
1035 2565 1214 2654 supradicti

87 2675 171 2740 Chae
186 2671 337 2759 Comitis,
361 2693 461 2758 qnam
486 2671 590 2740 eciam
612 2671 828 2757 jobagionum
853 2673 1153 2757 prenominatorum
1177 2676 1213 2742 in

6 2839 7 2844 ,
86 2791 274 2867 perpetuam
284 2781 501 2847 stabilitatem
518 2799 619 2846 cause
635 2779 821 2867 supradicte
831 2785 1001 2864 presentes
1012 2780 1140 2848 litteras
1155 2803 1210 2851 no-

87 2898 166 2956 strae
182 2887 296 2973 sigillo
321 2895 432 2956 nostro
457 2889 704 2975 inperpetuum
727 2887 965 2954 testimoniales
990 2890 1208 2958 concessimus

87 2997 262 3064 roboratas.
294 2999 417 3063 Datum
442 3018 527 3064 enno
552 2996 665 3083 gracie
688 2998 735 3062 Μο
746 2997 810 3062 00⁰
820 2997 929 3064 XXX·
939 2996 1021 3063 v110.
1047 2999 1207 3066 Michaele

86 3107 262 3192 Prepesito,
279 3107 422 3173 Martiuo
432 3105 583 3193 Contere,
598 3125 701 3192 parre
718 3103 859 3170 Martino
877 3103 1029 3190 Custode,
1045 3107 1204 3174 Silvestre

86 3213 214 3280 Deesno
237 3215 463 3282 existentibus.

178 3413 229 3478 (Aa
242 3411 342 3464 credeti
355 3409 423 3462 utin
435 3411 513 3476 Nagy
527 3411 606 3466 Imre.
620 3411 707 3464 Huzai
720 3411 888 3480 Okminytdr
902 3415 952 3464 Ill.
965 3413 1020 3464 lrltt.
1034 3414 1059 3463 a.
1074 3413 1103 3480 l.)

513 3711 775 3724 Ἥ-
