3122 5154
911 845 966 914 73.

373 1034 480 1101 ‚Jonas
496 1057 517 1098 a
533 1033 791 1118 mayyurorsadyi
816 1030 847 1092 ds
863 1025 1040 1092 szlavoniai
1061 1023 1339 1111 templemreudiek
1362 1029 1507 1089 mostard-

372 1143 433 1206 uek
448 1137 716 1229 biaouyadqienele,
743 1135 822 1223 doqy
842 1132 1109 1200 nasammonas
1125 1131 1178 1215 fia
1194 1131 1340 1218 bizoayoo
1363 1133 1505 1198 berroea

618 1243 756 1326 Saudo,
772 1240 869 1308 mand
876 1240 993 1325 fidncia
1008 1238 1123 1304 alodia.
1150 1239 1246 1303 1240.

482 1443 551 1509 Nos
576 1443 675 1507 irater
691 1439 836 1506 Jacobus
862 1438 903 1503 de
919 1436 1028 1503 Monte
1044 1437 1161 1518 Regali
1185 1435 1343 1520 Magister
1368 1436 1505 1502 humilis

376 1555 552 1617 Domorum
577 1548 706 1634 Templi
734 1565 793 1632 per
818 1544 1022 1628 Hungariam
1053 1551 1086 1609 et
1109 1543 1319 1610 Solanoniam
1346 1547 1507 1610 memorie

377 1657 642 1724 commendantes
675 1652 911 1740 (significamus
936 1659 1047 1716 tenore
1077 1651 1297 1736 presencium)
1330 1652 1506 1721 uniuersis,

377 1766 493 1850 quibus
518 1783 653 1851 presens
680 1761 867 1844 ostenditur,
894 1759 981 1844 quod
997 1758 1182 1825 aecedendo
1209 1759 1250 1824 ad
1267 1767 1415 1827 nostram
1433 1780 1506 1845 pre-

376 1873 520 1940 senciam
536 1871 666 1938 Tadeos
685 1869 772 1937 filius
788 1868 876 1934 Mlad
892 1867 986 1935 nobis
1003 1867 1172 1933 confessus
1190 1872 1239 1934 est
1260 1866 1337 1934 vina
1357 1887 1450 1953 uoce,
1470 1888 1506 1934 se

377 1979 566 2046 vendidisse
586 1975 750 2061 quandam
766 1984 888 2042 terram
904 2014 946 2023 -
964 2013 1007 2022 -
1024 2013 1066 2024 -
1084 2011 1126 2024 -
1138 1973 1263 2042 Gemite
1279 1975 1320 2040 de
1333 1976 1507 2057 Toletouh,

377 2087 486 2171 precio
503 2085 706 2170 comparauit
721 2104 742 2148 a
757 2083 924 2155 Stanislao
941 2083 1039 2148 fratrc
1056 2084 1146 2167 Mire,
1164 2085 1259 2150 Petro
1274 2089 1393 2168 nepote
1420 2084 1507 2148 eius-

379 2193 462 2274 dem,
475 2192 580 2277 (iuna,
598 2191 701 2258 Petko
718 2191 784 2260 tilio
796 2191 944 2275 Emeriei,
957 2191 1104 2274 Ziouina,
1121 2191 1235 2256 Petrus
1246 2189 1332 2256 filius
1343 2190 1508 2274 Prehodo,

378 2300 497 2387 Egidio
514 2302 530 2367 f
542 2337 884 2349 ——————
900 2299 1086 2365 Alexandro
1103 2299 1170 2366 filio
1187 2297 1340 2384 Gundak,
1367 2320 1429 2385 pro
1446 2321 1507 2368 sex

378 2409 496 2476 mareis
512 2409 576 2476 sibi
600 2409 642 2474 ab
659 2408 772 2474 eodem
789 2409 884 2494 plene
900 2409 1073 2494 persolutis
1099 2405 1139 2473 de
1155 2409 1317 2475 communi
1336 2411 1508 2476 voluntate

376 2518 480 2584 tocius
506 2517 652 2585 eiusdem
677 2517 903 2596 generationis
930 2523 997 2582 tam
1023 2517 1086 2582 sibi
1111 2535 1209 2599 quam
1235 2517 1303 2582 suis
1329 2515 1508 2582 heredibus

376 2625 596 2707 heredumque
621 2642 754 2690 suorum
781 2623 1025 2690 suecessoribus
1050 2623 1093 2689 ad
1120 2623 1300 2708 abendam,
1330 2625 1507 2690 tenendam

375 2733 445 2798 iure
470 2730 728 2798 irreuoeabiliter
754 2730 996 2817 possidendam.
1023 2729 1091 2796 Hee
1115 2738 1190 2796 sunt
1214 2737 1298 2796 mete
1323 2738 1436 2798 terre:
1464 2735 1507 2798 ab

378 2839 503 2905 oriente
519 2839 611 2904 iuxta
636 2838 697 2921 Vn,
723 2837 779 2904 vbi
803 2839 1041 2925 statimiussit,
1065 2845 1097 2904 et
1112 2837 1217 2904 tendit
1242 2859 1341 2925 super
1360 2841 1508 2907 occiden-

375 2959 441 3014 tem
457 2967 517 3032 per
533 2946 674 3014 medium
684 2947 734 3012 Vn
751 2967 872 3032 magna
888 2947 1079 3030 quantitate,
1097 2968 1132 3014 se
1152 2947 1237 3014 exist
1253 2944 1339 3033 (igy)
1350 2948 1394 3014 ad
1405 2967 1508 3014 unum

378 3055 526 3120 arborem
543 3055 638 3121 ulmis
655 3061 815 3138 vocatam,
842 3055 898 3120 ubi
914 3055 1063 3142 peruenit
1087 3061 1175 3121 meta
1189 3055 1293 3121 Daloe
1315 3063 1424 3121 terrea
1444 3058 1508 3122 Ta-

377 3161 429 3228 dei
446 3163 612 3246 antedicti,
639 3181 702 3244 que
717 3163 890 3230 reuertitur
906 3163 948 3228 ad
966 3163 1186 3247 occidentem
1213 3162 1310 3229 abine
1324 3163 1432 3229 tendit
1450 3186 1510 3251 per

376 3291 475 3338 unum
492 3272 581 3337 oreth
598 3269 641 3336 ad
654 3269 847 3355 aquilonem,
866 3277 899 3336 et
914 3270 1063 3356 peruenit
1080 3269 1122 3336 ad
1135 3288 1232 3335 unam
1243 3269 1391 3336 arborem
1408 3273 1509 3338 rimis

376 3385 528 3447 uocatam
543 3379 587 3445 ad
604 3398 701 3445 unum
718 3397 855 3463 paruum
872 3378 1020 3463 riuuium,
1048 3397 1105 3465 per
1121 3398 1216 3461 quem
1232 3376 1337 3444 tendit
1354 3383 1509 3465 superius

377 3488 478 3572 longe
495 3485 607 3572 spacio
618 3491 651 3552 et
659 3486 809 3572 peruenit
819 3485 863 3551 ad
879 3485 965 3552 uiam
977 3483 1018 3550 de
1027 3485 1242 3552 Kontainieha
1258 3484 1301 3551 ad
1320 3486 1509 3554 Dubicham

376 3593 571 3677 venientem,
598 3593 654 3660 vbi
670 3599 736 3660 stat
751 3594 850 3660 arbor
876 3595 1016 3678 grabor5
1036 3592 1113 3660 inde
1129 3593 1277 3658 ascendit
1302 3593 1346 3659 ad
1362 3602 1509 3663 montem

375 3721 434 3786 per
452 3700 539 3768 uiam
556 3699 600 3766 ad
625 3699 707 3767 duas
734 3702 867 3770 arbores
883 3721 1032 3788 quereus,
1059 3701 1114 3766 vbi
1130 3707 1195 3768 stat
1218 3699 1323 3788 prima
1342 3709 1434 3768 meta
1451 3704 1510 3769 cir-

376 3807 534 3895 cumfusa,
561 3807 608 3874 ibi
624 3809 878 3876 conterminatur
901 3815 987 3876 terre
1005 3815 1092 3875 terra
1108 3807 1244 3893 Thadey
1260 3807 1420 3877 antedicti
1437 3829 1508 3877 rer-

374 3935 430 3983 sus
448 3915 666 4000 occidentem;
684 3914 803 3984 deinde
819 3916 923 3982 tendit
932 3937 991 4002 per
1007 3917 1096 3982 uiam
1112 3935 1265 4000 magnam
1276 3935 1333 4002 sep
1350 3927 1509 3985 vocatam

374 4023 473 4108 longo
489 4026 602 4110 spacio
617 4044 676 4110 per
692 4031 807 4108 metas,
834 4033 866 4092 et
881 4025 1029 4112 peruenit
1046 4024 1089 4090 ad
1106 4025 1201 4091 finem
1221 4027 1315 4091 vuius
1335 4028 1509 4095 monticuli

374 4130 514 4198 adduas
542 4137 664 4217 metas;
691 4131 767 4198 inde
784 4132 926 4200 declinat
941 4153 999 4218 per
1025 4152 1123 4199 unam
1142 4131 1227 4219 (tgy)
1254 4133 1371 4201 collem
1389 4155 1510 4202 versus

374 4235 418 4301 ad
434 4239 698 4324 septemtrionem
722 4259 781 4326 per
798 4247 902 4307 metas
918 4242 1004 4308 bona
1020 4241 1213 4324 quantitate,
1237 4247 1270 4307 et
1285 4245 1440 4326 pemenit
1465 4243 1510 4308 ad

375 4343 524 4411 arborem
551 4347 669 4429 cerasi,
695 4348 750 4414 vbi
766 4355 902 4414 uocatur
927 4349 1159 4433 gradinouech,
1185 4347 1233 4414 ibi
1256 4347 1343 4414 idem
1370 4350 1509 4418 Tadeos

375 4459 585 4519 commetatur
601 4475 714 4523 uersus
730 4455 949 4543 occidentem3
977 4459 1073 4524 abina
1089 4459 1261 4525 reuertitur
1276 4457 1320 4524 ad
1342 4459 1507 4527 orientem

374 4555 467 4623 uauiit
482 4577 540 4644 per
556 4567 671 4647 metas,
696 4571 728 4629 et
744 4566 893 4652 peruenit
909 4563 952 4632 ad
968 4567 1117 4635 arborem
1133 4565 1238 4652 ulmis,
1263 4565 1317 4634 vbi
1338 4576 1431 4636 meta
1448 4571 1509 4636 cir-
