3198 5160
638 330 788 432 ..-Q

137 548 203 614 que
221 528 378 614 magister
387 527 481 596 Ohak
499 535 574 596 sunt
589 528 624 594 in
640 524 780 593 seruicio
797 525 897 610 Regis
916 525 948 592 in
962 524 1130 616 Balgatia,
1148 525 1274 605 solacio

141 635 290 706 ciusdem
317 635 418 704 debiti
444 635 612 722 usquead
639 633 777 700 reditum
809 633 979 700 memorati
1003 639 1151 722 magistri
1177 641 1272 712 Ohak

140 746 183 813 de
199 743 360 830 Balgatia
376 743 572 812 differretur.
598 744 636 809 Iu
651 740 742 808 cuius
759 741 805 808 rei
826 741 1016 810 memoriam
1033 757 1200 831 presentes
1216 751 1272 819 dn·

140 853 250 922 ximus
265 851 393 938 litteras
409 849 644 920 concedendas.

249 997 350 1064 Riese
366 997 499 1084 eppleno-oo
515 997 631 1064 erosas
647 1019 658 1060 .·
681 995 744 1062 Pro
761 992 875 1060 relicta
891 993 949 1063 Osi
966 995 1050 1065 Beni
1073 1019 1173 1088 super
1187 999 1268 1071 duo·

139 1103 248 1172 decim
265 1105 385 1172 marcis
401 1111 514 1172 eontra
530 1106 660 1172 Petrum
677 1100 780 1169 titium
795 1101 919 1170 Vrkun.

139 1300 283 1366 (Eredstie
296 1299 471 1372 btirhirtyiu,
494 1300 606 1368 melyriil
618 1316 635 1354 a
646 1298 722 1354 initui
737 1296 870 1354 oidalvist
891 1298 942 1352 otia
960 1311 1083 1368 nyomott
1101 1304 1194 1373 poeste
1213 1306 1272 1361 mir

370 1386 498 1458 hitnynik
511 1405 528 1443 a
540 1393 655 1444 nemeti
667 1392 791 1442 Massam
806 1387 1047 1461 kenirsttirfiban.)

665 2085 744 2155 887.

139 2265 203 2331 IV.
219 2265 302 2333 Boia
317 2265 423 2354 kircily
438 2265 655 2356 Honepaznan
681 2270 907 2356 nmnzctscqbeli
922 2271 1031 2338 Boion
1056 2273 1210 2340 comeauek
1228 2299 1269 2340 as

140 2375 241 2461 anpja
251 2373 417 2462 iicle'yito'sc
433 2373 684 2442 temptaciones
698 2376 1000 2444 biotekdtonhcizeisdt
1009 2380 1272 2468 heiybmhapyja.

597 2483 692 2552 1260.
716 2483 816 2553 k'o'oitl.

251 2677 331 2746 Bela
347 2677 411 2746 Dei
437 2678 549 2764 gracia
571 2678 748 2765 Huugarie,
774 2676 955 2763 Dalmacic‚
983 2677 1129 2766 Oroacie,
1156 2679 1268 2760 Reme,

137 2787 267 2872 Seruis,
279 2786 427 2872 Gallicis,
438 2785 640 2872 Lodomerie,
652 2785 872 2870 (inmaniaque
881 2787 952 2854 Rex
965 2785 1114 2854 omnibus
1133 2803 1270 2874 presens

139 2895 304 2983 scriptum
319 2893 513 2982 inspecturis
522 2894 662 2962 salutem
678 2894 710 2961 iu
722 2893 861 2963 Domino
878 2895 1120 2982 sempiternam.
1141 2890 1194 2962 Ad
1204 2891 1271 2960 uni-

136 3021 312 3071 uersorum
322 3001 476 3070 noticiam
491 3008 604 3070 tenore
615 3000 819 3087 presencium
829 3001 979 3068 uolumus
989 3000 1169 3089 peruenire,
1183 2999 1271 3086 quod

138 3109 263 3178 Comes
278 3109 394 3176 Bukeu
412 3109 498 3177 filius
515 3109 648 3178 Comitis
664 3108 780 3178 Baken
796 3107 836 3176 de
856 3127 977 3195 genere
993 3107 1210 3196 Hnntpanan
1227 3107 1270 3176 ad

138 3225 289 3287 nostram
305 3217 465 3287 amedeus
480 3220 694 3305 presenciam,
712 3216 858 3285 exhibuit
874 3217 969 3286 nobis
984 3217 1194 3304 priuilegium
1209 3217 1270 3286 (ia-

137 3325 240 3415 pitnii
256 3324 475 3412 Posouieusis,
501 3332 533 3394 ct
547 3333 662 3412 petens
678 3344 698 3392 a
714 3325 808 3392 uobis
824 3345 896 3392 oum
922 3343 1054 3412 precum
1070 3344 1204 3394 suarum
1226 3325 1271 3393 iu-

138 3432 281 3521 staucijs
297 3431 461 3500 humiliter
485 3433 637 3520 copiosis,
665 3432 753 3517 quod
769 3453 828 3500 nos
851 3432 1047 3520 approbare,
1073 3430 1271 3520 easdemque

137 3540 306 3608 rectificare
321 3559 361 3606 ae
387 3545 496 3606 nostro
513 3539 723 3624 dignaremur
749 3539 925 3626 priuilegio
942 3538 1145 3609 confirmare.
1172 3541 1271 3609 Cuius

138 3647 274 3735 quidem
290 3657 382 3716 tenor
396 3647 472 3716 talis
488 3655 558 3716 est:

251 3754 438 3844 Capitulum
454 3755 601 3825 Ecclesie
617 3755 829 3826 Posouieusis
848 3757 909 3824 stb.
930 3753 1027 3844 (mint
1044 3753 1175 3824 ientebb
1191 3757 1268 3824 380.

137 3883 188 3932 sn.
207 3861 252 3952 a.)
352 3921 357 3926 .

251 3967 321 4038 Nos
335 3970 447 4056 itaque
471 3969 647 4039 fidelitates
663 3975 695 4037 et
711 3967 852 4037 seruicia
875 3967 1066 4038 fidelissima
1090 3967 1194 4056 ipsias
1210 3969 1269 4039 (io-

138 4078 231 4148 mitis
247 4077 365 4146 Baken
381 4077 638 4165 considerantes,
660 4077 750 4166 ipsas
766 4077 993 4148 ordinacioues
1009 4083 1042 4146 ct
1057 4079 1269 4166 composicio·

136 4206 211 4277 nes,
237 4207 276 4256 ac
302 4187 427 4258 litteras
453 4187 532 4256 dicti
559 4187 702 4276 Ospituii
727 4187 833 4255 eidem
858 4207 1042 4274 concessus,
1067 4189 1172 4256 iustas
1197 4207 1270 4255 esse

136 4295 366 4381 cognocimus,
392 4314 455 4362 non
472 4295 621 4383 abrasas,
646 4315 709 4364 non
726 4296 937 4378 cancellatas,
962 4296 1071 4364 necin
1088 4295 1201 4382 atique
1218 4295 1270 4362 sni

136 4413 235 4496 parte
253 4402 403 4488 cinicino,
430 4401 472 4470 de
488 4404 588 4473 uerbo
605 4402 649 4472 ad
665 4404 797 4472 uerbum
813 4403 933 4472 uostris
950 4403 1067 4472 litteris
1083 4402 1270 4492 priuilegia·

137 4511 226 4580 libus
253 4511 353 4578 inseri
379 4509 526 4596 fecimus,
552 4512 745 4580 auctoritate
768 4511 972 4598 presencium
987 4547 1270 4560 -----

136 4652 832 4672 ------------
850 4611 888 4686 Iu
905 4619 998 4688 cuius
1016 4619 1063 4686 rei
1079 4621 1269 4688 memoriam
