3102 5160
825 333 980 433 gao—

337 551 399 616 que
417 539 509 617 parte
525 528 628 618 ipsius
643 549 727 612 aque
744 536 819 596 suut
831 529 894 595 due
910 535 994 596 mete
1011 537 1126 614 terrea,
1143 536 1174 594 et
1191 529 1254 596 due
1264 529 1355 596 ilices
1372 547 1478 595 cruce

336 641 466 722 signate
481 664 488 724 ;
507 640 595 704 dicta
610 657 687 703 uero
700 635 847 723 Cbernyz
864 643 1009 724 tempore
1025 636 1161 723 pluuiali
1172 643 1222 703 est
1238 655 1371 720 aquosa,
1390 642 1478 704 teur-

336 766 416 833 pore
432 747 535 813 estiuo
551 746 729 832 inaquosa,
757 753 789 812 et
803 746 879 812 iude
906 765 962 832 per
978 745 1098 812 uallem
1116 745 1264 830 Chernyz
1289 746 1381 812 uadit
1410 769 1475 833 per

336 856 467 938 longum
483 854 525 920 ad
542 863 661 936 metam
676 861 826 940 terream,
853 855 1029 940 exiensque
1047 853 1088 920 de
1107 854 1181 939 ipsa
1198 855 1287 921 uallo
1312 854 1410 920 uadit
1427 856 1475 920 ad

335 963 443 1028 ilicem
469 980 562 1030 cruce
588 961 769 1050 signatam,
796 971 829 1030 et
853 963 897 1028 ad
921 963 1021 1029 aliam
1047 963 1196 1028 arborem
1229 983 1323 1029 cruce
1356 963 1475 1047 sigua·

335 1077 412 1156 tam,
429 1091 491 1154 quc
506 1072 605 1156 uulgo
623 1077 757 1160 perchara
781 1073 919 1158 dicitur,
947 1081 978 1139 et
1004 1072 1079 1138 inde
1105 1093 1280 1160 parumper
1296 1073 1390 1140 uadit
1409 1093 1474 1159 per

336 1179 473 1266 aridam,
499 1185 531 1245 et
547 1179 635 1246 cadit
650 1179 683 1245 in
708 1181 922 1266 Plytricham,
949 1185 981 1246 et
1003 1180 1048 1248 ibi
1075 1186 1123 1248 est
1148 1181 1244 1247 arbor
1269 1206 1344 1269 epar
1368 1201 1474 1248 eruce

336 1287 477 1372 signata,
505 1294 538 1353 et
554 1295 641 1356 meta
657 1295 782 1374 terrea3
809 1290 843 1354 iu
859 1289 932 1374 ipsa
948 1295 1036 1354 meta
1052 1297 1102 1356 est
1118 1289 1184 1356 ilex
1202 1309 1295 1355 eruce
1321 1290 1473 1374 signata,

336 1403 367 1461 et
383 1397 480 1464 arbor
495 1411 604 1483 pcrtaa
620 1417 714 1464 cruce
731 1398 881 1481 signata3
910 1405 942 1464 et
957 1397 1004 1463 ibi
1019 1398 1209 1466 terminatur
1225 1407 1314 1473 meta
1329 1398 1474 1464 Martini

336 1513 369 1572 et
385 1503 519 1572 Comitis
535 1505 715 1590 Michaelis,
732 1506 780 1572 ita
795 1505 883 1589 quod
902 1523 1013 1573 uersus
1030 1505 1188 1572 orientem
1215 1513 1266 1572 est
1281 1513 1368 1574 terra
1383 1508 1474 1574 Mar·

334 1611 403 1696 tini,
428 1632 539 1681 uersus
556 1614 756 1682 occidentem
772 1621 861 1681 terra
880 1613 1014 1680 Comitis
1030 1614 1219 1699 Michaelis;
1245 1621 1278 1680 et
1292 1614 1334 1681 rle
1349 1615 1476 1682 ultima

334 1727 421 1789 meta
437 1722 529 1788 uadit
547 1721 681 1790 inferius
706 1724 739 1788 in
766 1741 885 1805 aquam
902 1721 1047 1805 l'lytuiza
1076 1741 1135 1807 per
1160 1729 1279 1790 terram
1305 1723 1474 1808 sepedicti

334 1830 466 1896 Martini
485 1851 587 1914 usque
603 1838 733 1916 pontem
744 1831 889 1916 Vychen,
907 1840 939 1897 et
955 1830 1060 1899 dictus
1076 1851 1159 1918 pons
1176 1839 1226 1898 est
1236 1830 1269 1896 in
1279 1837 1366 1898 terra
1380 1833 1475 1899 Mar·

335 1938 395 2004 tini
410 1957 489 2021 sepe
508 1938 687 2022 memorati,
713 1948 746 2006 et
769 1939 818 2005 sic
843 1939 1043 2009 terminatur.
1072 1937 1232 2016 Quoniam
1257 1939 1357 2022 igitur
1380 1940 1471 2007 iuris

334 2052 588 2112 consentaneum
604 2065 676 2114 csse
691 2046 889 2133 perhibetur,
915 2053 951 2114 ut
966 2047 1125 2132 quidquid
1140 2047 1230 2132 juste
1245 2046 1354 2133 agitur
1371 2053 1406 2112 et
1420 2049 1472 2114 le-

336 2153 448 2237 gitime
464 2151 665 2239 terminatur,
693 2163 834 2239 nequeat
858 2176 917 2242 per
943 2163 1090 2241 posteros
1107 2156 1141 2222 in
1161 2155 1287 2222 irritum
1302 2160 1473 2244 reuocari,

335 2259 380 2328 ad
395 2259 590 2328 instanciam
616 2268 649 2328 et
666 2263 859 2350 peticionem
883 2264 1029 2350 parcium
1049 2267 1218 2348 presentes
1245 2263 1473 2333 concessimus

334 2369 460 2438 litteras
487 2370 589 2456 sigilli
604 2373 708 2440 nostri
734 2372 909 2440 munimine
924 2373 1104 2442 roboratas.
1130 2371 1224 2440 Anno
1241 2373 1374 2441 Domini
1394 2375 1473 2442 mil·

332 2480 446 2548 lcsimo
463 2478 685 2551 ducentesimo
695 2483 767 2550 ΧΠ
783 2483 931 2570 septimo.

335 2661 474 2726 (Erorletie
489 2659 653 2732 bllrhbrtybu
676 2663 805 2718 albmelt.
825 2666 871 2731 hg.
884 2660 1032 2732 Batthyini
1056 2662 1202 2716 osalbdnak
1221 2663 1361 2716 tornandi
1383 2665 1475 2717 level-

833 2751 967 2820 tarthan.)

765 2971 1022 2986 m

864 3421 940 3492 174.

332 3605 454 3669 Mortes
468 3615 575 3668 merra·
591 3605 707 3692 birrtlyi
716 3605 926 3691 flitalaokoalr
945 3605 1124 3669 iatczlcdcbc
1140 3605 1254 3670 reiro-rra
1279 3600 1376 3668 Mars
1391 3601 1472 3665 Aba

715 3715 764 3797 fio
779 3713 949 3778 Μελ-ὥρη.
966 3707 1062 3776 1247.

441 3890 602 3982 Quoniam
623 3891 834 3958 humauomm
852 3897 982 3958 actuum
999 3891 1116 3958 seriem
1133 3892 1263 3958 labente
1279 3897 1470 3976 temporum

331 4001 490 4069 curriculo
518 4000 693 4070 obliuiouis
709 4001 811 4068 nubes
829 4001 1007 4084 obnubilat,
1033 4001 1255 4067 necessarium
1271 4005 1321 4066 est
1343 4018 1469 4068 memo-

329 4109 413 4178 riam
437 4129 548 4177 eorum
573 4109 680 4176 uiuaci
698 4108 883 4178 testimonio
910 4110 1090 4176 litterarum
1119 4105 1357 4176 commendare.
1384 4107 1471 4176 Pro·

330 4216 404 4283 iude
429 4237 490 4285 nos
515 4216 690 4283 Mauricius
716 4216 874 4299 Magister
900 4213 1130 4301 Dapiierorum
1155 4213 1256 4297 Regis
1285 4219 1318 4280 et
1342 4213 1470 4282 Comes

331 4324 503 4390 Nitriensis
529 4323 573 4390 ad
589 4322 811 4392 ruiuersorum
836 4322 990 4390 noticiam
1015 4319 1220 4406 presencium
1244 4325 1472 4406 posterorum·

331 4449 393 4513 que
417 4431 567 4498 uolumus
584 4431 766 4516 peruenire,
796 4430 883 4515 quod
906 4449 978 4495 cum
994 4430 1125 4495 Marcus
1149 4428 1234 4496 filius
1251 4429 1326 4494 Aba
1349 4435 1469 4517 patruj

330 4538 433 4605 nostri
458 4540 682 4624 propinquiori
709 4539 1001 4625 consanguinitatis
1027 4537 1115 4604 linea
1140 4538 1234 4604 nobis
1261 4537 1411 4621 attineat,
1432 4549 1469 4607 et

329 4647 463 4733 insuper
482 4646 591 4732 sepius
617 4667 679 4713 sua
693 4649 834 4714 seruicia
860 4648 999 4715 honesta
1016 4653 1047 4714 et
1063 4646 1230 4714 fructuosa
1251 4645 1346 4714 nobis
1372 4647 1471 4714 exhi-
