3148 5156
629 811 710 878 309.

126 995 403 1080 Royoiosepolutoi
411 993 548 1058 drsdmelc
563 994 655 1060 dettds
668 993 807 1078 pe'nzbelr'
822 993 994 1058 kddccdnrdl
1009 992 1104 1058 ezdllo'
1113 991 1234 1057 kdtelez·

556 1107 658 1187 canpe.
683 1097 779 1164 1256.

214 1280 249 1344 In
267 1279 396 1345 nomine
414 1279 546 1345 Domini
562 1277 676 1344 Amen.
694 1278 765 1361 Ego
776 1277 1009 1360 RogeriusDei
1026 1276 1135 1358 gratia
1151 1276 1228 1362 Spa-

122 1386 525 1473 latensisArchiepisoopus
536 1386 691 1454 confiteor
707 1386 836 1473 perhoc
846 1385 1014 1470 scriptum,
1030 1385 1109 1468 quia
1117 1384 1228 1470 recepi

120 1515 138 1559 a
152 1501 178 1559 tc
200 1494 325 1562 Thema
339 1493 580 1561 Archidiacono
596 1495 783 1580 spalatensi
809 1493 983 1578 sexaginta
1006 1493 1112 1561 libras
1128 1493 1227 1560 dena·

117 1603 222 1670 riorum
238 1603 277 1669 de
293 1603 434 1690 pecunia
449 1602 572 1670 domini
588 1605 709 1688 Papae,
721 1598 784 1689 'pro
801 1601 917 1687 quibus
933 1600 1054 1668 tradidi
1073 1601 1133 1669 tibi
1149 1620 1227 1684 qua-

117 1717 180 1778 tuor
187 1731 263 1778 vasa
279 1718 438 1794 argentea
454 1731 513 1777 sex
529 1710 899 1798 marcasponderantia3
920 1709 967 1775 ita
983 1709 1069 1794 quod
1086 1709 1116 1774 si
1131 1727 1224 1794 prae·

116 1823 217 1883 taxata
231 1819 369 1902 pecunia
384 1823 478 1884 extra
493 1819 660 1886 civitatem
676 1815 837 1884 tradenda
852 1815 959 1900 tuerit,
976 1823 1010 1882 tu
1035 1815 1223 1900 assignabis

116 1925 216 1990 eadem
232 1945 313 1992 vasa
339 1924 382 1993 ad
398 1945 513 1992 manus
530 1923 642 1992 Grucii
667 1926 719 1991 vel
739 1925 875 1991 alicuius
900 1924 1076 1990 amicorum
1101 1943 1222 2010 eorum,

116 2037 143 2096 et
171 2032 300 2119 recipies
325 2034 496 2119 pecuniam
522 2039 745 2100 memoratam.
777 2031 811 2098 Si
837 2049 914 2098 vero
940 2051 1004 2098 non
1028 2030 1136 2112 fuerit,
1168 2031 1223 2114 qui

113 2141 229 2206 nomine
253 2160 326 2205 meo
352 2160 433 2207 vasa
448 2139 588 2208 redimat
613 2140 823 2226 supradicta;
848 2144 926 2204 tunc
950 2138 1075 2204 licitum
1100 2136 1161 2204 tibi
1181 2137 1223 2203 sit

112 2247 227 2314 tradere
251 2247 325 2334 ipsa
351 2248 501 2333 praecise
526 2271 583 2335 pro
609 2248 748 2334 pecunia
774 2244 974 2332 saepedicta,
1001 2229 1062 2310 nec
1077 2245 1220 2312 tenearis

112 2353 216 2420 exinde
232 2355 310 2420 mihi
327 2357 381 2421 vel
397 2355 496 2422 alicui
512 2355 648 2423 reddere
663 2357 834 2422 rationem.
853 2356 969 2419 Actum
985 2353 1019 2418 in
1034 2353 1220 2438 praesentia

110 2461 218 2528 domini
232 2461 377 2530 Prodani
403 2471 435 2530 et
450 2463 561 2530 fratris
581 2461 771 2546 sutorum,
798 2467 830 2526 et
853 2461 915 2526 mei
931 2461 967 2524 P.
986 2457 1063 2525 dicti
1078 2458 1217 2526 Romani

109 2568 212 2636 Clerici
228 2568 269 2638 de
286 2570 443 2656 Palianis‚
459 2571 513 2656 qui
530 2571 686 2656 seriptum
707 2589 866 2656 praesens
883 2567 1010 2654 scripsi.

202 2676 295 2745 Anno
320 2677 511 2744 Dominieac
535 2677 772 2744 Incamationis
797 2675 969 2742 millesimo
995 2672 1217 2742 ducentesimo

105 2785 364 2872 quinquagesimo
381 2793 472 2856 sexto
489 2787 670 2856 Indictione
685 2784 930 2871 quartadecima
946 2785 999 2851 die
1015 2783 1126 2868 quinto
1143 2803 1216 2850 exe·

105 2897 172 2958 unte
195 2892 373 2960 Februarii.
405 2894 577 2977 Regnantc
603 2891 732 2961 domino
758 2899 868 2958 nostro
894 2892 976 2958 Bela
1001 2892 1216 2960 Serenisrimo

102 2998 182 3084 Rege
193 2999 368 3084 Ungariae,
386 3006 533 3086 tempore
550 3001 672 3068 domini
683 2999 814 3084 Rogerii
825 2998 1217 3086 venerabidisArchiepis·

101 3105 167 3192 copi
183 3106 397 3192 Spatatensis,
414 3107 572 3193 Stephani
588 3107 730 3174 Illustris
747 3106 830 3172 Bani
847 3106 1052 3193 Solanoniae,
1079 3104 1214 3174 comitis

100 3212 499 3297 DuymiKasari,1t{iche
525 3215 635 3300 Madii,
666 3213 795 3281 Nicolai
821 3216 924 3282 Desse
949 3213 1113 3280 iudicum.
1145 3215 1214 3282 Nos

99 3321 332 3406 suprascriptus
342 3321 502 3406 Rogerius
512 3321 573 3388 Dei
591 3322 700 3407 gratia
710 3320 986 3407 Archiepiscopus
995 3322 1211 3408 Spalatcmis,

97 3447 149 3513 per
163 3429 224 3496 hoo
238 3447 395 3514 praesens
420 3429 667 3498 instrumentum
684 3433 872 3498 eonfitemur
889 3438 922 3497 et
946 3431 1084 3498 tacimus
1110 3431 1211 3497 mani·

94 3537 178 3622 teste,
207 3557 265 3604 nos
291 3536 453 3622 recepisse
479 3538 611 3604 anobis
636 3539 763 3604 Thema
787 3537 1027 3606 Archidiacono
1054 3545 1086 3606 et
1111 3538 1212 3605 fratre

94 3647 183 3712 desse
209 3644 250 3710 de
265 3643 388 3710 Ordine
407 3647 555 3710 Fratrum
581 3643 844 3713 Praedicatorum
871 3644 1058 3714 Conventus
1083 3645 1211 3731 Spalati

92 3753 215 3820 nomine
230 3753 399 3820 Ecclesiae
415 3755 581 3820 Romanae
607 3751 817 3820 demandato
838 3753 959 3821 domini
975 3756 1088 3840 Papae
1105 3753 1209 3819 trede-

92 3859 146 3928 cim
161 3860 264 3929 libras
281 3867 314 3926 et
329 3859 472 3944 quinque
487 3860 598 3930 soldos
614 3867 646 3928 ct
662 3860 804 3927 medium
822 3862 979 3930 bonorum
1002 3859 1209 3927 denariorum

92 3951 269 4050 passorum
286 3969 492 4053 Venetorum,
520 3987 602 4053 quos
619 3968 773 4036 denarios
790 3976 899 4036 mutuo
915 3989 975 4036 nos
992 3969 1114 4036 habere
1130 3965 1209 4033 dici·

91 4093 170 4160 nus3
200 4073 393 4140 renuncians
418 4075 504 4142 omni
530 4077 719 4162 exceptioni
739 4099 804 4146 non
829 4076 927 4144 datae
958 4080 990 4142 et
1016 4079 1208 4142 numeratae

91 4179 240 4265 pecuniae
257 4187 402 4266 tempore
419 4187 613 4249 contractus.
641 4183 693 4250 Ad
709 4185 915 4252 securitatem
931 4191 1039 4251 autem
1061 4189 1205 4249 vestram

90 4287 153 4355 huie
177 4289 393 4364 instrumento
418 4295 565 4358 nostrum
590 4289 735 4376 sigillum
752 4291 899 4380 pendens
915 4291 1050 4360 fecimus
1071 4291 1204 4377 apponi.

91 4397 198 4466 dotum
214 4397 248 4463 in
264 4417 396 4464 camera
419 4397 522 4483 ipsius
539 4396 662 4466 domini
677 4400 925 4487 Archiepiscopi
941 4399 974 4466 in
991 4400 1157 4485 presentia
1173 4406 1206 4466 et

90 4505 266 4573 testimonio
283 4505 414 4572 Nicolai
429 4506 605 4602 Pharensis
616 4507 782 4594 Episcopi,
798 4509 928 4577 Nicolai
943 4508 1075 4595 Duymi,
1085 4504 1204 4573 Marini
