3148 5156
637 872 714 939 340.

118 1050 136 1113 Ι
142 1047 174 1114 V.
191 1049 271 1114 Be'io
297 1051 399 1135 iuiriip
415 1075 434 1114 α
451 1049 590 1116 Dodicira
616 1058 673 1116 ndr
699 1053 765 1117 ruth
783 1055 941 1140 jobbcippu
967 1063 996 1118 ts
1012 1055 1138 1144 Hytynk
1162 1059 1241 1122 idai

114 1156 305 1222 Koziom‘clro
329 1163 406 1221 necti
422 1157 548 1222 director
564 1163 716 1244 trirqpazo'
736 1169 959 1246 pereppeeeepct
973 1163 1089 1250 lroppja
1104 1166 1236 1248 irrigabam.

605 1264 701 1330 1258.

231 1459 313 1526 Bela
336 1461 397 1527 Dei
423 1462 535 1546 gracia
555 1460 731 1545 Hungarie‚
756 1464 933 1547 Dalrnacie,
957 1465 1100 1550 croatie,
1127 1471 1235 1542 Ruina,

117 1567 238 1650 Seruis,
256 1568 401 1654 Gailicic,
415 1569 616 1652 Lodcmerie,
628 1567 847 1653 Cumanieque
860 1575 927 1638 iiex
939 1576 1086 1642 omnibus
1103 1597 1236 1662 presens

117 1675 270 1760 scriptum
287 1675 479 1762 inspecturis
496 1678 635 1743 salntem
652 1677 686 1742 in
704 1697 779 1745 vero
796 1680 940 1747 salutari.
960 1689 1093 1766 Sprectat
1109 1685 1151 1748 ad
1168 1684 1235 1752 ciii-

119 1783 197 1849 cium
216 1784 318 1868 Regie
334 1785 526 1871 Maiestatis,
543 1805 659 1853 causas
684 1786 828 1871 legitime
844 1791 1034 1857 terminatas
1054 1791 1234 1858 litterarum

119 1891 300 1957 testimonio
317 1891 479 1976 roborare,
506 1912 545 1958 ne
561 1911 716 1978 processu
732 1897 886 1982 temporis
908 1899 1039 1966 r'arirant
1055 1900 1087 1964 in
1104 1899 1236 1965 dubium

119 1999 275 2064 reuocari.
293 1998 434 2067 Proinde
450 2000 491 2066 ad
509 2001 732 2070 uniuersorum
748 2003 902 2071 noticiam
919 2007 1033 2072 harum
1049 2008 1134 2074 seric
1152 2009 1237 2074 rolu-

120 2127 186 2174 mus
203 2107 384 2194 peruenire,
410 2108 585 2192 quodcum
605 2109 765 2194 Georgius
791 2112 875 2177 iilius
900 2111 1064 2198 Maladyn,
1093 2117 1237 2198 ltcgdan,

119 2216 298 2299 Ponobncir,
315 2215 489 2284 Farcasins
504 2237 562 2302 pro
573 2217 715 2302 Wliriua,
734 2221 894 2303 Georgius
910 2221 996 2288 iiiios
1012 2225 1133 2308 Zeutnp
1150 2225 1237 2290 iuba
1347 2282 1349 2290 ,

120 2325 230 2408 pones
258 2323 363 2390 deutri
387 2323 429 2390 de
454 2325 613 2408 Dobicha,
645 2333 764 2394 terram
790 2325 987 2395 Contonieha
1010 2337 1193 2414 repeterent
1218 2353 1238 2395 a

120 2431 328 2517 Hytynkone,
355 2439 537 2500 asserentes
564 2430 700 2500 eandem
723 2434 824 2502 inisse
840 2433 945 2502 Caeni
966 2435 1006 2500 de
1023 2437 1180 2520 Dolicha,
1208 2443 1238 2500 et

121 2549 189 2626 post
215 2541 338 2607 obitum
354 2540 453 2626 Regis
470 2521 638 2607 colomani
655 2539 758 2607 felicis
775 2543 1013 2610 recordacionis
1040 2565 1096 2628 pcr
1117 2541 1237 2610 dictum

121 2647 249 2732 Hetynh
275 2661 485 2735 occupatam
512 2649 596 2716 idem
622 2650 755 2734 Hetynk
771 2669 812 2716 en
837 2649 976 2718 aduerso
1001 2649 1178 2737 respondit,
1203 2659 1237 2716 rt

120 2757 221 2840 ipsam
236 2763 356 2824 terram
367 2755 564 2824 Contonicha
580 2757 711 2824 viuente
726 2759 832 2825 adhuc
842 2760 931 2844 Rege
945 2759 1091 2846 predicto
1103 2759 1236 2846 pacifice

122 2884 219 2949 usqne
244 2863 288 2930 ad
314 2864 374 2932 hec
404 2873 550 2950 tempora
575 2865 784 2951 possedisset.
817 2866 971 2933 Volentes
998 2867 1095 2950 igitur
1127 2866 1236 2934 litibus

121 2973 210 3038 tinem
227 2971 402 3058 inponere;
419 2973 582 3058 predictis,
601 2969 743 3057 Georgio
764 2973 925 3059 videlicet,
952 2976 1118 3062 Bogdano,
1140 2977 1236 3043 Pouc-

122 3080 211 3165 buch,
238 3079 394 3147 Farcasio
418 3100 476 3167 pro
492 3079 636 3163 Wlkina,
662 3087 694 3146 et
710 3082 853 3165 Georgio
878 3083 1105 3167 iobagionibus
1131 3085 1236 3151 Castri

122 3187 284 3274 prenotati
299 3207 399 3273 super
414 3187 489 3272 ipsa
504 3193 592 3252 terra
607 3185 804 3256 Oontanicha
827 3209 934 3256 coram
952 3189 1100 3278 Capituio
1117 3193 1237 3276 Zagru-

123 3294 222 3362 bienni
248 3293 509 3360 adiudioauimus
525 3304 781 3380 sacramentnm,
808 3295 1002 3364 adnectente
1018 3317 1095 3365 vero
1118 3299 1171 3364 die
1186 3321 1236 3366 sa·

122 3403 274 3472 crementi
288 3403 458 3470 talisirrter
474 3408 584 3488 partes
600 3401 797 3488 composicio
813 3402 995 3488 interuenit,
1011 3413 1107 3492 prout
1118 3406 1238 3473 dictum

122 3513 302 3598 Capitulum
317 3511 411 3580 nobis
427 3512 461 3577 in
478 3512 546 3578 suis
562 3511 679 3578 litteris
695 3511 866 3598 intimauit,
886 3511 974 3598 qnod
989 3511 1096 3581 dictus
1112 3513 1237 3599 Hytink

122 3639 214 3688 unam
231 3627 358 3706 partem
383 3617 424 3686 de
439 3619 513 3705 ipsa
529 3627 616 3686 terra
632 3619 828 3688 Ooztonicha
853 3619 977 3686 dimisit
992 3620 1107 3688 Castro
1124 3641 1237 3688 memo-

123 3737 199 3814 rato,
215 3728 313 3795 cenis
324 3727 465 3812 rudique
476 3729 572 3795 metis
582 3728 776 3796 distinctam.
788 3729 886 3796 Cuius
896 3728 1003 3814 prima
1022 3737 1110 3796 meta
1126 3729 1237 3814 inc'pit

123 3836 159 3902 de
173 3837 273 3906 fluuio
290 3836 339 3904 Vn
356 3833 446 3922 apud
459 3843 579 3904 metam
594 3845 752 3922 terream3
774 3836 850 3902 inde
866 3855 924 3922 per
939 3835 1101 3921 quandum
1116 3837 1254 3902 vallem

123 3945 265 4030 procedit
280 3965 392 4012 versus
409 3945 714 4032 septemtrionalem,
732 3953 764 4010 et
774 3965 831 4031 per
847 3943 982 4011 eundem
993 3944 1111 4012 vallem
1127 3961 1237 4010 escen·

124 4053 168 4120 dit
181 4053 225 4122 ad
241 4053 450 4121 monticulum
465 4053 508 4119 ad
525 4057 643 4119 meum
654 4050 791 4120 terream
804 4077 812 4138 ς
829 4051 905 4118 inde
920 4052 1088 4120 descendit
1103 4071 1161 4139 per
1176 4073 1238 4118 me·

125 4173 171 4231 tas
195 4161 239 4230 ad
263 4161 397 4230 fluuium
419 4159 708 4249 Jeztrebnichicina,
733 4179 791 4247 per
816 4179 910 4245 quem
936 4160 1023 4226 uenit
1045 4160 1079 4226 in
1103 4160 1237 4230 flnninm

125 4271 227 4357 Tntja,
253 4277 286 4337 et
300 4289 361 4356 per
375 4268 507 4336 fluuium
523 4269 621 4336 Tutia
636 4267 773 4334 venitin
788 4265 920 4333 fluuium
936 4267 1087 4352 Polozka,
1110 4287 1167 4354 per
1181 4269 1238 4336 iiu-

33 4379 35 4474 i,
126 4381 208 4447 nium
235 4376 379 4448 Pclozka
404 4397 506 4462 usque
531 4377 574 4444 ad
598 4385 718 4444 terram
742 4377 891 4460 Abbatis,
917 4376 971 4442 vbi
987 4383 1074 4442 terra
1095 4377 1238 4444 Castris

34 4475 36 4570 i
125 4495 207 4554 terra
220 4487 415 4573 Hytinconis
442 4495 620 4574 separatur.
647 4486 715 4552 Nos
739 4485 840 4568 igitur
865 4471 1106 4552 ordinacionem
1130 4486 1237 4572 ipsam

35 4571 37 4643 i
126 4606 226 4666 ratam
242 4597 410 4680 habentes,
429 4617 468 4664 ue
484 4596 570 4663 idem
589 4596 729 4682 Hytiuco
746 4595 798 4662 uei
814 4594 916 4680 ipsius
933 4593 1068 4660 heredes
1083 4595 1238 4682 imposte

1020 4715 1077 4770 31*
