3148 5156
858 839 936 911 321.

328 1047 351 1110 I
354 1043 387 1110 V.
405 1041 485 1114 Belo
499 1044 602 1132 tirou
617 1043 717 1130 Hepm
733 1045 764 1109 da
781 1039 887 1129 Gdepd
895 1041 981 1127 ficit,
999 1064 1014 1105 a
1031 1066 1053 1108 a
1068 1038 1185 1106 Zela-i
1201 1037 1260 1104 udr
1287 1036 1355 1101 mdc
1376 1035 1468 1120 jobd-

542 1151 661 1241 dppait,
676 1151 793 1220 Karka
808 1149 990 1218 birtokddau
1005 1146 1191 1236 moperdsiti.
1209 1145 1307 1212 1257.

438 1347 520 1416 Bela
534 1349 596 1415 Dei
612 1346 724 1434 gracia
742 1346 922 1433 Hungaric,
937 1344 1121 1426 Dalmacie,
1147 1343 1315 1430 Orouacic,
1344 1343 1394 1408 Ra
1405 1359 1471 1442 me,

330 1455 455 1540 Seruio,
472 1455 621 1542 Gallicis,
637 1455 830 1523 Lodomerie
846 1453 1068 1539 Cumaniequc
1080 1453 1150 1522 Rex
1164 1451 1316 1520 omnibns
1332 1467 1468 1536 presen-

309 1563 380 1631 ¹tes
396 1564 524 1632 litteras
539 1563 734 1650 inspecturis
761 1562 899 1630 salutem
924 1564 959 1628 in
984 1561 1127 1630 omnium
1152 1559 1327 1629 saluatore.
1354 1556 1468 1624 Excel-

331 1672 441 1739 lenoia
464 1673 569 1757 Regia
595 1669 775 1755 inuigilans
800 1670 954 1756 remedijs
979 1668 1180 1754 singulorum
1205 1665 1290 1734 solat
1315 1665 1470 1734 alienata

331 1779 450 1848 iniuste
466 1781 500 1846 in
526 1785 646 1848 statum
672 1779 845 1864 pristinum
862 1796 1034 1863 reuocare3
1059 1775 1138 1860 quia
1162 1775 1246 1842 sicut
1271 1773 1392 1840 iustum
1419 1779 1474 1840 est

333 1893 464 1974 optenta
476 1889 622 1972 legitime
643 1887 855 1972 comfirmare,
878 1887 926 1954 sic
945 1880 1473 1951 estracioniconsonumatienata

333 1994 479 2063 indebite
495 1995 528 2060 in
543 2001 664 2064 statum
680 1994 826 2062 debitum
842 2014 1006 2063 reuocare.
1023 1989 1166 2061 Proinde
1180 1991 1224 2061 ad
1240 1991 1471 2058 uniuersorum

337 2103 490 2172 noticiam
515 2109 627 2171 tenore
651 2105 854 2191 presencium
879 2104 1029 2172 uolumus
1055 2099 1247 2190 peruenire,
1280 2097 1368 2186 quod
1394 2117 1472 2164 cum

335 2217 409 2296 post
425 2231 588 2280 recessum
603 2213 815 2281 ‘tartarorum
832 2233 890 2299 pro
906 2209 1098 2280 reuocandis
1115 2211 1239 2278 iuribus
1256 2209 1361 2276 (taetri
1375 2205 1471 2274 iudc-

334 2319 402 2386 bite
427 2319 581 2388 alienatis
606 2341 664 2410 per
687 2327 790 2390 totum
816 2323 962 2404 Regnum
988 2326 1133 2390 nostrum
1158 2318 1307 2386 diuersos
1342 2317 1475 2384 iudices

335 2427 546 2514 misissemus,
561 2429 644 2496 inter
658 2435 768 2497 cetera
782 2428 867 2497 tilios
882 2428 998 2516 Hoym,
1012 2437 1046 2496 et
1060 2428 1144 2494 filios
1169 2425 1296 2512 Cheyd‚
1321 2444 1361 2492 ac
1387 2425 1473 2490 alios

336 2541 515 2620 congnatos
531 2555 641 2605 eorum
658 2536 699 2604 de
714 2537 795 2604 uilla
810 2536 909 2604 Zelch
926 2536 966 2604 de
983 2536 1146 2606 comitatu
1157 2533 1425 2618 Zaladiensi,qni
1435 2553 1472 2599 se

336 2643 379 2712 de
394 2645 622 2728 iobagionibus
639 2645 748 2713 Castri
764 2645 970 2714 Zaladiensis
986 2645 1164 2712 translatos
1181 2664 1253 2712 esse
1278 2641 1473 2710 asserebant

337 2751 372 2817 in
388 2773 555 2822 numerum
571 2753 798 2840 seruiencium,
814 2753 847 2820 in
873 2753 1065 2838 iobagiones
1089 2753 1195 2822 Oastri
1221 2749 1372 2821 duximus
1396 2749 1471 2816 rcli·

340 2859 475 2946 gendos.
492 2859 556 2938 Qui
575 2861 667 2929 nobis
683 2860 887 2948 postmodnm
903 2861 1116 2947 suplicarunt,
1134 2859 1309 2945 quodcum
1325 2858 1391 2944 ipsi
1409 2877 1474 2922 non

337 2967 480 3035 habeant
496 2973 616 3064 terram
641 2969 862 3054 sufficientem,
886 2971 919 3036 in
945 2991 1011 3054 qua
1035 2969 1160 3056 possint
1186 2969 1304 3034 Castro
1329 2966 1474 3034 seruicia

338 3075 499 3160 exhibere,
523 3083 643 3144 terram
668 3077 810 3162 ipsorum
835 3078 1087 3162 hereditariam,
1112 3097 1209 3163 quarn
1234 3075 1358 3146 habent
1383 3077 1475 3144 iuxta

338 3184 462 3270 Karka,
479 3203 542 3267 qne
557 3186 689 3270 quidem
706 3187 819 3254 Castro
835 3194 912 3253 tunc
927 3187 1033 3255 fuerat
1058 3185 1237 3271 assignata,
1261 3204 1335 3250 cnm
1358 3204 1395 3251 se
1422 3205 1474 3269 ge·

339 3292 454 3358 rebant
468 3293 597 3359 nomine
612 3295 840 3376 seruiencium,
854 3297 902 3362 eis
917 3291 1052 3362 reddere
1068 3293 1289 3380 dignaremur.
1314 3293 1384 3359 Nos
1410 3293 1473 3377 igi-

338 3407 391 3464 tur
403 3395 547 3484 ipsorum
562 3401 716 3484 precibus
732 3400 888 3488 inclinati,
914 3399 1009 3470 Ohak
1035 3400 1190 3486 Magistro
1216 3398 1474 3468 'Panurnicorurn

340 3513 527 3575 nostrorum
544 3507 661 3574 Comiti
675 3509 876 3598 Zaludienai,
894 3517 925 3580 ct
935 3511 1102 3580 Feliciano
1112 3511 1282 3598 Proposito
1294 3511 1474 3598 bolonensi,

339 3613 586 3698 inquisitoribus
599 3637 657 3686 seu
674 3617 837 3686 iudicibus
846 3641 906 3707 per
921 3640 981 3688 nos
992 3617 1158 3708 deputatis
1175 3617 1324 3687 dedimus
1334 3621 1368 3686 in
1380 3641 1472 3688 man-

347 3721 444 3808 datis,
460 3723 546 3807 quod
562 3745 660 3810 super
675 3731 763 3794 terra
778 3725 920 3813 ipsorum
947 3727 1146 3796 hereditaria
1172 3711 1374 3811 induirerent
1399 3727 1475 3794 dili-

341 3831 477 3913 gencius
503 3833 681 3920 ueritatem,
707 3841 740 3902 et
762 3835 921 3920 inquisita
944 3837 1083 3905 ueritate
1107 3843 1227 3904 terram
1254 3835 1400 3920 ipsorum
1427 3834 1476 3900 eis

341 3935 516 4006 redderent
532 3940 664 4008 iusticia
679 3939 852 4012 medianto.
869 3943 973 4012 Iidem
989 3950 1098 4012 autem
1124 3943 1183 4030 filij
1211 3943 1328 4029 Heym,
1355 3947 1389 4008 et
1416 3941 1475 4026 titij

344 4045 468 4132 Oheyd,
494 4067 533 4114 ao
558 4049 700 4135 ipsorum
725 4055 867 4140 cognati,
892 4053 1019 4122 litteras
1036 4054 1195 4122 dictorum
1212 4053 1362 4137 Magistri
1381 4049 1477 4118 Cbak

342 4161 373 4222 et
389 4155 547 4223 Feliciani
564 4159 724 4244 Propositi
741 4161 801 4228 sub
817 4162 1033 4248 pendentibus
1049 4163 1171 4249 sigillis
1186 4181 1287 4250 super
1302 4167 1391 4228 terra
1416 4177 1476 4226 sua

342 4263 551 4354 hereditaria,
577 4286 641 4350 qne
666 4274 715 4335 est
738 4288 797 4354 per
823 4269 966 4356 prefatos
990 4271 1184 4356 Magistrum
1210 4275 1244 4337 et
1270 4267 1476 4354 Propositum

343 4397 384 4444 ex
398 4383 509 4443 nostro
525 4375 680 4444 mandato
696 4379 855 4462 restituta,
880 4379 1044 4448 consectas
1068 4380 1164 4448 nobis
1189 4373 1397 4464 postmodum
1423 4375 1477 4442 de-

343 4482 493 4568 tulerunt,
508 4484 718 4572 suplicantes,
734 4493 770 4554 ut
785 4486 919 4554 easdem
934 4494 1046 4556 nostro
1062 4488 1272 4574 dignaremur
1298 4485 1476 4572 priuilegio

344 4587 543 4654 confirmare.
559 4591 702 4668 Quarum
718 4591 850 4675 quidem
866 4599 958 4661 tenor
974 4597 1048 4664 tatis
1066 4603 1134 4664 est:
