3134 5158
846 831 923 900 220.

319 1009 350 1075 Α
367 1013 505 1078 csotddra‘
519 1015 703 1080 minuentem
712 1015 980 1100 bizoapadpleuala
995 1017 1077 1101 kopp
1090 1015 1217 1080 Farlcoo
1226 1017 1353 1102 Milcp-r'
1368 1017 1453 1081 lolna

458 1124 557 1187 ottoni
572 1122 704 1190 bicolor
718 1122 898 1188 robondook
914 1122 1060 1189 Bethania
1077 1124 1189 1190 clodto.
1210 1123 1308 1189 1250.

427 1317 497 1386 Nos
514 1317 700 1388 conuentus
717 1317 864 1384 Ecclesie
881 1317 993 1385 Sancti
1010 1317 1099 1385 Petri
1127 1318 1168 1385 de
1184 1317 1308 1405 (lythar
1327 1317 1452 1403 signifi-

320 1444 433 1494 camus
450 1427 598 1495 omnibus
615 1425 820 1513 presencium
835 1425 993 1494 noticiam
1009 1424 1181 1512 habituris,
1209 1425 1295 1512 quod
1312 1427 1455 1494 accessit

320 1533 362 1598 ad
379 1540 524 1601 nostram
549 1535 754 1622 presenciam
771 1532 854 1602 Both
880 1533 922 1600 de
937 1532 1018 1600 villa
1036 1532 1145 1618 lissay,
1170 1542 1203 1601 et
1219 1552 1291 1600 curn
1319 1554 1358 1603 eo
1375 1533 1456 1600 Far-

319 1637 427 1708 casins
439 1639 523 1708 dixit
540 1661 649 1708 coram
665 1639 769 1723 nobis,
786 1638 873 1723 quod
883 1638 1087 1706 uendidisset
1098 1638 1228 1708 vineam
1244 1660 1337 1707 suam
1354 1659 1456 1727 super

320 1757 439 1816 terram
466 1748 613 1818 eiusdem
638 1749 716 1816 ville
743 1746 956 1834 adiacentem,
983 1755 1015 1814 et
1040 1754 1170 1834 partem
1195 1767 1286 1816 snam
1307 1748 1348 1815 dc
1366 1749 1457 1816 silua

322 1854 460 1942 Kaluov,
491 1875 587 1941 quam
613 1856 686 1943 ipse
710 1857 780 1924 inre
806 1855 958 1942 empticio
987 1855 1190 1944 possidebat,
1219 1855 1367 1943 Bothony
1395 1877 1455 1944 pro

321 1962 408 2031 iusto
434 1964 543 2049 precio
559 1965 592 2031 in
617 1969 809 2052 perpetuum
835 1963 1060 2051 possidendas.
1088 1965 1130 2030 Et
1146 1984 1187 2032 ne
1212 1963 1332 2048 aliquis
1351 1984 1455 2052 super

321 2071 383 2136 boc
399 2070 577 2154 aliquando
594 2079 705 2158 posset
721 2071 865 2154 aliquam
884 2071 1175 2139 contradiocionam
1193 2070 1314 2158 lacere,
1336 2071 1380 2138 ad
1399 2089 1454 2160 pe-

322 2177 473 2246 ticionem
499 2179 656 2266 sepedicti
672 2179 825 2264 Farkasij
845 2187 877 2246 et
903 2179 1049 2246 ciusdem
1065 2180 1149 2247 Both
1176 2179 1369 2247 contulimus
1390 2201 1454 2266 pro

320 2286 507 2358 testimonio
525 2288 585 2356 has
602 2295 734 2356 nostras
752 2287 877 2355 litteras
893 2287 993 2373 sigilli
1018 2288 1121 2356 nostri
1139 2289 1356 2375 impressione
1374 2290 1454 2356 insi-

320 2395 439 2482 gnitas.
465 2398 560 2466 Anno
588 2398 698 2484 gracie
715 2397 894 2464 M⁰GG⁰L⁰.
921 2395 1050 2464 Abbate
1067 2396 1191 2481 Blasio,
1215 2399 1351 2464 Decano
1367 2396 1453 2466 Leo-

320 2503 433 2591 nardo,
450 2505 559 2575 Primo
577 2505 723 2574 Sacrista
743 2504 969 2574 existentibus.

374 2701 510 2765 (Erodstie
521 2701 693 2773 bdrlrdrtydn,
705 2702 930 2772 hu'trtyazsinegon
941 2706 1026 2772 lilggli
1037 2701 1128 2771 pacsdt
1139 2703 1208 2756 alatt
1218 2719 1234 2754 a
1246 2703 1328 2754 budai
1342 2701 1395 2753 kir.

723 2791 1045 2859 kamarailevbltbrban.)

752 3080 1016 3090 *ὑ*-

844 3559 920 3628 221.

475 3741 635 3807 Bdkelcc'r‘le'a
654 3741 684 3807 T
682 3764 740 3805 rau
758 3748 787 3806 e'a
804 3741 947 3806 Sedenico
963 3716 1093 3808 vduoaolc
1107 3743 1182 3807 ko'zl.
1199 3739 1296 3806 1250.

432 3942 470 4006 ln
486 3937 765 4008 nomiueDomini
782 3939 896 4004 Amen.
917 3936 1077 4015 Quoniam
1093 3933 1214 4003 iustum
1234 3944 1267 4004 et
1281 3946 1462 4007 consenta-

323 4068 420 4116 neum
436 4047 565 4131 rationi,
591 4046 678 4132 quod
694 4047 777 4112 inter
793 4043 998 4113 Christianos
1017 4063 1129 4112 omnes
1145 4043 1237 4131 pacis
1252 4045 1369 4114 federa
1385 4067 1463 4114 ser-

322 4165 447 4241 uenlnr,
465 4163 497 4224 et
512 4155 656 4224 maxime
671 4154 755 4221 inter
770 4153 959 4221 conuicinas
970 4151 1131 4236 ciuitates,
1148 4171 1285 4238 quarum
1301 4153 1462 4226 homines

322 4263 548 4333 necessitatem
564 4263 708 4331 habeant
724 4262 863 4330 diuersis
879 4260 921 4329 de
937 4261 1047 4330 causis
1064 4259 1105 4329 de
1121 4281 1186 4330 vna
1202 4259 1362 4329 adoliam
1378 4283 1461 4349 pro-

322 4389 456 4457 pcr·are;
473 4393 545 4440 curn
563 4379 595 4438 et
611 4372 693 4440 illud
709 4373 884 4457 contingat,
903 4371 991 4458 quod
1007 4371 1040 4438 in
1057 4369 1282 4456 questionibus
1299 4378 1333 4438 et
1347 4369 1463 4440 disor-

323 4478 388 4562 dijs
414 4479 578 4565 patiantur
604 4479 749 4548 homines
773 4481 895 4548 damna
920 4481 1063 4568 plurima
1085 4487 1118 4548 et
1144 4479 1293 4548 aduersa.
1324 4479 1464 4553 Idcirco

330 4603 391 4654 noa
407 4581 490 4650 vido
500 4585 728 4671 Traguriensis
738 4589 888 4657 Potestas
905 4595 937 4656 et
946 4588 1066 4658 Daniel
1081 4587 1310 4660 Sebenicensis
1321 4587 1465 4680 Comes,
