3134 5158
587 311 747 422 Q

208 511 281 602 Ego
296 513 444 583 loannes
458 514 572 583 Sancti
589 515 720 584 Nicolai
736 513 770 582 in
785 514 870 582 Arce
887 511 1039 584 'lirlllana
1056 513 1226 584 Direonus

107 619 300 690 Oardinalis.
1126 703 1129 708 Ι

207 731 280 816 Ego
297 730 468 798 villelmus
483 728 596 798 Sancti
613 728 780 798 Eustachii
795 731 961 798 Diaconos
983 728 1178 798 cardinalis.

208 839 280 926 ligo
298 837 479 908 Ottobouus
495 838 609 906 Sancti
624 836 762 904 Adriani
777 836 944 906 Diaconus
963 835 1158 906 cardinalis.

106 946 223 1014 Datum
239 945 392 1034 Anagnia
408 965 468 1034 per
484 965 616 1012 manum
632 943 798 1014 Guillelmi
813 981 857 994 -
870 981 914 994 -
923 983 967 995 -
981 981 1025 994 -
1039 942 1226 1012 Parmensis

105 1057 201 1124 Sacro
216 1059 363 1125 Romane
375 1055 523 1123 Ecclesie
532 1053 822 1123 vice-cancellarii
833 1057 891 1125 XI.
903 1054 1067 1123 kalendas
1076 1054 1226 1141 Augusti,

105 1162 293 1231 Indictionis
308 1165 395 1250 x11,
419 1163 661 1232 incarnationis
678 1163 849 1231 Dominice
865 1183 951 1230 enno
969 1161 1090 1231 M⁰GO⁰
1100 1162 1138 1226 L·
1148 1160 1227 1228 11110.

105 1272 314 1341 Pontificatus
330 1293 408 1342 vero
424 1273 555 1341 Domini
580 1272 762 1342 Innocentli
783 1273 895 1359 Papae
921 1272 976 1338 1v.
1001 1291 1085 1342 anno
1109 1269 1227 1338 duode·

104 1400 196 1447 mmo.

334 1524 460 1592 (Parlati,
474 1527 613 1594 Illyricum
626 1523 739 1583 Sacrum
754 1527 799 1578 IV.
813 1527 869 1577 ket.
891 1524 949 1579 loe.
963 1526 993 1591 l.)

625 2274 703 2344 256.

105 2455 161 2521 W.
182 2456 270 2523 Iacer
283 2456 436 2544 pdpdnalt
459 2457 618 2537 condolete,
642 2458 723 2544 lucy-p
738 2481 776 2522 oz
795 2458 927 2544 apostoli
950 2457 1074 2524 rze'kmls
1096 2459 1226 2526 telense

103 2565 306 2653 mpdoppdaa
322 2562 425 2629 uellet
440 2589 460 2628 a
472 2567 575 2650 prtpai
590 2564 674 2629 kdoet
689 2588 727 2630 aa
743 2568 926 2651 eszterpamt'
948 2565 1058 2630 e'rseket
1072 2571 1104 2630 de
1117 2566 1225 2653 kdpto·

281 2675 350 2740 lant
364 2673 495 2761 oppleri
511 2673 686 2738 bintetdrccl
700 2696 737 2737 oe
752 2673 914 2758 sajtlrasao.
940 2673 1039 2740 1254.

205 2869 416 2938 Innocentius
432 2869 613 2954 Episcopus
639 2889 751 2938 seruus
778 2889 945 2938 semorum
961 2870 1024 2936 Dei
1043 2870 1224 2955 uenerabilj

105 2976 192 3045 fratri
207 3027 216 3043 .
235 3029 243 3044 .
261 3028 269 3044 .
287 2977 544 3065 Archiepiscopo
562 2983 594 3044 ct
610 2977 739 3044 dilectis
752 2976 830 3062 lilijs
841 2975 993 3063 Capitulo
1008 2977 1226 3062 strigoniensi

104 3087 237 3154 salutem
253 3086 522 3172 etripostolieam
537 3085 809 3154 benedictionem.
829 3085 1018 3170 Apostolice
1027 3085 1120 3153 Sedis
1135 3086 1224 3154 beni-

103 3197 208 3279 gnitas
233 3195 361 3262 sineere
385 3195 634 3280 obsequentium
661 3201 738 3260 uota
764 3190 908 3260 fidelium
935 3193 1049 3260 fanore
1074 3193 1225 3260 beniuolo

104 3301 254 3387 prosequi
267 3301 446 3387 consueuit,
464 3309 496 3368 et
512 3320 671 3387 personas
681 3301 820 3388 illorum,
837 3321 917 3386 quos
933 3301 966 3366 in
983 3320 1044 3367 sua
1053 3301 1226 3370 deuotione

104 3417 266 3498 promptos
282 3410 442 3478 inuenerit
456 3416 489 3478 et
505 3411 678 3495 feruentes,
692 3409 887 3494 quibusdam
904 3407 1037 3498 (titulis)
1058 3409 1226 3478 decentius

105 3515 269 3590 decorare.
295 3519 338 3586 Vt
353 3519 452 3604 igitur
476 3537 517 3586 ex
543 3518 680 3604 speciali
707 3516 889 3602 deuotione,
917 3537 1014 3602 quem
1040 3518 1084 3585 ed
1108 3539 1168 3588 nos
1193 3527 1226 3588 et

106 3626 284 3695 Romanam
299 3625 483 3694 Ecclesiam
509 3625 630 3692 habere
647 3625 829 3712 noscimini,
855 3625 1003 3694 sentiatis
1020 3627 1113 3694 uobis
1136 3627 1225 3694 iano·

106 3729 199 3822 (rem)
214 3732 439 3822 Apostolicum
465 3754 530 3802 non
546 3733 709 3802 modicum
724 3735 928 3820 acereuiese;
954 3735 1150 3802 anctoritate
1171 3755 1224 3802 uo

105 3839 151 3910 bis
165 3843 389 3930 praesentium
412 3841 631 3928 indulgemus,
658 3847 693 3908 ut
709 3841 817 3908 nullus
834 3841 1027 3928 Delegatus,
1048 3838 1132 3930 (uel)
1146 3842 1224 3910 Sub·

105 3946 280 4036 delegatus,
291 3951 465 4036 Executor,
482 3957 539 4016 aut
555 3950 654 4016 etiam
666 3947 894 4035 Conseruator,
916 3949 1110 4018 auctoritate
1126 3949 1220 4018 Sedis

104 4057 299 4144 spostolice,
327 4059 379 4125 uel
394 4057 593 4146 Legatorum
618 4057 723 4145 ipsius
738 4057 771 4122 in
797 4077 867 4142 uos,
894 4056 946 4124 uel
963 4057 1144 4126 Ecclesiam
1170 4077 1224 4126 uc-

106 4171 199 4236 rtram
215 4166 572 4254 excommunicationis,
588 4167 821 4254 suspensionis,
848 4165 902 4234 uel
917 4162 1081 4232 interdicti
1097 4171 1223 4234 senten-

104 4273 160 4344 itas
186 4277 416 4364 promulgare,
446 4283 504 4341 aut
527 4275 722 4342 interdicere
746 4273 840 4344 uobis
866 4275 1050 4360 ingressum
1075 4273 1224 4342 Ecclesia

107 4379 253 4473 (ua)leat,
280 4383 405 4468 absque
430 4381 568 4468 speciali
592 4379 747 4450 mandato
771 4381 864 4450 Sedis
889 4381 1055 4466 eiusdem,
1081 4381 1223 4450 iaciente

106 4489 230 4573 plenam
253 4498 287 4559 ct
303 4509 492 4578 expressam
517 4488 559 4556 de
582 4490 644 4558 hae
668 4487 873 4576 indulgentia
898 4487 1103 4561 mentionem.
1131 4487 1222 4559 Nulli

106 4613 176 4686 ergo
191 4597 320 4670 omnino
336 4595 501 4668 hominum
516 4593 616 4666 liceat
631 4595 716 4668 hauc
733 4595 891 4684 paginam
906 4604 1017 4667 nostre
1040 4598 1222 4670 concessio·
