3148 5156
574 170 730 277 --Q

111 367 495 456 octarisPnrificacionis
519 374 619 439 Beate
645 372 791 457 Virginis
822 394 907 440 anno
933 375 1064 442 Domini
1094 379 1136 443 ll.
1154 378 1215 446 GC.

109 478 359 564 qumquagesimo
374 479 502 564 quinto.

108 658 226 720 (Eredctic
237 657 414 727 bdrhdrtydn,
427 676 443 713 a
457 661 542 728 seggo
550 659 672 729 pecsdtje
681 659 738 715 mir
752 663 888 725 siccaneis
899 677 915 714 s
927 663 1055 717 Mesaldni
1067 666 1214 720 lrdrbirtos·

107 753 145 814 dg
154 750 331 805 lereltdrdban
342 753 397 806 Vas
408 749 607 820 virmegydbcn
619 772 626 817 3
639 753 746 808 kdzitlte
757 755 824 808 Tak.
835 755 921 822 Ajlras
931 751 1031 824 lidroly
1042 757 1148 824 tlgyudd
1161 755 1213 824 uir.)

609 1507 686 1576 285.

101 1686 141 1750 ric
155 1689 331 1772 eszterpomc'
344 1685 559 1773 kdptalonnelc
574 1689 841 1774 dizonpaciplecelc‚
865 1689 944 1776 dcpy
960 1687 1047 1775 (iope
1069 1688 1211 1756 Peuces

96 1794 134 1874 ¹ric
148 1799 175 1857 ἐι
192 1794 309 1861 dezld
325 1794 535 1878 Adorjdonolc
550 1796 602 1879 fla
617 1795 733 1861 Sarom
756 1795 955 1862 dirtolcudoak
973 1803 1067 1862 re'ssdt
1085 1798 1210 1864 ΙΛιΙιάιι

384 1901 643 1987 chardfic'oalc
657 1903 790 1970 eladtdlr.
810 1902 908 1969 1255.

194 2097 361 2184 Philippus
376 2095 567 2184 Propositus
595 2105 628 2166 et
644 2098 830 2185 Capitulum
845 2097 1080 2186 Strigouiensis
1099 2101 1207 2170 Eccle-

37 2247 39 2260 .
102 2204 142 2269 sic
155 2206 299 2273 omnibus
320 2203 442 2274 Christi
465 2207 613 2276 fidelibus
637 2209 842 2295 presencium
866 2209 1020 2278 noticiam
1047 2210 1208 2280 habituris

101 2311 222 2382 salntem
247 2314 281 2379 in
297 2315 438 2382 Domino
463 2316 543 2384 Jesu
569 2314 710 2386 Christo.
735 2317 787 2384 Ad
806 2318 1029 2385 vninersorum
1053 2317 1207 2384 noticiam

102 2416 200 2488 iarum
214 2421 301 2488 serie
315 2421 464 2488 volumus
480 2422 663 2508 peruenire,
683 2422 771 2506 quod
787 2422 969 2490 constitutis
987 2423 1021 2488 in
1037 2425 1207 2510 presencia

101 2533 197 2594 nostra
211 2527 426 2615 personaliter
438 2529 533 2614 Guge
548 2527 615 2598 tilio
626 2530 716 2598 Petri
733 2529 775 2597 de
783 2529 865 2598 uilla
874 2529 990 2614 Balan,
1007 2536 1040 2596 et
1050 2528 1207 2598 Ladizlao

100 2633 156 2701 ilio
171 2635 305 2704 Adriani
330 2635 430 2704 fratre
454 2655 515 2706 suo
539 2657 580 2704 cx
604 2645 789 2725 ansperto,
812 2638 904 2704 Luca
926 2635 991 2706 filio
1007 2637 1139 2722 Bagard
1164 2637 1206 2706 dc

99 2743 186 2810 Saros
200 2743 242 2811 ab
258 2743 382 2829 altera;
411 2741 489 2812 dicti
506 2745 601 2830 Gugo
617 2753 650 2814 et
665 2746 841 2814 Ladizlaus
857 2753 976 2813 terram
1001 2765 1096 2812 suam
1114 2745 1204 2814 here·

99 2849 233 2920 ditanam
250 2853 292 2920 ad
309 2871 368 2920 sex
395 2859 506 2920 aratra
520 2853 746 2942 sufficientem,
771 2873 869 2938 quam
884 2853 1051 2922 habebant
1068 2854 1102 2921 in
1118 2861 1206 2926 terra

98 2959 196 3046 Saros,
211 2980 283 3028 cum
309 2959 436 3028 dnobus
462 2959 658 3030 molendinis
673 2961 707 3027 in
723 2961 838 3030 cadem
864 2966 952 3028 terra
975 2960 1058 3046 sitis,
1084 2967 1204 3029 etcum

97 3066 197 3154 insula,
213 3087 345 3135 nemore
361 3071 393 3136 et
408 3067 515 3137 teneto
531 3069 576 3136 ad
591 3069 729 3137 eandem
744 3074 865 3135 terram
877 3067 1112 3154 pertinentibus
1128 3089 1203 3138 ven-

98 3172 232 3244 didcrunt
247 3176 375 3262 prelato
391 3177 480 3244 Luce
504 3185 537 3244 et
550 3177 697 3247 eiusdem
712 3176 886 3245 heredibus
902 3196 941 3244 ac
957 3175 1111 3244 heredum
1135 3197 1204 3244 suc·

98 3285 265 3352 sessoribus
280 3283 352 3351 iure
367 3291 526 3371 perpetuo
542 3283 776 3372 possidendam
786 3303 845 3370 pro
861 3282 1106 3367 quatuordecim
1122 3303 1204 3350 mor·

96 3390 282 3478 emergenti,
299 3410 383 3475 quas
399 3391 463 3477 ipsi
478 3389 573 3476 (iuge
589 3399 621 3458 et
637 3387 815 3458 Ladizlaus
834 3389 974 3458 confessi
1000 3398 1075 3459 sunt
1093 3391 1205 3478 plena·

97 3496 136 3564 rie
149 3499 305 3587 recepisse
322 3518 431 3567 coram
447 3498 562 3586 nobis;
588 3505 621 3566 ct
636 3497 865 3583 obligauerunt
890 3517 927 3566 sc
943 3495 1042 3565 iidem
1062 3500 1157 3584 (luge
1172 3506 1204 3565 et

96 3605 262 3694 Ladiulam,
289 3615 325 3676 ut
339 3607 447 3694 ipsum
463 3607 585 3673 Lucam
602 3611 635 3672 et
651 3603 798 3673 eiusdem
814 3624 1018 3693 successores
1043 3606 1086 3672 ab
1101 3605 1203 3674 omni-

98 3712 149 3780 lus
162 3716 287 3784 racione
298 3720 476 3782 memorate
491 3720 578 3784 terre
594 3714 748 3801 impetere
758 3733 816 3780 scu
826 3712 999 3780 molestare
1018 3709 1203 3780 uolentibus

97 3818 252 3892 defendere
267 3831 301 3890 et
316 3820 473 3909 expedire
498 3822 603 3891 modis
620 3821 770 3890 omnibus
784 3821 988 3888 tenebuntur.
1014 3819 1085 3886 Hoc
1100 3818 1202 3886 eciam

97 3930 216 4018 adiecto,
241 3933 330 4019 quod
345 3931 493 4020 prelatus
509 3934 603 3999 Luca
618 3931 723 4018 ipsam
749 3937 869 3998 terram
886 3927 967 3995 nulli
987 3927 1044 3995 alii
1061 3927 1203 3994 vendere

100 4039 142 4104 uel
155 4041 293 4128 obligare
308 4043 370 4110 sub
385 4040 480 4108 titulo
496 4039 644 4126 pignoris
660 4038 789 4126 poterit,
809 4037 874 4106 nisi
890 4037 984 4122 (iuge
999 4041 1033 4103 et
1047 4035 1202 4103 Ledizlao

104 4148 284 4236 supradictis,
311 4151 341 4217 si
361 4149 466 4234 ipsum
492 4149 615 4216 Lucem
640 4147 822 4215 necessitas
847 4151 978 4229 vrgeret
1001 4143 1053 4210 vel
1080 4141 1202 4210 utilitas

104 4251 254 4343 induceret,
272 4256 503 4326 scurolontas.
519 4256 562 4322 Vt
572 4254 672 4341 igitur
687 4255 781 4322 huius
792 4251 994 4322 vendicionis
1009 4271 1049 4318 ac
1064 4250 1203 4344 empcio-¹

105 4360 142 4428 nis
153 4366 248 4436 series
274 4365 369 4434 salua
386 4383 516 4451 semper
531 4371 563 4430 et
578 4363 772 4431 inconcusso
789 4366 986 4447 perseueret,
1012 4379 1074 4427 nec
1098 4359 1204 4446 possit

106 4468 244 4559 abaliquo
268 4474 435 4542 bominum
452 4472 665 4559 inposterum
682 4471 861 4554 retractari,
886 4465 929 4534 ad
946 4466 1142 4552 peticionem
1162 4469 1201 4536 (t.

108 4605 273 4651 cirrumuuse
306 4611 389 4649 ursr.
409 4611 480 4680 nuru.¹
503 4619 534 4628 -·
559 4599 590 4638 rr.
997 4587 1037 4644 26
