3112 5148
784 342 941 444 *ges-

301 548 444 617 ssrnicia
460 544 577 614 tamin
597 543 720 626 Regno,
737 559 835 625 quam
851 541 1114 624 exuaRegnvm,
1134 538 1277 605 maxime
1287 543 1440 624 tempora

301 653 542 746 persecucionis
565 649 706 716 barbue
720 647 870 717 nacionis
886 649 1099 716 'l'artarorum
1119 645 1320 734 inpartibus
1334 643 1440 712 mari·

301 766 392 832 timis
408 760 630 830 indesinenter
645 763 678 826 et
692 756 858 826 indefesse
876 755 1102 844 impendisset,
1122 754 1181 840 ita,
1197 761 1233 822 ut
1247 753 1343 822 titulo
1362 772 1441 842 pro·

302 870 415 938 bitatis
439 869 546 955 ipsius
573 883 683 935 coram
699 871 812 932 nostre
831 863 1016 932 Maiestatis
1033 861 1136 930 oculis
1163 860 1440 930 commendabilis

301 979 496 1062 haberetur3
513 995 584 1060 nos,
601 975 686 1042 sicut
702 973 850 1058 decebat,
869 973 984 1041 merita
1000 970 1147 1039 eiusdem
1157 969 1281 1038 eximia
1295 971 1439 1037 inremu-

302 1091 419 1154 nerata
433 1083 581 1152 nolentes
605 1079 814 1169 pertransire,
831 1077 908 1146 licet
924 1077 1040 1146 maiori
1063 1077 1373 1163 recompensacione
1389 1076 1440 1144 di·

304 1209 371 1274 gna
385 1189 579 1272 extitissent,
606 1193 727 1278 terram
743 1185 849 1252 Posse
863 1181 923 1270 filij
939 1183 1098 1252 Badisiov
1121 1181 1307 1270 iobagionis
1327 1181 1437 1252 Gasun'

303 1293 573 1378 Trinchiniensis,
599 1291 730 1360 nominc
745 1291 905 1377 Wychap,
922 1289 993 1358 siue
1012 1308 1200 1358 successore
1215 1290 1364 1376 legitimo
1381 1289 1438 1358 de·

303 1403 416 1488 iuncti,
443 1421 506 1489 que
521 1401 644 1489 pariter
668 1419 741 1468 cum
758 1401 834 1486 alijs
860 1407 1000 1485 quatuor
1015 1398 1105 1466 villis
1121 1398 1224 1486 ipsius
1251 1398 1295 1464 ad
1316 1419 1438 1468 manns

303 1517 433 1580 nostras
459 1508 635 1577 secundum
663 1507 882 1595 approbatam
906 1505 1013 1591 Regni
1038 1505 1141 1573 nostri
1166 1504 1437 1574 consuetudinem

303 1619 412 1684 iuerat
428 1616 593 1699 deuolute,
619 1613 767 1702 predicto
783 1612 872 1681 fideli
887 1619 1000 1680 nostro
1026 1611 1178 1680 duximus
1202 1611 1438 1681 conterendam

303 1732 371 1791 tam
387 1725 430 1790 ab
446 1722 530 1810 ipso,
557 1741 656 1807 quam
671 1741 731 1808 per
746 1721 854 1807 ipsum
881 1721 924 1788 ab
939 1719 1045 1806 ipsius
1065 1719 1240 1787 heredibus
1265 1719 1438 1787 heredum-

304 1849 367 1916 que
382 1830 627 1898 successoribus
641 1829 712 1896 iure
727 1835 887 1914 perpetuo
913 1826 1157 1913 possidendam,
1182 1833 1215 1894 et
1230 1827 1437 1913 perfidelem

303 1945 449 2006 nostrum
458 1936 689 2022 Bogomorinm
699 1933 859 2002 Comitem
868 1933 1151 2002 Trinchiniensem
1167 1933 1348 2001 eundemin
1358 1955 1438 2021 pos-

304 2043 486 2110 sessionem
510 2043 616 2129 ipsius
632 2049 719 2107 terre
743 2040 945 2126 corporalem
970 2039 1106 2108 iacimus
1131 2039 1304 2110 introduci.
1330 2041 1436 2111 Ouios

306 2155 394 2216 terre
418 2157 505 2216 mete
529 2155 563 2214 et
587 2147 820 2231 oommetanei,
851 2148 935 2214 sicut
959 2167 1017 2233 per
1041 2147 1179 2214 eundem
1203 2149 1437 2234 Bogomerium

304 2256 463 2324 Comitem
488 2255 661 2324 didicimus
689 2253 751 2322 hoc
777 2253 890 2320 ordine
916 2254 1145 2340 distinguntur.
1180 2256 1301 2343 Incipit
1324 2259 1438 2343 prima

303 2372 390 2433 meta
407 2363 449 2431 de
473 2363 571 2432 fluuio
588 2363 683 2447 Wag,
700 2361 794 2428 uadit
809 2362 853 2428 ad
876 2370 1030 2447 stagnum
1046 2363 1218 2448 Puruska;
1245 2371 1278 2431 et
1292 2365 1368 2431 inde
1383 2386 1437 2434 re-

303 2473 452 2558 flectitur,
470 2471 563 2541 uadit
573 2471 618 2538 ad
631 2468 794 2555 quendam
811 2475 962 2554 montem,
984 2477 1018 2538 et
1032 2467 1080 2534 ibi
1093 2477 1142 2536 est
1158 2478 1246 2536 meta
1261 2473 1322 2538 sub
1338 2474 1436 2558 piro,

303 2582 378 2648 hinc
394 2582 565 2668 egrediens
580 2578 730 2666 procedit
745 2598 804 2664 per
820 2578 937 2646 collem
952 2595 1055 2660 usque
1079 2577 1122 2644 ad
1138 2579 1311 2645 confinium
1326 2581 1437 2648 Mora-

303 2686 376 2770 uie;
403 2687 527 2753 atinde
544 2685 747 2752 descendens
772 2703 831 2771 per
851 2703 971 2768 aquam
989 2685 1128 2770 'Iuhyne
1144 2685 1236 2752 uadit
1260 2705 1362 2772 usque
1386 2687 1437 2754 ad

303 2793 416 2860 uillam
435 2791 592 2876 'Puhync3
617 2791 694 2858 hinc
719 2811 798 2859 vcro
822 2791 999 2858 reflectitur
1024 2791 1068 2858 ad
1093 2793 1245 2858 arbustae
1270 2793 1435 2877 quasdam

304 2898 486 2986 procedens
511 2918 571 2984 per
588 2917 748 2984 campum,
775 2897 868 2964 uadit
893 2898 938 2965 ad
953 2917 1107 2982 magnam
1131 2899 1230 2982 uiam,
1257 2905 1289 2965 et
1310 2899 1355 2967 ibi
1380 2912 1438 2968 est

304 3011 409 3090 mcta;
437 3010 469 3071 et
483 3003 561 3070 inde
577 3004 803 3072 denscendcns
828 3006 872 3072 ad
888 3005 1009 3072 dictum
1035 3005 1167 3072 fluuium
1183 3006 1270 3089 Wag
1286 3007 1371 3074 redit
1386 3009 1438 3074 ad

305 3118 424 3178 metam
449 3111 601 3198 priorem.
628 3111 852 3179 Commetanei
868 3119 975 3178 autem
1003 3118 1078 3178 sunt
1093 3113 1176 3180 Puth
1193 3112 1233 3179 de
1250 3113 1330 3182 uilia
1345 3115 1436 3182 Puth

303 3239 344 3284 ex
369 3237 436 3284 una
451 3226 554 3305 parte,
581 3225 615 3284 et
639 3239 679 3286 ex
697 3219 803 3286 altera
818 3219 1013 3286 Leustaoius
1029 3219 1126 3286 iilius.
1153 3219 1195 3286 Vt
1210 3219 1310 3304 igitur
1333 3221 1436 3290 huius

302 3331 413 3393 nostre
439 3325 629 3394 donacionis
655 3326 758 3394 series
774 3327 870 3393 sarlua
885 3347 1014 3414 semper
1041 3333 1073 3393 et
1089 3327 1284 3394 inconcussa
1303 3347 1436 3414 perma-

300 3441 387 3516 neat,
404 3453 464 3499 neo
479 3432 584 3518 possit
600 3433 643 3499 ab
660 3433 770 3517 aliquo
787 3453 941 3502 successu
957 3443 1137 3521 temporum
1154 3437 1335 3523 retractarj,
1359 3458 1438 3524 prc-

300 3545 409 3608 sentes
433 3533 653 3607 concessimus
681 3541 806 3608 litteras
823 3540 988 3628 dupplicis
1012 3541 1115 3628 sigilii
1131 3544 1235 3610 nostri
1251 3545 1436 3614 mimimine

303 3649 514 3735 perhenniter
530 3651 714 3721 roboratas.
731 3653 852 3719 Datum
868 3672 953 3721 anno
969 3651 1081 3738 gracie
1097 3653 1269 3723 millesimo
1280 3655 1438 3725 ducente-

299 3756 383 3823 simo
399 3755 650 3843 quadragesimo
666 3759 778 3844 tercio,
805 3778 890 3827 nono
906 3759 1067 3827 kalendas
1084 3760 1174 3846 Maij,
1195 3761 1300 3846 Regni
1319 3769 1436 3832 autern

297 3865 401 3933 nostri
417 3885 502 3934 anno
520 3872 646 3935 octavo.

294 4022 432 4088 (Bredatie
445 4024 618 4096 bdrhartydn,
637 4028 752 4094 melyrdi
764 4043 781 4080 c
793 4023 884 4094 kirtly
896 4029 986 4082 kettiis
1008 4026 1171 4096 pecsdtdnek
1185 4029 1314 4084 tdreddke
1333 4030 1433 4102 singa-

347 4113 500 4166 uiolasninii
513 4115 741 4182 selyemnsirrdrcn
754 4116 831 4185 t'itgg,
845 4131 862 4168 a
875 4117 959 4169 budai
972 4117 1023 4168 kir.
1037 4116 1162 4170 kamarsi
1174 4117 1366 4188 lauditirban.)
