<?xml version="1.0" encoding="UTF-8"?>
<!DOCTYPE html PUBLIC "-//W3C//DTD XHTML 1.0 Transitional//EN"
    "http://www.w3.org/TR/xhtml1/DTD/xhtml1-transitional.dtd">
<html xmlns="http://www.w3.org/1999/xhtml" xml:lang="en" lang="en">
 <head>
  <title>
</title>
<meta http-equiv="Content-Type" content="text/html;charset=utf-8" />
  <meta name='ocr-system' content='tesseract 3.04.00' />
  <meta name='ocr-capabilities' content='ocr_page ocr_carea ocr_par ocr_line ocrx_word'/>
</head>
<body>
  <div class='ocr_page' id='page_1' title='image "./codexdiplomatic15wenzgoog_0407.png"; bbox 0 0 3134 5158; ppageno 0'>
   <div class='ocr_carea' id='block_1_1' title="bbox 833 241 989 343">
    <p class='ocr_par' dir='ltr' id='par_1_1' title="bbox 833 241 989 343">
     <span class='ocr_line' id='line_1_1' title="bbox 833 241 989 343; baseline 0 -37"><span class='ocrx_word' id='word_1_1' title='bbox 833 241 989 343; x_wconf 39' lang='lat' dir='ltr'><strong>Luc*</strong></span> 
     </span>
    </p>
   </div>
   <div class='ocr_carea' id='block_1_2' title="bbox 349 405 1484 633">
    <p class='ocr_par' dir='ltr' id='par_1_2' title="bbox 349 405 1484 633">
     <span class='ocr_line' id='line_1_2' title="bbox 349 405 1484 528; baseline -0.008 -20"><span class='ocrx_word' id='word_1_2' title='bbox 349 441 436 528; x_wconf 92' lang='lat' dir='ltr'><strong>apud</strong></span> <span class='ocrx_word' id='word_1_3' title='bbox 452 437 601 508; x_wconf 76' lang='lat' dir='ltr'><strong>Castrum</strong></span> <span class='ocrx_word' id='word_1_4' title='bbox 617 439 771 506; x_wconf 81' lang='lat' dir='ltr'>Ferreum</span> <span class='ocrx_word' id='word_1_5' title='bbox 796 439 927 506; x_wconf 80' lang='lat' dir='ltr'><strong>infesto</strong></span> <span class='ocrx_word' id='word_1_6' title='bbox 944 437 1057 504; x_wconf 85' lang='lat' dir='ltr'><strong>Sancti</strong></span> <span class='ocrx_word' id='word_1_7' title='bbox 1073 405 1235 522; x_wconf 70' lang='lat' dir='ltr'><strong>nicoclis,</strong></span> <span class='ocrx_word' id='word_1_8' title='bbox 1259 455 1345 502; x_wconf 88' lang='lat' dir='ltr'><strong>anno</strong></span> <span class='ocrx_word' id='word_1_9' title='bbox 1364 434 1484 518; x_wconf 79' lang='lat' dir='ltr'><strong>gracie</strong></span> 
     </span>
     <span class='ocr_line' id='line_1_3' title="bbox 349 547 904 633; baseline -0.004 -19"><span class='ocrx_word' id='word_1_10' title='bbox 349 551 394 614; x_wconf 84' lang='grc' dir='ltr'><strong>Μο</strong></span> <span class='ocrx_word' id='word_1_11' title='bbox 406 549 472 615; x_wconf 77' lang='lat'><strong>00⁰</strong></span> <span class='ocrx_word' id='word_1_12' title='bbox 488 547 758 633; x_wconf 85' lang='lat' dir='ltr'><strong>quinquagesimo</strong></span> <span class='ocrx_word' id='word_1_13' title='bbox 777 554 904 631; x_wconf 89' lang='lat' dir='ltr'><strong>quarto.</strong></span> 
     </span>
    </p>
   </div>
   <div class='ocr_carea' id='block_1_3' title="bbox 433 723 1386 796">
    <p class='ocr_par' dir='ltr' id='par_1_3' title="bbox 433 723 1386 796">
     <span class='ocr_line' id='line_1_4' title="bbox 433 723 1386 796; baseline -0.006 -14"><span class='ocrx_word' id='word_1_14' title='bbox 433 729 482 795; x_wconf 78' lang='lat' dir='ltr'><strong>(Aa</strong></span> <span class='ocrx_word' id='word_1_15' title='bbox 496 730 599 783; x_wconf 86' lang='lat' dir='ltr'><strong>arodeti</strong></span> <span class='ocrx_word' id='word_1_16' title='bbox 612 727 679 782; x_wconf 67' lang='lat' dir='ltr'><strong>uttn</strong></span> <span class='ocrx_word' id='word_1_17' title='bbox 692 730 772 796; x_wconf 78' lang='lat' dir='ltr'><strong>Nagy</strong></span> <span class='ocrx_word' id='word_1_18' title='bbox 783 729 865 792; x_wconf 89' lang='lat' dir='ltr'><strong>Imre,</strong></span> <span class='ocrx_word' id='word_1_19' title='bbox 879 729 967 779; x_wconf 81' lang='lat' dir='ltr'><strong>llazai</strong></span> <span class='ocrx_word' id='word_1_20' title='bbox 981 723 1151 793; x_wconf 73' lang='lat' dir='ltr'><strong>Olrmdnytdr</strong></span> <span class='ocrx_word' id='word_1_21' title='bbox 1165 727 1212 780; x_wconf 90' lang='lat' dir='ltr'><strong>1v.</strong></span> <span class='ocrx_word' id='word_1_22' title='bbox 1226 727 1283 778; x_wconf 71' lang='lat' dir='ltr'><strong>ket.</strong></span> <span class='ocrx_word' id='word_1_23' title='bbox 1298 727 1341 777; x_wconf 71' lang='grc'><strong>36.</strong></span> <span class='ocrx_word' id='word_1_24' title='bbox 1356 724 1386 792; x_wconf 88' lang='grc'><strong>1.)</strong></span> 
     </span>
    </p>
   </div>
   <div class='ocr_carea' id='block_1_4' title="bbox 1001 1039 1003 1046">
    <p class='ocr_par' dir='ltr' id='par_1_4' title="bbox 1001 1039 1003 1046">
     <span class='ocr_line' id='line_1_5' title="bbox 1001 1039 1003 1046; baseline 0 0"><span class='ocrx_word' id='word_1_25' title='bbox 1001 1039 1003 1046; x_wconf 94' lang='grc'>.</span> 
     </span>
    </p>
   </div>
   <div class='ocr_carea' id='block_1_5' title="bbox 877 1444 954 1512">
    <p class='ocr_par' dir='ltr' id='par_1_5' title="bbox 877 1444 954 1512">
     <span class='ocr_line' id='line_1_6' title="bbox 877 1444 954 1512; baseline -0.013 -1"><span class='ocrx_word' id='word_1_26' title='bbox 877 1444 954 1512; x_wconf 78' lang='lat'><strong>259.</strong></span> 
     </span>
    </p>
   </div>
   <div class='ocr_carea' id='block_1_6' title="bbox 261 1624 1481 2039">
    <p class='ocr_par' dir='ltr' id='par_1_6' title="bbox 261 1624 1481 2039">
     <span class='ocr_line' id='line_1_7' title="bbox 350 1624 1480 1713; baseline -0.003 -18"><span class='ocrx_word' id='word_1_27' title='bbox 350 1631 469 1696; x_wconf 71' lang='lat' dir='ltr'><strong>Honrtk</strong></span> <span class='ocrx_word' id='word_1_28' title='bbox 485 1629 664 1713; x_wconf 71' lang='lat' dir='ltr'><strong>oraadpbr&#39;od</strong></span> <span class='ocrx_word' id='word_1_29' title='bbox 680 1633 709 1690; x_wconf 81' lang='lat' dir='ltr'><strong>e&#39;s</strong></span> <span class='ocrx_word' id='word_1_30' title='bbox 719 1627 998 1713; x_wconf 72' lang='lat' dir='ltr'><strong>aoneopyt&#39;fdiapdc</strong></span> <span class='ocrx_word' id='word_1_31' title='bbox 1013 1649 1034 1690; x_wconf 88' lang='grc' dir='ltr'><em>α</em></span> <span class='ocrx_word' id='word_1_32' title='bbox 1045 1624 1167 1690; x_wconf 85' lang='lat' dir='ltr'><strong>Bolrucs</strong></span> <span class='ocrx_word' id='word_1_33' title='bbox 1173 1625 1362 1707; x_wconf 59' lang='lat' dir='ltr'><strong>flammat,</strong></span> <span class='ocrx_word' id='word_1_34' title='bbox 1373 1625 1480 1708; x_wconf 67' lang='lat' dir='ltr'><strong>Meta,</strong></span> 
     </span>
     <span class='ocr_line' id='line_1_8' title="bbox 348 1733 1481 1814; baseline -0.003 -11"><span class='ocrx_word' id='word_1_35' title='bbox 348 1739 500 1803; x_wconf 80' lang='lat' dir='ltr'><strong>Jurueaiu</strong></span> <span class='ocrx_word' id='word_1_36' title='bbox 516 1742 546 1799; x_wconf 85' lang='lat' dir='ltr'><strong>e&#39;a</strong></span> <span class='ocrx_word' id='word_1_37' title='bbox 557 1736 723 1814; x_wconf 72' lang='lat' dir='ltr'><strong>Korousia,</strong></span> <span class='ocrx_word' id='word_1_38' title='bbox 739 1739 768 1796; x_wconf 83' lang='lat' dir='ltr'><strong>e&#39;s</strong></span> <span class='ocrx_word' id='word_1_39' title='bbox 783 1733 932 1798; x_wconf 82' lang='lat' dir='ltr'><strong>Solamen</strong></span> <span class='ocrx_word' id='word_1_40' title='bbox 939 1733 1005 1814; x_wconf 76' lang='lat' dir='ltr'><strong>fiai</strong></span> <span class='ocrx_word' id='word_1_41' title='bbox 1020 1733 1162 1796; x_wconf 78' lang='lat' dir='ltr'><strong><em>Demeter</em></strong></span> <span class='ocrx_word' id='word_1_42' title='bbox 1177 1737 1208 1796; x_wconf 83' lang='lat' dir='ltr'><strong>e&#39;a</strong></span> <span class='ocrx_word' id='word_1_43' title='bbox 1223 1736 1358 1798; x_wconf 73' lang='lat' dir='ltr'><strong>testvdret&#39;</strong></span> <span class='ocrx_word' id='word_1_44' title='bbox 1373 1734 1442 1799; x_wconf 64' lang='lat' dir='ltr'><strong>tort</strong></span> <span class='ocrx_word' id='word_1_45' title='bbox 1460 1761 1481 1800; x_wconf 86' lang='lat' dir='ltr'><strong>a</strong></span> 
     </span>
     <span class='ocr_line' id='line_1_9' title="bbox 261 1841 1479 1929; baseline -0.003 -18"><span class='ocrx_word' id='word_1_46' title='bbox 261 1897 267 1912; x_wconf 84' lang='lat'><em>,</em></span> <span class='ocrx_word' id='word_1_47' title='bbox 350 1844 433 1909; x_wconf 87' lang='lat' dir='ltr'><strong>Zalo</strong></span> <span class='ocrx_word' id='word_1_48' title='bbox 449 1843 566 1929; x_wconf 75' lang='lat' dir='ltr'><strong>folyda</strong></span> <span class='ocrx_word' id='word_1_49' title='bbox 582 1845 646 1906; x_wconf 84' lang='lat' dir='ltr'><strong>le&#39;ed</strong></span> <span class='ocrx_word' id='word_1_50' title='bbox 662 1843 803 1926; x_wconf 73' lang='lat' dir='ltr'><strong>bleonpoa</strong></span> <span class='ocrx_word' id='word_1_51' title='bbox 818 1843 934 1906; x_wconf 80' lang='lat' dir='ltr'><strong>rualem</strong></span> <span class='ocrx_word' id='word_1_52' title='bbox 949 1842 1112 1926; x_wconf 73' lang='lat' dir='ltr'><strong>jelerdaze</strong></span> <span class='ocrx_word' id='word_1_53' title='bbox 1127 1841 1321 1906; x_wconf 70' lang='lat' dir='ltr'><strong>interlector</strong></span> <span class='ocrx_word' id='word_1_54' title='bbox 1343 1851 1479 1927; x_wconf 66' lang='lat' dir='ltr'><strong>apparati·</strong></span> 
     </span>
     <span class='ocr_line' id='line_1_10' title="bbox 348 1949 1480 2039; baseline 0 -25"><span class='ocrx_word' id='word_1_55' title='bbox 348 1965 407 2039; x_wconf 71' lang='lat' dir='ltr'><strong>pet,</strong></span> <span class='ocrx_word' id='word_1_56' title='bbox 431 1953 510 2036; x_wconf 76' lang='lat' dir='ltr'><strong>nuely</strong></span> <span class='ocrx_word' id='word_1_57' title='bbox 525 1953 639 2015; x_wconf 82' lang='lat' dir='ltr'><strong>azeriut</strong></span> <span class='ocrx_word' id='word_1_58' title='bbox 655 1974 675 2013; x_wconf 88' lang='lat' dir='ltr'><strong>a</strong></span> <span class='ocrx_word' id='word_1_59' title='bbox 690 1950 823 2014; x_wconf 57' lang='lat' dir='ltr'><strong>ladasca</strong></span> <span class='ocrx_word' id='word_1_60' title='bbox 838 1950 1026 2034; x_wconf 82' lang='lat' dir='ltr'><strong>utalomfelc</strong></span> <span class='ocrx_word' id='word_1_61' title='bbox 1042 1973 1062 2012; x_wconf 89' lang='lat' dir='ltr'><strong>a</strong></span> <span class='ocrx_word' id='word_1_62' title='bbox 1077 1949 1173 2014; x_wconf 77' lang='lat' dir='ltr'><strong>lrozzd</strong></span> <span class='ocrx_word' id='word_1_63' title='bbox 1189 1955 1307 2013; x_wconf 80' lang='lat' dir='ltr'><strong>tortozd</strong></span> <span class='ocrx_word' id='word_1_64' title='bbox 1313 1949 1480 2032; x_wconf 69' lang='lat' dir='ltr'><strong>semeleter</strong></span> 
     </span>
    </p>
   </div>
   <div class='ocr_carea' id='block_1_7' title="bbox 350 2057 1480 2228">
    <p class='ocr_par' dir='ltr' id='par_1_7' title="bbox 350 2057 1480 2228">
     <span class='ocr_line' id='line_1_11' title="bbox 350 2057 1480 2144; baseline 0.001 -24"><span class='ocrx_word' id='word_1_65' title='bbox 350 2063 453 2144; x_wconf 64' lang='lat' dir='ltr'><strong>epydtt</strong></span> <span class='ocrx_word' id='word_1_66' title='bbox 468 2059 612 2122; x_wconf 76' lang='lat' dir='ltr'><strong>tocdbbra</strong></span> <span class='ocrx_word' id='word_1_67' title='bbox 635 2057 830 2120; x_wconf 79' lang='lat' dir='ltr'><strong>iaSulumon</strong></span> <span class='ocrx_word' id='word_1_68' title='bbox 846 2057 911 2140; x_wconf 78' lang='lat' dir='ltr'><strong>fiai</strong></span> <span class='ocrx_word' id='word_1_69' title='bbox 926 2057 1106 2121; x_wconf 74' lang='lat' dir='ltr'><strong>dirtoldbua</strong></span> <span class='ocrx_word' id='word_1_70' title='bbox 1129 2057 1267 2137; x_wconf 76' lang='lat' dir='ltr'><strong>neuradt,</strong></span> <span class='ocrx_word' id='word_1_71' title='bbox 1290 2063 1480 2142; x_wconf 75' lang='lat' dir='ltr'><strong>moqerliar&#39;ti.</strong></span> 
     </span>
     <span class='ocr_line' id='line_1_12' title="bbox 865 2163 963 2228; baseline 0 -2"><span class='ocrx_word' id='word_1_72' title='bbox 865 2163 963 2228; x_wconf 74' lang='lat'><strong><em>1254.</em></strong></span> 
     </span>
    </p>
   </div>
   <div class='ocr_carea' id='block_1_8' title="bbox 349 2341 1479 4382">
    <p class='ocr_par' dir='ltr' id='par_1_8' title="bbox 349 2341 1479 4382">
     <span class='ocr_line' id='line_1_13' title="bbox 458 2341 1477 2429; baseline 0 -19"><span class='ocrx_word' id='word_1_73' title='bbox 458 2344 526 2410; x_wconf 88' lang='lat' dir='ltr'><strong>Nos</strong></span> <span class='ocrx_word' id='word_1_74' title='bbox 542 2343 695 2410; x_wconf 88' lang='lat' dir='ltr'><strong>Herricus</strong></span> <span class='ocrx_word' id='word_1_75' title='bbox 710 2341 816 2410; x_wconf 86' lang='lat' dir='ltr'><strong>Judex</strong></span> <span class='ocrx_word' id='word_1_76' title='bbox 834 2343 931 2410; x_wconf 82' lang='lat' dir='ltr'><strong>Curia</strong></span> <span class='ocrx_word' id='word_1_77' title='bbox 945 2343 1048 2427; x_wconf 76' lang='lat' dir='ltr'><strong>Regia</strong></span> <span class='ocrx_word' id='word_1_78' title='bbox 1070 2349 1103 2409; x_wconf 88' lang='lat' dir='ltr'><strong>st</strong></span> <span class='ocrx_word' id='word_1_79' title='bbox 1119 2346 1235 2410; x_wconf 84' lang='lat' dir='ltr'><strong>Comes</strong></span> <span class='ocrx_word' id='word_1_80' title='bbox 1252 2343 1477 2429; x_wconf 83' lang='lat' dir='ltr'><strong>Symigiensis</strong></span> 
     </span>
     <span class='ocr_line' id='line_1_14' title="bbox 351 2449 1479 2537; baseline 0 -17"><span class='ocrx_word' id='word_1_81' title='bbox 351 2453 394 2520; x_wconf 93' lang='lat' dir='ltr'><strong>ad</strong></span> <span class='ocrx_word' id='word_1_82' title='bbox 410 2452 631 2518; x_wconf 81' lang='lat' dir='ltr'><strong>uniuersorum</strong></span> <span class='ocrx_word' id='word_1_83' title='bbox 649 2451 803 2517; x_wconf 78' lang='lat' dir='ltr'><strong>noticiam</strong></span> <span class='ocrx_word' id='word_1_84' title='bbox 820 2451 970 2517; x_wconf 89' lang='lat' dir='ltr'><strong>uolumus</strong></span> <span class='ocrx_word' id='word_1_85' title='bbox 987 2452 1179 2537; x_wconf 88' lang='lat' dir='ltr'><strong>peruenire:</strong></span> <span class='ocrx_word' id='word_1_86' title='bbox 1195 2449 1281 2535; x_wconf 89' lang='lat' dir='ltr'><strong>qnod</strong></span> <span class='ocrx_word' id='word_1_87' title='bbox 1298 2451 1479 2520; x_wconf 85' lang='lat' dir='ltr'><strong>onmJaoo-</strong></span> 
     </span>
     <span class='ocr_line' id='line_1_15' title="bbox 351 2557 1477 2646; baseline -0.002 -18"><span class='ocrx_word' id='word_1_88' title='bbox 351 2563 422 2646; x_wconf 90' lang='lat' dir='ltr'><strong>bus,</strong></span> <span class='ocrx_word' id='word_1_89' title='bbox 436 2560 531 2645; x_wconf 86' lang='lat' dir='ltr'><strong>Mica,</strong></span> <span class='ocrx_word' id='word_1_90' title='bbox 549 2557 752 2644; x_wconf 74' lang='lat' dir='ltr'><strong>durachium,</strong></span> <span class='ocrx_word' id='word_1_91' title='bbox 773 2567 806 2626; x_wconf 89' lang='lat' dir='ltr'><strong>ct</strong></span> <span class='ocrx_word' id='word_1_92' title='bbox 824 2559 1026 2626; x_wconf 82' lang='lat' dir='ltr'><strong>Oaraclrinus</strong></span> <span class='ocrx_word' id='word_1_93' title='bbox 1042 2559 1100 2644; x_wconf 90' lang='lat' dir='ltr'><strong>filij</strong></span> <span class='ocrx_word' id='word_1_94' title='bbox 1117 2559 1255 2645; x_wconf 83' lang='lat' dir='ltr'><strong>Bococh,</strong></span> <span class='ocrx_word' id='word_1_95' title='bbox 1272 2561 1477 2628; x_wconf 83' lang='lat' dir='ltr'><strong>Demetrium</strong></span> 
     </span>
     <span class='ocr_line' id='line_1_16' title="bbox 353 2667 1478 2755; baseline 0 -19"><span class='ocrx_word' id='word_1_96' title='bbox 353 2677 385 2736; x_wconf 87' lang='lat' dir='ltr'><strong>et</strong></span> <span class='ocrx_word' id='word_1_97' title='bbox 399 2669 515 2750; x_wconf 84' lang='lat' dir='ltr'><strong>iratres</strong></span> <span class='ocrx_word' id='word_1_98' title='bbox 542 2688 618 2734; x_wconf 89' lang='lat' dir='ltr'><strong>suos</strong></span> <span class='ocrx_word' id='word_1_99' title='bbox 634 2669 720 2735; x_wconf 89' lang='lat' dir='ltr'><strong>filios</strong></span> <span class='ocrx_word' id='word_1_100' title='bbox 737 2668 921 2735; x_wconf 85' lang='lat' dir='ltr'><strong>Salomonis</strong></span> <span class='ocrx_word' id='word_1_101' title='bbox 937 2667 979 2732; x_wconf 92' lang='lat' dir='ltr'><strong>ad</strong></span> <span class='ocrx_word' id='word_1_102' title='bbox 994 2674 1139 2734; x_wconf 90' lang='lat' dir='ltr'><strong>nostram</strong></span> <span class='ocrx_word' id='word_1_103' title='bbox 1164 2668 1321 2736; x_wconf 80' lang='lat' dir='ltr'><strong>citassent</strong></span> <span class='ocrx_word' id='word_1_104' title='bbox 1345 2689 1478 2755; x_wconf 83' lang='lat' dir='ltr'><strong>presen-</strong></span> 
     </span>
     <span class='ocr_line' id='line_1_17' title="bbox 352 2775 1479 2862; baseline 0.001 -19"><span class='ocrx_word' id='word_1_105' title='bbox 352 2779 447 2862; x_wconf 90' lang='lat' dir='ltr'><strong>ciam,</strong></span> <span class='ocrx_word' id='word_1_106' title='bbox 474 2778 679 2845; x_wconf 87' lang='lat' dir='ltr'><strong>medietatem</strong></span> <span class='ocrx_word' id='word_1_107' title='bbox 705 2777 873 2844; x_wconf 87' lang='lat' dir='ltr'><strong>cuiusdam</strong></span> <span class='ocrx_word' id='word_1_108' title='bbox 888 2777 1066 2844; x_wconf 84' lang='lat' dir='ltr'><strong>molendini</strong></span> <span class='ocrx_word' id='word_1_109' title='bbox 1091 2776 1125 2841; x_wconf 95' lang='lat' dir='ltr'><strong>in</strong></span> <span class='ocrx_word' id='word_1_110' title='bbox 1141 2775 1238 2844; x_wconf 87' lang='lat' dir='ltr'><strong>fluuio</strong></span> <span class='ocrx_word' id='word_1_111' title='bbox 1255 2777 1335 2844; x_wconf 86' lang='lat' dir='ltr'><strong>Zale</strong></span> <span class='ocrx_word' id='word_1_112' title='bbox 1362 2777 1479 2844; x_wconf 88' lang='lat' dir='ltr'><strong>decur-</strong></span> 
     </span>
     <span class='ocr_line' id='line_1_18' title="bbox 351 2885 1478 2972; baseline -0.003 -18"><span class='ocrx_word' id='word_1_113' title='bbox 351 2887 462 2971; x_wconf 85' lang='lat' dir='ltr'><strong>rentis,</strong></span> <span class='ocrx_word' id='word_1_114' title='bbox 479 2887 610 2954; x_wconf 88' lang='lat' dir='ltr'><strong>racione</strong></span> <span class='ocrx_word' id='word_1_115' title='bbox 625 2887 789 2972; x_wconf 89' lang='lat' dir='ltr'><strong>porcionis</strong></span> <span class='ocrx_word' id='word_1_116' title='bbox 801 2887 900 2953; x_wconf 87' lang='lat' dir='ltr'><strong>Zcme</strong></span> <span class='ocrx_word' id='word_1_117' title='bbox 916 2888 959 2954; x_wconf 88' lang='lat' dir='ltr'><strong>ab</strong></span> <span class='ocrx_word' id='word_1_118' title='bbox 973 2886 1097 2954; x_wconf 87' lang='lat' dir='ltr'><strong>eisdem</strong></span> <span class='ocrx_word' id='word_1_119' title='bbox 1113 2885 1324 2972; x_wconf 78' lang='lat' dir='ltr'><strong>requirentes,</strong></span> <span class='ocrx_word' id='word_1_120' title='bbox 1341 2887 1478 2952; x_wconf 87' lang='lat' dir='ltr'><strong>tandem</strong></span> 
     </span>
     <span class='ocr_line' id='line_1_19' title="bbox 350 2993 1479 3081; baseline 0 -19"><span class='ocrx_word' id='word_1_121' title='bbox 350 2995 569 3062; x_wconf 85' lang='lat' dir='ltr'><strong>mediantibus</strong></span> <span class='ocrx_word' id='word_1_122' title='bbox 586 2993 781 3080; x_wconf 90' lang='lat' dir='ltr'><strong>quibusdam</strong></span> <span class='ocrx_word' id='word_1_123' title='bbox 806 2993 916 3079; x_wconf 88' lang='lat' dir='ltr'><strong>probis</strong></span> <span class='ocrx_word' id='word_1_124' title='bbox 933 2995 1014 3061; x_wconf 89' lang='lat' dir='ltr'><strong>viris</strong></span> <span class='ocrx_word' id='word_1_125' title='bbox 1031 3014 1072 3060; x_wconf 82' lang='lat' dir='ltr'><strong>er</strong></span> <span class='ocrx_word' id='word_1_126' title='bbox 1088 3001 1200 3062; x_wconf 90' lang='lat' dir='ltr'><strong>nostro</strong></span> <span class='ocrx_word' id='word_1_127' title='bbox 1220 2993 1426 3081; x_wconf 88' lang='lat' dir='ltr'><strong>beneplacito</strong></span> <span class='ocrx_word' id='word_1_128' title='bbox 1444 3005 1479 3062; x_wconf 89' lang='lat' dir='ltr'><strong>et</strong></span> 
     </span>
     <span class='ocr_line' id='line_1_20' title="bbox 351 3103 1478 3190; baseline -0.002 -18"><span class='ocrx_word' id='word_1_129' title='bbox 351 3125 522 3188; x_wconf 85' lang='lat' dir='ltr'><strong>consensu,</strong></span> <span class='ocrx_word' id='word_1_130' title='bbox 539 3103 623 3170; x_wconf 91' lang='lat' dir='ltr'><strong>sicut</strong></span> <span class='ocrx_word' id='word_1_131' title='bbox 638 3103 737 3188; x_wconf 91' lang='lat' dir='ltr'><strong>ijdem</strong></span> <span class='ocrx_word' id='word_1_132' title='bbox 752 3103 969 3188; x_wconf 74' lang='lat' dir='ltr'><strong>personaliter</strong></span> <span class='ocrx_word' id='word_1_133' title='bbox 984 3103 1151 3170; x_wconf 85' lang='lat' dir='ltr'><strong>constituti</strong></span> <span class='ocrx_word' id='word_1_134' title='bbox 1166 3111 1388 3190; x_wconf 87' lang='lat' dir='ltr'><strong>asseruerunt,</strong></span> <span class='ocrx_word' id='word_1_135' title='bbox 1415 3125 1478 3190; x_wconf 94' lang='lat' dir='ltr'><strong>pro</strong></span> 
     </span>
     <span class='ocr_line' id='line_1_21' title="bbox 350 3210 1476 3298; baseline -0.004 -18"><span class='ocrx_word' id='word_1_136' title='bbox 350 3215 435 3280; x_wconf 92' lang='lat' dir='ltr'><strong>bono</strong></span> <span class='ocrx_word' id='word_1_137' title='bbox 461 3211 553 3298; x_wconf 89' lang='lat' dir='ltr'><strong>pacis</strong></span> <span class='ocrx_word' id='word_1_138' title='bbox 577 3211 611 3276; x_wconf 92' lang='lat' dir='ltr'><strong>in</strong></span> <span class='ocrx_word' id='word_1_139' title='bbox 635 3213 735 3278; x_wconf 90' lang='lat' dir='ltr'><strong>talem</strong></span> <span class='ocrx_word' id='word_1_140' title='bbox 758 3212 1030 3297; x_wconf 82' lang='lat' dir='ltr'><strong>composicionem</strong></span> <span class='ocrx_word' id='word_1_141' title='bbox 1055 3210 1273 3295; x_wconf 86' lang='lat' dir='ltr'><strong>deuenerunt;</strong></span> <span class='ocrx_word' id='word_1_142' title='bbox 1301 3211 1387 3296; x_wconf 89' lang='lat' dir='ltr'><strong>quod</strong></span> <span class='ocrx_word' id='word_1_143' title='bbox 1412 3212 1476 3297; x_wconf 89' lang='lat' dir='ltr'><strong>filij</strong></span> 
     </span>
     <span class='ocr_line' id='line_1_22' title="bbox 350 3317 1478 3405; baseline -0.002 -18"><span class='ocrx_word' id='word_1_144' title='bbox 350 3321 478 3387; x_wconf 89' lang='lat' dir='ltr'><strong>Bococh</strong></span> <span class='ocrx_word' id='word_1_145' title='bbox 495 3317 717 3405; x_wconf 81' lang='lat' dir='ltr'><strong>supradictam</strong></span> <span class='ocrx_word' id='word_1_146' title='bbox 734 3319 943 3386; x_wconf 88' lang='lat' dir='ltr'><strong>medietatem</strong></span> <span class='ocrx_word' id='word_1_147' title='bbox 960 3317 1105 3386; x_wconf 88' lang='lat' dir='ltr'><strong>eiusdem</strong></span> <span class='ocrx_word' id='word_1_148' title='bbox 1123 3317 1299 3386; x_wconf 89' lang='lat' dir='ltr'><strong>molendini</strong></span> <span class='ocrx_word' id='word_1_149' title='bbox 1322 3317 1399 3402; x_wconf 84' lang='lat' dir='ltr'><strong>filijs</strong></span> <span class='ocrx_word' id='word_1_150' title='bbox 1415 3321 1478 3385; x_wconf 86' lang='lat' dir='ltr'><strong>Sa·</strong></span> 
     </span>
     <span class='ocr_line' id='line_1_23' title="bbox 350 3427 1477 3514; baseline -0.001 -19"><span class='ocrx_word' id='word_1_151' title='bbox 350 3427 489 3495; x_wconf 90' lang='lat' dir='ltr'><strong>lomonis</strong></span> <span class='ocrx_word' id='word_1_152' title='bbox 513 3427 747 3512; x_wconf 85' lang='lat' dir='ltr'><strong>prenominatis</strong></span> <span class='ocrx_word' id='word_1_153' title='bbox 774 3427 995 3511; x_wconf 86' lang='lat' dir='ltr'><strong>relinquerunt</strong></span> <span class='ocrx_word' id='word_1_154' title='bbox 1010 3427 1043 3493; x_wconf 94' lang='lat' dir='ltr'><strong>in</strong></span> <span class='ocrx_word' id='word_1_155' title='bbox 1059 3447 1143 3514; x_wconf 90' lang='lat' dir='ltr'><strong>pace</strong></span> <span class='ocrx_word' id='word_1_156' title='bbox 1160 3427 1193 3493; x_wconf 95' lang='lat' dir='ltr'><strong>in</strong></span> <span class='ocrx_word' id='word_1_157' title='bbox 1213 3431 1415 3514; x_wconf 87' lang='lat' dir='ltr'><strong>perpetuum,</strong></span> <span class='ocrx_word' id='word_1_158' title='bbox 1441 3435 1477 3494; x_wconf 90' lang='lat' dir='ltr'><strong>et</strong></span> 
     </span>
     <span class='ocr_line' id='line_1_24' title="bbox 350 3535 1476 3622; baseline -0.002 -18"><span class='ocrx_word' id='word_1_159' title='bbox 350 3556 514 3621; x_wconf 87' lang='lat' dir='ltr'><strong>nunquam</strong></span> <span class='ocrx_word' id='word_1_160' title='bbox 540 3535 767 3620; x_wconf 85' lang='lat' dir='ltr'><strong>requirendam</strong></span> <span class='ocrx_word' id='word_1_161' title='bbox 792 3535 972 3621; x_wconf 86' lang='lat' dir='ltr'><strong>possidere,</strong></span> <span class='ocrx_word' id='word_1_162' title='bbox 999 3536 1083 3604; x_wconf 88' lang='lat' dir='ltr'><strong>sicut</strong></span> <span class='ocrx_word' id='word_1_163' title='bbox 1099 3535 1180 3602; x_wconf 88' lang='lat' dir='ltr'><strong>etin</strong></span> <span class='ocrx_word' id='word_1_164' title='bbox 1196 3535 1310 3622; x_wconf 89' lang='lat' dir='ltr'><strong>primis</strong></span> <span class='ocrx_word' id='word_1_165' title='bbox 1325 3535 1476 3622; x_wconf 86' lang='lat' dir='ltr'><strong>posside-</strong></span> 
     </span>
     <span class='ocr_line' id='line_1_25' title="bbox 350 3643 1475 3728; baseline -0.004 -15"><span class='ocrx_word' id='word_1_166' title='bbox 350 3649 431 3714; x_wconf 92' lang='lat' dir='ltr'><strong>bant</strong></span> <span class='ocrx_word' id='word_1_167' title='bbox 446 3665 519 3712; x_wconf 91' lang='lat' dir='ltr'><strong>eum</strong></span> <span class='ocrx_word' id='word_1_168' title='bbox 534 3650 692 3710; x_wconf 86' lang='lat' dir='ltr'><strong>terrarum</strong></span> <span class='ocrx_word' id='word_1_169' title='bbox 718 3644 892 3710; x_wconf 83' lang='lat' dir='ltr'><strong>medietate</strong></span> <span class='ocrx_word' id='word_1_170' title='bbox 908 3645 951 3710; x_wconf 88' lang='lat' dir='ltr'><strong>ad</strong></span> <span class='ocrx_word' id='word_1_171' title='bbox 968 3643 1107 3712; x_wconf 91' lang='lat' dir='ltr'><strong>eundem</strong></span> <span class='ocrx_word' id='word_1_172' title='bbox 1132 3643 1353 3712; x_wconf 86' lang='lat' dir='ltr'><strong>molendinum</strong></span> <span class='ocrx_word' id='word_1_173' title='bbox 1377 3645 1475 3728; x_wconf 87' lang='lat' dir='ltr'><strong>perti-</strong></span> 
     </span>
     <span class='ocr_line' id='line_1_26' title="bbox 350 3749 1475 3839; baseline -0.001 -19"><span class='ocrx_word' id='word_1_174' title='bbox 350 3755 509 3820; x_wconf 90' lang='lat' dir='ltr'><strong>nencium.</strong></span> <span class='ocrx_word' id='word_1_175' title='bbox 536 3753 579 3819; x_wconf 89' lang='lat' dir='ltr'><strong>vt</strong></span> <span class='ocrx_word' id='word_1_176' title='bbox 594 3751 694 3835; x_wconf 82' lang='lat' dir='ltr'><strong>igitur</strong></span> <span class='ocrx_word' id='word_1_177' title='bbox 708 3771 864 3838; x_wconf 90' lang='lat' dir='ltr'><strong>processu</strong></span> <span class='ocrx_word' id='word_1_178' title='bbox 888 3752 1044 3838; x_wconf 89' lang='lat' dir='ltr'><strong>temporis</strong></span> <span class='ocrx_word' id='word_1_179' title='bbox 1060 3749 1181 3819; x_wconf 82' lang='lat' dir='ltr'><strong>lactum</strong></span> <span class='ocrx_word' id='word_1_180' title='bbox 1209 3752 1370 3839; x_wconf 87' lang='lat' dir='ltr'><strong>presentis</strong></span> <span class='ocrx_word' id='word_1_181' title='bbox 1389 3772 1475 3820; x_wconf 91' lang='lat' dir='ltr'><strong>com·</strong></span> 
     </span>
     <span class='ocr_line' id='line_1_27' title="bbox 349 3859 1473 3950; baseline -0.003 -20"><span class='ocrx_word' id='word_1_182' title='bbox 349 3862 526 3950; x_wconf 88' lang='lat' dir='ltr'><strong>posicionis</strong></span> <span class='ocrx_word' id='word_1_183' title='bbox 543 3869 576 3927; x_wconf 87' lang='lat' dir='ltr'><strong>et</strong></span> <span class='ocrx_word' id='word_1_184' title='bbox 591 3861 683 3946; x_wconf 88' lang='lat' dir='ltr'><strong>pacis</strong></span> <span class='ocrx_word' id='word_1_185' title='bbox 698 3881 757 3946; x_wconf 88' lang='lat' dir='ltr'><strong>per</strong></span> <span class='ocrx_word' id='word_1_186' title='bbox 771 3860 988 3947; x_wconf 85' lang='lat' dir='ltr'><strong>calumpniam</strong></span> <span class='ocrx_word' id='word_1_187' title='bbox 1005 3861 1058 3926; x_wconf 88' lang='lat' dir='ltr'><strong>uel</strong></span> <span class='ocrx_word' id='word_1_188' title='bbox 1081 3859 1220 3926; x_wconf 91' lang='lat' dir='ltr'><strong>alicuius</strong></span> <span class='ocrx_word' id='word_1_189' title='bbox 1236 3859 1326 3927; x_wconf 89' lang='lat' dir='ltr'><strong>litem</strong></span> <span class='ocrx_word' id='word_1_190' title='bbox 1345 3861 1379 3926; x_wconf 91' lang='lat' dir='ltr'><strong>in</strong></span> <span class='ocrx_word' id='word_1_191' title='bbox 1394 3881 1473 3945; x_wconf 88' lang='lat' dir='ltr'><strong>que·</strong></span> 
     </span>
     <span class='ocr_line' id='line_1_28' title="bbox 350 3967 1476 4056; baseline -0.002 -18"><span class='ocrx_word' id='word_1_192' title='bbox 350 3970 466 4038; x_wconf 83' lang='lat' dir='ltr'><strong>ationis</strong></span> <span class='ocrx_word' id='word_1_193' title='bbox 497 3967 664 4034; x_wconf 88' lang='lat' dir='ltr'><strong>materiam</strong></span> <span class='ocrx_word' id='word_1_194' title='bbox 696 3969 842 4036; x_wconf 88' lang='lat' dir='ltr'><strong>reuocari</strong></span> <span class='ocrx_word' id='word_1_195' title='bbox 867 3989 933 4036; x_wconf 92' lang='lat' dir='ltr'><strong>non</strong></span> <span class='ocrx_word' id='word_1_196' title='bbox 963 3968 1086 4056; x_wconf 88' lang='lat' dir='ltr'><strong>possit,</strong></span> <span class='ocrx_word' id='word_1_197' title='bbox 1118 3967 1176 4035; x_wconf 88' lang='lat' dir='ltr'><strong>ssd</strong></span> <span class='ocrx_word' id='word_1_198' title='bbox 1200 3971 1299 4037; x_wconf 91' lang='lat' dir='ltr'><strong>robur</strong></span> <span class='ocrx_word' id='word_1_199' title='bbox 1326 3967 1476 4037; x_wconf 87' lang='lat' dir='ltr'><strong>obtineat</strong></span> 
     </span>
     <span class='ocr_line' id='line_1_29' title="bbox 350 4075 1474 4163; baseline 0.001 -19"><span class='ocrx_word' id='word_1_200' title='bbox 350 4077 532 4160; x_wconf 87' lang='lat' dir='ltr'><strong>firmitatis,</strong></span> <span class='ocrx_word' id='word_1_201' title='bbox 565 4097 605 4143; x_wconf 86' lang='lat' dir='ltr'><strong>ex</strong></span> <span class='ocrx_word' id='word_1_202' title='bbox 631 4075 797 4144; x_wconf 88' lang='lat' dir='ltr'><strong>uoluntate</strong></span> <span class='ocrx_word' id='word_1_203' title='bbox 828 4075 975 4162; x_wconf 90' lang='lat' dir='ltr'><strong>parcium</strong></span> <span class='ocrx_word' id='word_1_204' title='bbox 1000 4075 1156 4163; x_wconf 89' lang='lat' dir='ltr'><strong>predictis</strong></span> <span class='ocrx_word' id='word_1_205' title='bbox 1183 4077 1261 4162; x_wconf 80' lang='lat' dir='ltr'><strong>filijs</strong></span> <span class='ocrx_word' id='word_1_206' title='bbox 1285 4075 1474 4145; x_wconf 85' lang='lat' dir='ltr'><strong>Salomonis</strong></span> 
     </span>
     <span class='ocr_line' id='line_1_30' title="bbox 350 4183 1470 4269; baseline -0.001 -15"><span class='ocrx_word' id='word_1_207' title='bbox 350 4185 476 4254; x_wconf 89' lang='lat' dir='ltr'><strong>litteras</strong></span> <span class='ocrx_word' id='word_1_208' title='bbox 490 4191 617 4250; x_wconf 89' lang='lat' dir='ltr'><strong>nostras</strong></span> <span class='ocrx_word' id='word_1_209' title='bbox 631 4183 850 4252; x_wconf 85' lang='lat' dir='ltr'><strong>concessimus</strong></span> <span class='ocrx_word' id='word_1_210' title='bbox 864 4183 966 4269; x_wconf 82' lang='lat' dir='ltr'><strong>sigilli</strong></span> <span class='ocrx_word' id='word_1_211' title='bbox 982 4185 1083 4253; x_wconf 87' lang='lat' dir='ltr'><strong>nostri</strong></span> <span class='ocrx_word' id='word_1_212' title='bbox 1094 4185 1271 4252; x_wconf 89' lang='lat' dir='ltr'><strong>munimine</strong></span> <span class='ocrx_word' id='word_1_213' title='bbox 1283 4185 1470 4253; x_wconf 87' lang='lat' dir='ltr'><strong>roboratas.</strong></span> 
     </span>
     <span class='ocr_line' id='line_1_31' title="bbox 350 4293 1263 4382; baseline -0.002 -22"><span class='ocrx_word' id='word_1_214' title='bbox 350 4295 471 4360; x_wconf 90' lang='lat' dir='ltr'><strong>Datum</strong></span> <span class='ocrx_word' id='word_1_215' title='bbox 486 4313 571 4360; x_wconf 88' lang='lat' dir='ltr'><strong>anno</strong></span> <span class='ocrx_word' id='word_1_216' title='bbox 589 4295 699 4380; x_wconf 81' lang='lat' dir='ltr'><strong>gracie</strong></span> <span class='ocrx_word' id='word_1_217' title='bbox 714 4296 761 4361; x_wconf 82' lang='lat' dir='ltr'><strong>M⁰</strong></span> <span class='ocrx_word' id='word_1_218' title='bbox 771 4295 835 4361; x_wconf 77' lang='lat'><strong>00⁰</strong></span> <span class='ocrx_word' id='word_1_219' title='bbox 851 4293 1121 4382; x_wconf 84' lang='lat' dir='ltr'><strong>quinquagesimo</strong></span> <span class='ocrx_word' id='word_1_220' title='bbox 1137 4299 1263 4379; x_wconf 90' lang='lat' dir='ltr'><strong>quarte.</strong></span> 
     </span>
    </p>
   </div>
   <div class='ocr_carea' id='block_1_9' title="bbox 350 4473 1471 4634">
    <p class='ocr_par' dir='ltr' id='par_1_9' title="bbox 350 4473 1471 4634">
     <span class='ocr_line' id='line_1_32' title="bbox 350 4473 1471 4544; baseline 0.002 -16"><span class='ocrx_word' id='word_1_221' title='bbox 350 4474 486 4541; x_wconf 75' lang='lat' dir='ltr'><strong>(Eredetia</strong></span> <span class='ocrx_word' id='word_1_222' title='bbox 498 4493 515 4527; x_wconf 87' lang='lat' dir='ltr'><strong>a</strong></span> <span class='ocrx_word' id='word_1_223' title='bbox 527 4475 601 4530; x_wconf 76' lang='lat' dir='ltr'><strong>melt.</strong></span> <span class='ocrx_word' id='word_1_224' title='bbox 615 4477 679 4544; x_wconf 79' lang='lat' dir='ltr'><strong>grdi</strong></span> <span class='ocrx_word' id='word_1_225' title='bbox 695 4477 792 4528; x_wconf 83' lang='lat' dir='ltr'><strong>Tolelri</strong></span> <span class='ocrx_word' id='word_1_226' title='bbox 805 4473 895 4528; x_wconf 69' lang='lat' dir='ltr'><strong>caaldd</strong></span> <span class='ocrx_word' id='word_1_227' title='bbox 913 4473 1132 4544; x_wconf 69' lang='lat' dir='ltr'><strong>magyarorsatgi</strong></span> <span class='ocrx_word' id='word_1_228' title='bbox 1151 4473 1261 4544; x_wconf 73' lang='lat' dir='ltr'><strong>dgdnalr</strong></span> <span class='ocrx_word' id='word_1_229' title='bbox 1281 4473 1471 4530; x_wconf 67' lang='lat' dir='ltr'><strong>lavdlidrdban</strong></span> 
     </span>
     <span class='ocr_line' id='line_1_33' title="bbox 723 4561 1095 4634; baseline 0 -17"><span class='ocrx_word' id='word_1_230' title='bbox 723 4566 866 4632; x_wconf 74' lang='lat' dir='ltr'><strong>Gydmrdn·</strong></span> <span class='ocrx_word' id='word_1_231' title='bbox 885 4561 966 4616; x_wconf 77' lang='lat' dir='ltr'><strong>Srubd</strong></span> <span class='ocrx_word' id='word_1_232' title='bbox 978 4564 1095 4634; x_wconf 67' lang='lat' dir='ltr'><strong>Kdroly.)</strong></span> 
     </span>
    </p>
   </div>
   <div class='ocr_carea' id='block_1_10' title="bbox 0 0 1572 5158">
    <p class='ocr_par' dir='ltr' id='par_1_10' title="bbox 0 0 1572 5158">
     <span class='ocr_line' id='line_1_34' title="bbox 0 0 1572 5158; baseline 0 0"><span class='ocrx_word' id='word_1_233' title='bbox 0 0 1572 5158; x_wconf 95' lang='lat' dir='ltr'><strong> </strong></span> 
     </span>
    </p>
   </div>
  </div>
 </body>
</html>
