3112 5148
791 250 944 352 aa„

306 451 424 536 quibus
450 449 600 518 omnibus
616 448 826 535 priuilegium
842 446 953 515 fratris
969 447 1072 516 nostri
1086 446 1227 534 predicti
1242 446 1454 516 autenticum

306 559 461 628 uidelicet
471 558 512 627 de
522 557 779 626 commutacione
793 557 882 624 facta
892 555 1057 642 exhibuit;
1079 556 1169 626 euius
1179 557 1449 625 tenortalisest:

414 666 612 734 colomanus
628 666 691 734 stb.
709 663 805 754 (mint
819 665 951 734 fentebb
967 665 1022 732 25.
1039 684 1083 731 sz.
1100 663 1147 751 a.)

415 776 457 842 ut
473 774 560 861 quod
576 775 664 842 idem
680 777 750 842 Rex
775 775 957 861 predictam
973 779 1094 840 terram
1119 772 1266 858 legitime
1285 773 1450 861 possede-

307 885 359 969 rit,
376 883 549 970 ipsamque
567 883 615 950 eis
632 881 673 949 de
688 883 759 949 iure
769 882 848 949 dare
864 881 1015 969 potuerit,
1031 882 1160 949 litteras
1176 881 1448 950 confirmacionis

308 991 416 1058 eidem
431 990 525 1058 fratri
541 997 650 1058 nostro
669 1011 691 1056 a
706 991 801 1057 nobis
818 989 913 1058 datas
937 990 1120 1058 secretioris
1137 989 1240 1076 sigilli
1253 989 1355 1060 nostri
1373 1009 1451 1056 mu-

309 1099 431 1166 nimine
456 1117 554 1165 auree
567 1098 721 1166 videlicet
746 1098 833 1164 bulle
858 1105 969 1166 nostre
993 1099 1088 1166 nobis
1112 1099 1319 1184 presentuuit
1342 1117 1450 1186 super

309 1208 384 1294 ipsa
399 1212 485 1274 terra
495 1205 628 1292 Heyreb
638 1225 711 1274 cum
726 1205 795 1274 suis
811 1205 1032 1292 pertinenciJe,
1050 1213 1083 1274 et
1098 1205 1283 1274 aliaLuder
1299 1207 1448 1292 nomine,

310 1316 460 1383 similiter
476 1335 549 1382 eum
564 1313 633 1382 suis
659 1315 881 1402 pertinenciJs,
908 1334 990 1400 quas
1010 1313 1148 1400 predicti
1164 1315 1322 1399 Magister
1337 1315 1450 1400 Phyle

309 1428 342 1490 et
356 1422 474 1491 fratres
490 1423 541 1490 sui
556 1424 589 1490 in
600 1422 856 1492 commutacione
867 1429 1016 1510 receptas
1025 1422 1260 1508 possidebant,
1282 1430 1315 1491 et
1330 1443 1449 1509 quam-

309 1531 361 1598 uis
376 1531 567 1618 Propositus
583 1536 615 1597 et
632 1529 750 1597 iratres
778 1529 829 1598 sui
845 1529 1026 1616 supradicti
1043 1530 1126 1598 sutis
1150 1530 1319 1598 euidenter
1343 1538 1376 1598 et
1393 1551 1449 1598 ra-

310 1637 516 1707 cionabiliter
525 1637 749 1708 declarassent
759 1638 967 1726 priuilegium
977 1645 1125 1708 nostrum
1135 1637 1345 1724 antedictum,
1363 1640 1450 1725 quia

311 1754 431 1830 tamen,
456 1753 491 1814 ut
506 1746 637 1833 plenius
661 1752 799 1834 apareat
814 1765 915 1813 causa
932 1745 1146 1813 alienacionis
1170 1751 1329 1813 terrarum
1351 1767 1372 1812 a
1389 1746 1449 1814 do·

312 1854 400 1923 mino
415 1872 485 1938 sno,
512 1853 589 1940 quia
604 1855 688 1920 sicut
704 1853 831 1938 dicitur,
855 1854 980 1922 veritas
1003 1853 1115 1940 sepius
1139 1855 1311 1938 exagitata
1335 1855 1449 1938 magis

312 1960 511 2048 splendescit
535 1960 569 2026 in
594 1961 709 2046 lucem,
736 1961 780 2028 ad
795 1961 1000 2046 probandam
1025 1969 1057 2027 et
1082 1959 1320 2028 excludendam
1345 1959 1449 2028 huius

312 2067 360 2134 rei
385 2067 634 2154 ambiguitatem
660 2067 785 2134 litteras
811 2067 954 2156 Capituli
980 2066 1381 2155 Quinque-Ecclesiam,
1410 2068 1448 2134 in

314 2175 431 2260 quibus
455 2173 577 2242 lactum
599 2173 755 2242 iudicium
768 2181 916 2244 nostrum
931 2178 1124 2262 continetur,
1150 2175 1238 2262 qnod
1254 2182 1286 2244 et
1300 2196 1360 2244 nos
1378 2195 1447 2244 me-

313 2283 475 2370 minimus,
492 2283 579 2350 idem
594 2283 783 2370 Propositus
800 2283 947 2352 exhibuit
963 2283 996 2350 in
1012 2285 1099 2352 bunc
1114 2283 1264 2354 modum:

420 2393 597 2460 Parcasius
608 2393 797 2477 Prepesitus
809 2389 1170 2478 Quinqueecclesicnsis
1186 2393 1248 2462 stb.
1265 2391 1362 2479 (mint
1377 2392 1449 2460 len-

313 2501 390 2570 tebb
410 2501 461 2569 72.
480 2521 525 2568 sa.
541 2502 588 2588 a.)

421 2609 599 2695 Nosigitur
609 2611 671 2696 bys
688 2617 721 2676 et
737 2609 814 2695 alijs
823 2610 953 2697 plenius
970 2610 1156 2697 intellectis,
1173 2617 1206 2678 et
1215 2610 1357 2678 maxime
1371 2629 1450 2678 cum

314 2736 474 2785 memores
487 2736 633 2784 essemus
649 2718 824 2786 uerborum
834 2717 1001 2786 karissimi
1017 2717 1129 2786 fratris
1146 2718 1251 2786 nostri
1261 2717 1362 2802 Regis
1377 2717 1449 2786 iam

316 2823 405 2908 dicti,
422 2825 478 2910 qni
489 2824 708 2910 personaliter
723 2826 824 2912 pceijt
840 2825 965 2894 anobis
985 2827 1268 2896 confirmacionem
1278 2825 1450 2894 terrolam

316 2931 402 2998 dicte
417 2930 621 3017 aliarumque
645 2939 805 3000 terrarum
821 2951 964 3020 suarum,
987 2935 1105 3020 coique
1126 2933 1260 3004 credere
1275 2933 1449 3002 debuimus

315 3044 349 3107 et
364 3037 520 3106 debemus
536 3059 595 3126 per
610 3040 729 3126 omnia,
755 3048 1004 3128 respectumque
1030 3041 1190 3110 babentes
1210 3040 1254 3108 ad
1278 3042 1450 3112 confirma·

317 3147 443 3214 cionem
459 3167 559 3216 auree
574 3149 671 3235 bulle,
699 3168 762 3233 que
776 3151 907 3218 nonnisi
924 3157 1091 3236 comperta
1107 3150 1248 3218 ueritate
1263 3156 1297 3217 et
1310 3151 1452 3237 propria

315 3253 437 3322 noticia
451 3255 556 3340 Regia
572 3255 643 3322 dari
660 3257 838 3345 consueuit,
854 3257 1036 3343 predictam
1061 3267 1183 3326 terram
1199 3277 1272 3326 cum
1293 3257 1362 3324 suis
1377 3277 1450 3344 per·

318 3361 468 3449 unencijs
483 3362 617 3450 Hcyrub
633 3365 763 3434 nomine
779 3367 968 3453 supradicto
984 3368 1089 3454 Phyle
1108 3365 1279 3454 Proposito
1294 3361 1327 3434 ot'
1340 3363 1450 3432 iratri-

317 3471 380 3538 bus
396 3469 476 3558 suis,
502 3470 655 3558 qnoniam
671 3471 743 3539 iura
768 3473 912 3560 ipsorum
932 3473 1057 3542 exibita
1083 3474 1130 3542 rei
1149 3473 1285 3560 apciora
1310 3479 1343 3540 et
1367 3491 1449 3540 noro

317 3578 518 3668 proximiora
534 3581 745 3670 inspeximus,
770 3581 1160 3669 consensujobagionnm
1184 3589 1368 3650 nostrorum
1389 3580 1450 3648 ad·

318 3687 534 3758 iudicauimus
560 3695 593 3756 et
618 3691 893 3761 sentenciauimus
918 3693 988 3760 iure
1012 3697 1172 3778 perpetuo
1204 3687 1450 3777 possidendam,

317 3795 464 3885 predicto
480 3797 663 3868 Bertramio
688 3801 817 3868 nomine
842 3801 953 3868 uxoris
979 3819 1038 3868 soe
1060 3804 1253 3886 perpetuum
1276 3797 1451 3866 silencium

317 3907 530 3994 imponentes.
557 3905 705 3976 ceterum
721 3915 754 3976 et
769 3909 831 3977 boc
856 3916 971 3996 patere
995 3909 1148 3978 uolumus
1163 3907 1338 3994 vniuersis,
1362 3907 1450 3992 quod

319 4035 392 4084 cum
416 4017 517 4084 multe
540 4036 649 4102 ymmo
674 4017 812 4104 plurime
831 4023 916 4086 terre
932 4024 965 4085 et
989 4017 1226 4105 possessiones,
1253 4035 1336 4101 quas
1358 4015 1451 4104 prius

317 4125 412 4192 fratri
429 4131 541 4194 nostro
566 4123 742 4195 karissimo
759 4125 1001 4194 contuleramus
1027 4126 1088 4194 sub
1114 4123 1262 4212 prodicta
1284 4124 1450 4192 confirma-

189 4243 192 4252 ·
319 4233 412 4300 cione
428 4233 516 4302 balle
532 4252 632 4300 auree
656 4241 777 4319 nostre,
804 4253 868 4320 que
883 4254 987 4319 usque
1002 4234 1047 4304 ad
1063 4233 1188 4304 obitum
1215 4234 1320 4321 ipsius
1338 4232 1449 4304 fratris

318 4339 422 4408 nostri
437 4359 495 4425 per
514 4339 652 4408 eundem
668 4362 734 4410 non
758 4343 888 4412 fuerant
903 4343 1054 4410 ordinate
1079 4342 1133 4411 uel
1149 4342 1271 4412 donato
1292 4341 1387 4427 alias,
1413 4349 1448 4411 ct

319 4468 383 4534 quc
397 4447 464 4514 iam
480 4447 687 4530 exigentibus
711 4450 857 4535 peccatis
872 4450 994 4520 nostris
1009 4451 1081 4538 ipso
1097 4451 1186 4518 niam
1201 4448 1355 4518 uniuerso
1376 4467 1445 4516 car·

320 4556 372 4624 nis
387 4555 536 4638 ingresso
561 4553 605 4623 ad
621 4575 681 4624 nos
697 4564 773 4626 sunt
791 4556 953 4645 deuolute,
979 4557 1239 4644 continerentur,
1266 4578 1325 4626 nos
1340 4559 1446 4644 ipsum
