3148 5156
842 349 1000 453 Α,
1035 423 1036 426 ,

360 547 480 636 sigillo,
507 548 810 632 venerabiliumque
838 555 968 634 patrum
993 545 1253 634 supradictorum
1268 547 1305 614 F.
1323 547 1483 634 Arohiepi·

359 656 470 745 soopi,
500 663 534 724 et
557 659 594 723 P.
622 656 853 724 Oraooniensis
878 656 1034 744 Episoopi
1060 656 1180 742 sigillis
1205 655 1359 723 duximus
1386 657 1484 722 moni-

358 765 486 832 endum.

361 927 502 994 (Eredetio
515 925 691 994 bdrhdrtydm
714 927 822 996 molyen
835 925 927 979 hdrom
943 925 1035 996 penset
1053 925 1227 996 verns-stega
1246 929 1371 981 asindron
1390 927 1486 994 stigen,

461 1019 495 1072 de
509 1033 525 1069 a
538 1015 656 1084 irrepet
667 1014 726 1068 mir
739 1018 879 1085 elvessett,
899 1035 916 1070 a
928 1017 1026 1071 krakdi
1037 1015 1169 1086 kaptalan
1181 1013 1388 1084 loveletrthsn.)

364 1967 386 2030 Ι
392 1966 425 2031 V.
441 1967 522 2032 Bata
534 1967 641 2052 leratp
660 1967 748 2030 Peter
762 1968 850 2030 danti
872 1966 1134 2051 odop'obbdppnok‚
1159 1967 1238 2031 meli
1255 1966 1495 2031 reazbirtolrdert

363 2097 442 2138 onere
456 2074 578 2158 fejdden
594 2098 614 2140 a
628 2075 715 2140 hosti
738 2076 853 2140 edrhoz
879 2077 999 2138 tortozd
1023 2075 1091 2159 Sep
1107 2074 1241 2159 fdldrret·
1257 2075 1338 2160 salet
1360 2075 1492 2138 odoard-

807 2206 934 2268 oyoazn.
955 2179 1050 2247 1256.

471 2377 553 2444 Bela
575 2377 637 2444 Dei
661 2379 776 2461 groela
799 2376 975 2462 Hungarie,
1002 2378 1182 2463 Dalmaoie‚
1208 2375 1352 2461 Groaoie,
1377 2379 1493 2462 Reme

363 2487 487 2570 Seruis,
505 2483 653 2571 Gallieie,
672 2486 865 2554 Lodomerie
881 2484 1101 2571 (inmaniaque
1113 2488 1183 2552 Rex
1198 2485 1359 2552 vniuersis
1370 2484 1497 2552 Christi

364 2592 513 2670 fidelibus
528 2599 712 2678 presentem
727 2595 883 2678 pagiuam
899 2592 1093 2680 inspecturis
1116 2593 1256 2660 salntem
1273 2597 1306 2658 et
1321 2611 1419 2661 omne
1436 2594 1497 2658 bo-

364 2719 450 2766 num.
466 2699 603 2784 Regalis
618 2700 804 2784 benignitas
820 2721 901 2784 erga
916 2707 1038 2768 statum
1063 2700 1280 2768 subieotornm
1296 2701 1353 2786 pia
1368 2700 1497 2767 solliei-

324 2797 326 2804 ’
365 2805 477 2872 tudine
494 2807 761 2894 promonendnm‚
782 2796 911 2880 manum
928 2809 1096 2876 consueuit
1104 2809 1272 2894 porrigere
1285 2807 1498 2888 adiutrieem,

366 2919 401 2979 nt
416 2911 552 2981 subiecti
568 2913 677 2998 quiete
694 2915 816 3002 uiuant,
842 2916 945 3002 ltegie
959 2915 1153 2984 serenitatis
1172 2915 1285 2999 grania
1308 2913 1500 2982 fomentati.

366 3019 509 3086 Proinde
535 3021 579 3086 ad
604 3021 829 3089 uniuersorum
856 3023 1010 3092 noticiam
1021 3074 1030 3108 ,
1062 3031 1129 3089 tam
1153 3023 1368 3109 prenenoinm,
1394 3041 1502 3104 quam

367 3127 548 3196 futurorum
563 3125 678 3196 harum
704 3130 928 3200 insinoaoione
943 3132 1092 3198 uolumus
1109 3130 1290 3217 peruenire,
1315 3128 1406 3213 qnod
1421 3147 1504 3194 oum

365 3255 427 3304 nos
443 3234 672 3320 petiuissemus
688 3258 709 3304 a
725 3237 819 3305 Petro
835 3239 904 3305 filio
920 3237 1110 3304 Moohwrlra
1125 3237 1292 3322 deWyslr,
1308 3235 1504 3320 jobagione

366 3343 474 3411 Oastri
499 3343 602 3408 nostri
626 3344 838 3430 flandrensis,
865 3353 900 3412 ut
918 3347 1106 3432 porcionem
1130 3364 1222 3412 suam
1247 3343 1504 3426 hereditariam,

360 3453 463 3534 vquorem
479 3449 579 3516 habet
595 3451 636 3518 de
651 3458 741 3522 terra
751 3452 855 3537 Wysk
871 3459 998 3537 voeata,
1014 3453 1167 3520 videlieet
1182 3451 1350 3518 dimidiam
1361 3459 1504 3536 partem

364 3557 469 3625 tooins
485 3563 570 3624 terre
584 3557 702 3642 Wyslr,
729 3559 770 3626 ab
788 3558 864 3644 alijs
883 3558 1032 3643 cognatis
1057 3557 1126 3626 anis
1145 3558 1284 3625 renisam
1302 3563 1335 3623 et
1353 3575 1505 3644 separa-

364 3673 442 3748 tam,
469 3664 564 3732 adse
588 3664 693 3734 solnm
718 3666 933 3752 pertinentem
957 3664 991 3732 in
1007 3663 1169 3732 Comitotu
1186 3663 1379 3744 llonthansi,
1405 3665 1508 3730 eirea

364 3773 498 3840 fluuium
515 3769 586 3858 Ipol
611 3771 719 3856 sitam,
743 3771 838 3839 nobis
862 3769 956 3840 daret
982 3780 1014 3840 et
1030 3771 1190 3840 conferret
1215 3791 1273 3858 pro
1299 3771 1508 3838 eonoambio

364 3879 499 3946 atterius
515 3885 621 3964 terre;
647 3877 734 3946 idem
750 3881 865 3948 Petrus
881 3881 922 3948 de
938 3882 1024 3948 bona
1039 3901 1102 3948 sua
1125 3881 1293 3950 uoluntate
1308 3885 1342 3945 et
1356 3879 1510 3966 propria

363 3983 532 4068 fidelitate,
558 4005 618 4071 pro
633 3991 746 4054 nostra
761 3987 940 4054 dileeeione
958 3995 990 4053 et
1006 3987 1048 4054 ob
1062 3989 1362 4054 remuneraoionem
1381 3995 1510 4055 nostre

364 4091 485 4175 gracie,
503 4093 638 4179 eupiens
654 4093 845 4162 satisfacere
864 4095 1153 4178 Regienolnutati,
1177 4101 1211 4162 el
1225 4093 1423 4162 desiderans
1441 4095 1511 4160 im-

363 4198 508 4283 pendere
533 4201 651 4286 Regali
678 4201 804 4274 Corone
829 4201 1037 4286 fidelitatem
1066 4202 1228 4288 prefatam
1253 4221 1345 4270 suam
1371 4209 1510 4268 terram

363 4304 472 4390 Wysk
488 4306 583 4372 nobis
599 4308 767 4393 oouoessit,
784 4309 933 4394 permisit
949 4317 982 4376 et
998 4309 1087 4378 dedit
1101 4309 1343 4396 possidendam,
1367 4319 1404 4378 et
1420 4328 1510 4377 oon-

366 4410 546 4496 lerendam,
573 4415 763 4501 euieumqne
788 4415 955 4501 aelianus,
980 4437 1053 4484 oum
1069 4419 1219 4485 omnibns
1245 4417 1451 4490 utilitatibus
1472 4429 1513 4488 et

367 4518 577 4603 pertiuenoijs
602 4523 681 4607 suis,
705 4525 823 4605 quibus
848 4527 919 4612 ipse
944 4525 1144 4612 possidebat.
1169 4525 1212 4591 Et
1235 4526 1313 4609 quia
1336 4527 1442 4595 uobis
1475 4537 1514 4594 et

366 4619 500 4703 corona
525 4630 650 4692 tantam
665 4627 743 4695 lenit
757 4630 957 4714 fidelitatem,
985 4652 1044 4700 nos
1061 4651 1080 4698 e
1096 4651 1253 4700 conuerso
1276 4653 1336 4719 pro
1353 4653 1514 4701 oonoam
