3112 5148
585 314 728 418 —lffl—

120 515 177 581 den
193 514 233 582 D.
249 511 317 581 sore
340 511 522 597 legitimam
549 517 582 578 et
596 510 731 597 dignam
756 508 963 578 attendentes
978 511 1012 578 in
1037 515 1100 581 hac
1122 521 1229 602 parte,

120 622 211 707 ipsum
233 619 440 706 priuilegium
465 617 634 686 karissimi
664 617 770 705 patris
793 618 898 686 nostri
924 617 1134 707 inspicientes
1164 641 1229 688 non

119 747 223 812 rasum,
247 747 311 794 non
327 727 546 794 cancellatum
570 745 631 795 nec
645 727 680 793 in
696 725 809 813 aliqua
825 726 877 795 sui
902 734 997 815 parte
1018 727 1174 795 viciatum
1189 727 1231 796 de

121 836 203 902 uerbo
227 835 271 901 ad
284 835 419 902 uerbum
443 835 653 921 presentibus
668 835 769 902 inseri
792 833 941 920 lecimus,
969 840 1002 901 et
1017 835 1083 902 iam
1108 833 1230 903 dictam

121 942 314 1011 collacionem
339 942 486 1010 eiusdem
501 941 606 1028 patris
632 941 737 1010 nostri
759 941 928 1009 karissimi
954 941 1109 1012 dediciis
1133 944 1230 1012 terris

120 1057 279 1116 memorato
294 1050 454 1134 llagistro
466 1051 509 1116 D.
524 1048 621 1117 lactis
636 1068 677 1116 ex
693 1057 784 1117 certa
799 1049 943 1118 sciencia
959 1057 993 1118 et
1008 1069 1099 1119 mera
1114 1051 1231 1120 libera-

121 1157 197 1224 litate
206 1157 516 1242 confirmamumita,
525 1156 613 1240 quod
622 1175 758 1243 presens
767 1162 881 1224 nostra
892 1157 1101 1225 confirmacio
1110 1157 1232 1244 prioris
1305 1151 1317 1156 ’

122 1263 291 1332 donacionis
308 1263 432 1330 domini
445 1264 551 1350 patris
575 1265 678 1331 nostri
693 1271 886 1351 perpetuum
906 1265 951 1332 sit
965 1268 1065 1333 robur
1080 1272 1114 1333 ct
1128 1265 1232 1334 muni·

121 1393 191 1438 nen.
204 1373 434 1458 volentesque,
459 1380 495 1439 ut
510 1373 598 1440 idem
613 1375 772 1458 Magister
787 1373 829 1439 D.
846 1377 879 1439 et
894 1373 964 1440 eius
989 1372 1127 1441 heredes
1142 1375 1233 1441 here·

28 1537 29 1566 ἶ
122 1479 243 1562 dunque
257 1497 466 1548 successores
491 1487 559 1546 tam
578 1478 745 1567 predictas
761 1485 875 1564 terras,
893 1499 992 1564 quarn
1007 1478 1165 1546 utilitates
1182 1499 1234 1546 ca-

28 1607 29 1630 r
121 1606 179 1651 run
192 1586 360 1654 uniuersas
375 1585 568 1674 possideant
582 1586 720 1674 pacifice
737 1593 770 1654 ct
786 1585 906 1673 quiete,
929 1585 964 1652 in
980 1585 1047 1652 illis
1064 1591 1096 1652 et
1111 1585 1235 1653 eisdem

123 1693 212 1778 netis,
236 1695 416 1762 secundum
432 1694 519 1780 quod
542 1693 576 1760 in
600 1691 774 1781 priuilegio
799 1693 968 1760 karissimi
996 1693 1101 1780 patris
1131 1696 1235 1762 nostri

122 1799 246 1868 uidimus
262 1799 434 1870 contineri.
461 1801 504 1867 Vt
519 1800 621 1886 igitur
636 1799 797 1888 premisse
812 1797 1002 1868 donacionis
1022 1807 1054 1868 et
1070 1802 1234 1868 confirma-

122 1905 210 1975 cionis
224 1909 328 1976 series
342 1909 441 1976 robur
458 1909 603 1978 obtineat
618 1915 776 1996 perpetue
792 1905 963 1993 firmitatis,
981 1926 1041 1973 nco
1052 1925 1111 1993 por
1127 1926 1235 1992 quem-

122 2014 196 2098 pian
211 2035 370 2102 processu
394 2024 577 2103 temporum
595 2016 709 2084 ualent
723 2014 903 2099 retractari,
930 2013 984 2080 uel
999 2013 1033 2080 in
1049 2014 1175 2082 irritum
1190 2035 1236 2082 re

121 2122 226 2205 uocari,
250 2130 423 2211 presentes
439 2123 566 2191 litteras
591 2121 812 2190 concessimus
832 2120 995 2208 dupplicis
1016 2121 1118 2207 sigilli
1133 2123 1237 2188 nostri

121 2219 283 2297 munimine
300 2233 484 2300 roboratas.
503 2233 625 2299 Datum
641 2252 699 2318 per
716 2250 830 2296 manus
846 2229 1053 2297 Venerabilis
1069 2229 1238 2296 Benedicti

121 2339 306 2407 Archielccti
332 2339 522 2409 Oolocensls
547 2341 622 2408 aule
637 2345 749 2406 nostre
775 2338 970 2423 Cancellarij
996 2358 1081 2404 anno
1103 2337 1237 2406 Domini

121 2445 225 2515 irco
234 2447 399 2514 Lx⁰nlt
417 2455 510 2516 sexto
526 2447 687 2515 kalendas
704 2445 907 2514 Decembris.
933 2443 1100 2532 Stephano
1115 2445 1237 2530 Strigo·

121 2554 214 2622 mensi
228 2555 357 2640 illecto,
373 2556 580 2625 Bartolomeo
597 2553 971 2642 Quinque-Ecclesiensi‚
997 2552 1164 2638 Stephano
1179 2551 1238 2619 Za-

120 2665 274 2747 grabiensi
304 2671 337 2731 et
352 2663 429 2750 alijs
444 2664 628 2733 Ecclesiam
643 2665 706 2731 Dei
722 2663 863 2730 feliciter
884 2660 1152 2748 gubernantibus.
1178 2661 1239 2727 La·

121 2770 213 2840 dislao
228 2771 384 2840 Palatino
411 2779 443 2838 et
460 2773 586 2840 Gemite
601 2771 812 2858 Symigiensi,
838 2771 997 2856 Dyonisio
1016 2769 1108 2837 Bano
1134 2769 1238 2838 tocius

120 2881 294 2968 Solanonie,
321 2881 489 2948 Demetrio
512 2879 628 2950 Jndice
653 2879 750 2948 Ourie
765 2887 876 2949 nostre
901 2887 934 2947 et
949 2877 1073 2946 comite
1096 2877 1240 2946 Musuni-

120 2987 190 3070 cnsi,
213 2989 351 3056 Matheo
375 2989 533 3074 Magistro
549 2989 805 3056 Tauarnicorum
831 2993 864 3054 et
888 2985 1013 3054 Gemite
1035 2983 1239 3070 Posoniensi‚

120 3095 260 3166 Rorando
286 3095 449 3183 Magistro
465 3097 706 3185 Dapiferorum‚
731 3104 764 3163 et
786 3095 863 3182 alijs
885 3093 1034 3180 plurimis
1058 3091 1240 3162 comitatus

120 3211 145 3269 et
157 3205 372 3290 Magistratus
397 3203 591 3292 tenentibus,
615 3205 721 3290 Regni
737 3212 846 3274 autem
871 3200 974 3270 nostri
998 3220 1084 3268 anno
1108 3207 1237 3268 octauo.

119 3401 244 3462 {Erodetie
263 3397 445 3470 bb'rhdrtyin,
467 3401 578 3468 melyrdl
604 3419 621 3454 s
634 3400 723 3470 kirtly
745 3402 836 3454 kettlls
855 3398 1028 3468 pecsetjdnek
1051 3395 1179 3448 tb'reddke
1194 3404 1240 3449 vb-

222 3493 344 3550 rbs-zllld
358 3492 586 3560 solyernnsindron
599 3492 707 3561 iligg,c
724 3493 776 3545 kir.
791 3493 914 3544 kamarai
933 3485 1123 3554 lcvdltirban.)

542 3782 804 3792 a--u—-m-
