3148 5156
861 301 1020 413 Ab·

375 505 480 578 uersis
507 507 668 579 consimili
694 506 790 576 modo
815 507 949 591 reliquit
972 505 1100 594 prelato
1118 507 1236 576 comiti
1261 509 1364 576 Panlo
1381 513 1414 576 et
1437 505 1501 574 suis

375 619 553 689 heredibus
576 615 811 704 perpetualiter
826 613 1056 702 possidendas.
1081 616 1152 684 Hoc
1168 623 1278 684 tamen
1299 615 1502 702 interposito,

376 728 464 812 quod
477 732 589 812 partes
605 743 715 792 coram
739 722 834 792 nobis
850 723 1067 812 personaliter
1086 723 1260 792 constitute
1286 724 1397 791 taliter
1416 725 1502 791 sein

374 836 587 903 alteruterum
612 832 819 918 obligarunt3
844 839 879 900 vt
895 833 924 898 si
940 851 1004 918 que
1023 832 1171 919 parcium
1196 851 1330 920 presens
1355 851 1502 900 concam·

257 968 260 974 ·
375 943 465 1011 bium
489 961 556 1010 non
572 949 730 1024 seruaret,
757 947 790 1008 ct
805 946 983 1008 retractare
1008 939 1109 1008 uellet
1133 940 1219 1007 idem
1244 960 1303 1008 seu
1319 946 1501 1023 conaretur,

375 1072 441 1122 non
469 1049 600 1138 poterit,
625 1048 690 1116 nisi
712 1053 840 1116 centum
865 1047 984 1116 marcis
1010 1057 1087 1116 ante
1112 1048 1181 1116 litis
1206 1048 1389 1134 ingressum
1414 1046 1503 1134 parti

377 1158 501 1228 tacenti
527 1157 617 1245 prius
642 1155 828 1244 persolutis.
854 1158 893 1224 In
911 1156 1003 1224 cuius
1018 1157 1066 1225 rei
1090 1157 1281 1225 memoriam
1305 1155 1504 1223 firmitatem-

374 1287 438 1353 que
453 1272 646 1353 perpetuam
670 1272 839 1352 presentes
855 1265 1075 1334 concessimus
1099 1265 1226 1332 litteras
1241 1263 1286 1331 ad
1305 1262 1503 1350 peticionem

374 1375 477 1462 partis
493 1374 664 1458 utriusque
688 1371 790 1460 sigilli
806 1373 910 1442 nostri
926 1372 1105 1440 munimine
1120 1374 1303 1442 roboratas
1328 1372 1452 1439 Datum
1469 1370 1504 1436 in

373 1481 546 1568 quindenis
562 1481 657 1548 Beati
673 1479 845 1548 Michaelis
859 1480 1061 1565 Archangeli
1077 1500 1164 1548 anno
1179 1478 1312 1549 Domini
1328 1477 1504 1547 millesimo

374 1590 593 1659 ducentesimo
603 1587 874 1674 quinquagesimo
885 1589 1007 1673 quinto.
1015 1589 1173 1674 Magistro
1183 1587 1418 1656 Bonauenlura
1427 1588 1506 1654 Pre-

373 1697 644 1785 posito,01iuerio
655 1696 807 1781 cauare,
821 1695 952 1764 Ombud
961 1693 1113 1784 Custode,
1124 1695 1237 1764 Mikou
1247 1697 1381 1764 Decano
1391 1695 1506 1764 Eccle-

373 1808 421 1874 sic
437 1812 548 1876 nostre
562 1803 786 1874 existentibus.

428 2007 463 2072 (Δ
478 2005 558 2074 gyb'ri
570 2001 759 2072 lrbptalaunak
776 2004 855 2056 1280.
867 2003 959 2057 lstlrtlli
970 1999 1120 2058 tererent!
1132 2018 1149 2056 e
1162 2003 1244 2057 budai
1257 2003 1308 2056 kir.
1322 2004 1448 2056 lremmai

836 2089 1027 2160 lereltirban.)

810 2359 1067 2372 m

890 2827 969 2896 aab.

372 3008 403 3073 A
419 3012 614 3096 oooropycdra'
628 3007 813 3074 loaueotoelc
828 3009 1084 3096 bizonpcopleoelc
1093 3057 1103 3090 ,
1129 3009 1209 3094 kopp
1225 3007 1327 3094 Hepm
1345 3008 1509 3084 corneancl·

373 3118 426 3180 liat
442 3115 576 3182 Badhan
602 3115 668 3181 lc'cli
682 3115 855 3182 birtolorkat
873 3141 893 3181 a
914 3119 1144 3202 poooooholoua'
1167 3114 1365 3203 aprilaopnol·
1388 3116 1509 3178 bcirom

675 3227 876 3310 errictqc'rdc'rt
891 3224 1074 3312 cilcopedtclc.
1092 3223 1189 3289 1255.

478 3419 516 3484 B.
533 3419 654 3486 Diniua
679 3417 893 3488 miseracione
910 3420 1023 3488 Abbas
1039 3419 1228 3505 Monesterij
1253 3417 1367 3488 Sancti
1382 3417 1508 3502 Egidij

372 3526 413 3594 de
428 3527 566 3612 Simigio
582 3526 811 3595 etGonuentns
828 3528 974 3596 eiusdem
991 3529 1065 3613 loci,
1082 3528 1244 3596 uniuersis
1254 3527 1375 3595 Christi
1396 3527 1513 3594 tideli-

370 3635 515 3702 bustam
531 3635 735 3722 presentibus
751 3655 850 3721 quam
866 3636 994 3721 futuris,
1014 3655 1151 3723 presens
1166 3635 1321 3723 scriptum
1336 3633 1515 3720 inspectu·

370 3742 429 3828 ris,
445 3743 586 3812 salutem
602 3744 634 3810 in
652 3763 701 3828 eo,
717 3745 772 3830 qui
788 3749 840 3812 cst
855 3746 946 3813 salus
963 3744 1116 3812 omnium.
1133 3745 1186 3811 Ad
1200 3743 1356 3812 noticiam
1371 3743 1517 3812 uniuer-

370 3871 479 3920 sorum
496 3852 645 3920 uolumue
660 3852 851 3938 peruenire;
878 3849 965 3938 qnod
982 3853 1099 3938 Heym,
1118 3853 1241 3920 Paulus
1265 3859 1299 3919 et
1317 3852 1518 3936 Dionysius

368 3959 426 4044 lilij
444 3959 551 4044 Hepm
565 3957 700 4026 Comitis
725 3978 834 4028 coram
851 3959 947 4028 nobis
962 3959 1128 4028 constituti
1153 3960 1230 4026 uiva
1244 3979 1325 4026 uoce
1348 3979 1518 4029 asserue-

368 4075 454 4152 runt,
471 4066 559 4151 qnod
575 4067 709 4151 triginta
724 4067 841 4153 iugera
854 4074 1014 4136 terrarum
1025 4089 1097 4137 cum
1114 4089 1178 4137 uno
1193 4070 1302 4136 senato
1321 4075 1355 4133 et
1369 4068 1520 4141 duabus

368 4173 473 4242 uineis
498 4175 531 4242 in
557 4175 637 4242 villa
661 4175 734 4242 Rad
759 4177 985 4263 existentibus,
1010 4199 1069 4265 pro
1085 4177 1229 4245 remedio
1253 4177 1364 4244 anime
1394 4183 1520 4264 patris

369 4303 489 4366 eorum,
506 4288 539 4349 et
554 4283 687 4371 insuper
703 4305 763 4371 pro
778 4286 882 4353 tribus
899 4287 1018 4353 marcis
1033 4287 1160 4372 argenti
1171 4287 1372 4355 Monaetcrlo
1383 4289 1520 4360 Sancti

369 4391 501 4458 Martini
517 4391 558 4458 de
572 4393 674 4460 Sacro
689 4394 798 4461 Monte
814 4396 986 4463 Pannonie
1010 4395 1224 4464 contulissent
1248 4403 1409 4483 perpetuo
1429 4421 1522 4487 pos-

369 4497 536 4564 sidendas.
562 4501 715 4567 Preterea
730 4501 837 4570 dictur
853 4503 959 4587 Heym
975 4522 1048 4571 cum
1068 4503 1225 4571 fratribus
1243 4503 1312 4572 suis
1333 4515 1523 4592 prenomi-

371 4605 458 4668 natis
474 4605 633 4688 obligauit
648 4627 695 4693 sc,
721 4609 853 4692 quodsi
878 4611 989 4696 aliquo
1016 4619 1160 4700 tempore
1185 4615 1334 4700 predicta
1359 4616 1525 4705 triginta
