3122 5154
314 961 370 1028 IV.
387 960 467 1028 Bac
483 962 654 1048 atratynak
688 961 759 1049 Wya
784 964 815 1027 da
842 959 964 1028 Clade
990 959 1180 1048 telyadpclcet
1201 957 1353 1044 tdrppozd
1368 955 1449 1021 ado·

358 1071 475 1156 mdnyo
490 1067 599 1135 Simon
616 1068 750 1134 semei
769 1067 861 1154 Balpe
876 1068 1044 1134 Jdaoraalr
1053 1065 1105 1152 fic
1121 1067 1278 1130 acdmdro.
1297 1063 1399 1128 1239.

423 1264 531 1352 (Biela
547 1266 609 1334 Dei
633 1265 747 1352 gracia
760 1263 938 1351 Hungario,
963 1262 1145 1348 Dalmaeie,
1163 1259 1311 1343 Oroacie,
1327 1261 1449 1346 Reme,

315 1375 438 1460 Seruio,
454 1371 603 1460 Gallicie,
622 1372 812 1442 Lodomerie
836 1371 1054 1456 (lomanieque
1070 1373 1140 1438 Rex
1158 1370 1306 1436 omnibus
1322 1366 1449 1436 Christi

314 1479 465 1549 fidelibus
480 1501 617 1568 presens
634 1481 789 1567 scriptum
808 1479 1004 1566 inspecturis
1029 1479 1167 1546 salutem
1182 1478 1217 1542 in
1234 1495 1311 1542 uero
1328 1475 1449 1542 Salua-

314 1597 393 1656 tore.
420 1588 500 1656 (lum
524 1587 776 1674 obsequentium
802 1585 943 1654 fidelitas
969 1587 1092 1672 polleat
1117 1583 1315 1666 sinceritate,
1342 1581 1450 1650 dono·

315 1717 386 1764 rum
402 1717 467 1764 non
491 1695 651 1763 immerito
667 1695 760 1761 decet
785 1693 876 1781 ipsos
892 1693 1032 1780 benigne
1058 1687 1204 1779 aspicere
1230 1709 1303 1756 cum
1318 1689 1448 1774 fauore,

315 1809 477 1871 eteorum
503 1799 640 1870 comoda
666 1822 726 1889 pro
742 1801 865 1868 viribus
892 1800 1061 1886 ampliare.
1088 1797 1229 1864 Proinde
1257 1796 1301 1865 ad
1316 1799 1447 1864 uniuer-

314 1930 422 1978 sorum
449 1909 604 1976 noticiam
629 1911 744 1978 harum
770 1909 854 1978 serie
879 1909 1028 1976 volumus
1052 1906 1242 1994 peruenire,
1268 1905 1356 1992 quod
1380 1925 1446 1974 nos

314 2017 413 2104 digne
429 2017 463 2084 in
476 2019 664 2086 memoriam
680 2017 852 2101 reuocatis,
870 2025 902 2085 et
919 2018 1028 2084 animo
1044 2015 1188 2102 gratuitu
1204 2013 1351 2100 pensatis
1367 2011 1447 2082 fide-

313 2125 394 2193 lium
419 2125 649 2209 obsequiorum
675 2125 799 2192 meritis
827 2123 946 2192 nobilis
971 2123 1032 2192 viri
1048 2122 1197 2208 magistri
1213 2121 1366 2206 Symonis
1383 2119 1445 2208 filij

315 2234 474 2303 Johannis
499 2231 600 2318 Belye
626 2232 667 2299 de
691 2232 815 2300 Berkez
841 2253 880 2299 er
906 2231 1122 2318 generacione
1138 2229 1276 2296 condam
1292 2229 1446 2312 magistri

314 2335 474 2411 Johannis
498 2341 628 2408 Fridrih
653 2362 772 2428 magno
802 2340 935 2408 laudem
960 2337 1046 2428 (tgy)
1072 2337 1226 2426 preconio
1257 2335 1445 2420 attolentes,

313 2451 429 2536 quibus
454 2451 526 2537 ipse
550 2450 724 2517 aduertens
748 2451 917 2518 retroactis
944 2449 1156 2536 temporibus,
1182 2447 1307 2512 trabem
1332 2451 1447 2512 nostre

314 2559 496 2628 Maiestatis
507 2557 677 2645 imitando,
687 2559 807 2626 virtute
817 2557 981 2625 constanu'
992 2555 1079 2623 fideli
1090 2556 1217 2623 siucero
1228 2555 1307 2639 zelo,
1320 2552 1447 2620 viribus

316 2666 494 2734 laboriosis
510 2671 542 2731 et
552 2665 774 2733 sollicitudine
792 2665 958 2734 indefessa
978 2665 1185 2751 complacens
1202 2664 1235 2730 in
1251 2663 1375 2730 cunctis
1390 2684 1448 2731 uo-

317 2771 393 2840 stris
414 2772 562 2856 negociis
579 2772 754 2859 superinde
770 2773 833 2840 sibi
850 2772 1042 2856 commissis,
1060 2771 1154 2839 nobis
1171 2777 1239 2839 toto
1264 2791 1321 2838 sue
1344 2790 1448 2858 posse

317 2879 441 2948 studuit
466 2879 671 2968 eomplaeere
682 2931 691 2964 ,
717 2878 857 2946 reddens
884 2899 1011 2966 semper
1037 2899 1116 2973 erga
1139 2885 1283 2946 nostrum
1307 2878 1449 2963 Regium

319 2986 454 3054 (tulmen
470 2992 599 3072 gratum
615 2993 647 3054 et
662 2992 832 3075 acceptum
851 2987 1033 3055 seruicium.
1054 2987 1197 3067 Quorum
1213 2987 1342 3054 racione
1358 2987 1450 3072 cupi·

318 3100 410 3163 entes
426 3114 468 3161 ex
483 3093 590 3162 animo
619 3095 682 3163 sibi
707 3095 811 3182 Regia
834 3096 1042 3165 liberalitatis
1058 3095 1143 3164 douo
1160 3102 1194 3162 et
1208 3093 1450 3164 remuneracio-

190 3257 198 3268 .
320 3203 372 3269 nis
388 3201 535 3270 antidoto
552 3221 729 3289 occurrere,
755 3211 791 3270 vt
814 3204 912 3271 aeteri
939 3224 978 3272 eo
1004 3206 1154 3291 exemplo
1171 3205 1215 3272 ad
1229 3203 1397 3272 fidelitatis
1416 3209 1452 3270 et

320 3309 474 3378 virtutum
490 3329 592 3396 opera
608 3310 791 3378 exercenda
809 3309 990 3380 ierneneius
1006 3312 1232 3398 exardescant,
1251 3310 1452 3396 discantque

323 3416 383 3484 sub
399 3415 550 3505 Principe
560 3417 705 3502 glorioso
721 3418 877 3487 deuocius
893 3417 1064 3506 famulari3
1081 3418 1247 3505 quandam
1262 3419 1375 3486 villam
1392 3439 1447 3488 uo·

322 3525 424 3592 stram
439 3525 521 3611 Wys
537 3532 697 3613 vocatam,
714 3525 885 3594 simulcum
901 3527 1043 3612 quadam
1057 3535 1144 3596 terra
1160 3526 1450 3614 nomineGbenke,

322 3633 366 3700 ab
377 3632 514 3701 aliorum
525 3634 655 3720 jnribus
665 3653 723 3722 per
739 3639 842 3703 metas
854 3634 1079 3723 infrascriptae
1090 3637 1219 3706 omnino
1233 3636 1404 3704 distinctas
1415 3645 1452 3705 et

321 3738 501 3829 separatas,
519 3740 624 3809 eidem
638 3742 783 3829 symoni,
803 3751 836 3812 et
845 3761 903 3834 per
913 3765 985 3813 eum
1001 3752 1178 3813 memorato
1189 3745 1331 3814 Johauni
1348 3745 1451 3834 patri,

322 3859 362 3916 ae
377 3846 442 3916 Job
458 3848 524 3917 tilio
541 3848 687 3921 eiusdem
703 3851 864 3939 Symonis,
884 3853 962 3919 item
978 3851 1130 3920 erbuzlo
1146 3857 1179 3920 et
1193 3852 1290 3919 alteri
1305 3851 1451 3922 Jobauui

321 3957 487 4041 fratribus,
512 3963 545 4024 et
569 3959 820 4044 consanguineis
836 3960 915 4046 suis,
931 3980 1106 4045 eorumque
1125 3959 1267 4048 posteris
1286 3959 1450 4030 uniuersis

324 4085 396 4131 cum
412 4067 561 4134 omnibus
577 4067 774 4136 utilitatibus
793 4076 826 4135 et
842 4069 1052 4156 pertinenciis
1067 4069 1277 4154 quibuslibet,
1303 4090 1343 4136 ao
1358 4069 1448 4138 vado

322 4169 357 4236 in
371 4169 471 4238 fluuio
487 4173 640 4260 Bodrogh
656 4177 780 4259 habito,
802 4177 876 4262 jure
895 4183 1052 4265 perpetuo
1070 4187 1103 4246 et
1119 4177 1376 4246 irreuocabiliter
1392 4177 1447 4245 de

324 4273 429 4343 dimus
447 4284 480 4344 et
494 4283 696 4352 contulimus.
713 4283 857 4362 Quarnm
873 4285 979 4372 prima
992 4292 1078 4354 meta
1094 4287 1198 4373 primo
1214 4285 1330 4372 incipit
1346 4305 1450 4372 asep-

323 4384 483 4452 teutrione
499 4387 590 4458 iuxta
605 4391 769 4476 quandam
781 4414 908 4462 uenam
917 4395 1116 4464 'I'bewreker
1131 4402 1293 4479 vocatam,
1310 4393 1367 4460 vbi
1376 4392 1450 4461 alia

323 4510 409 4559 vena
425 4491 569 4559 eiusdem
595 4498 681 4566 aluei
707 4501 811 4568 Dedel
836 4503 1005 4589 appellata
1022 4504 1110 4572 cadit
1125 4505 1159 4572 iu
1174 4500 1314 4571 eandem
1328 4513 1450 4570 venam
