3112 5148
581 265 730 372 -rso-

95 469 380 554 confirmacionem,
399 487 421 532 a
437 465 599 550 Magistro
614 466 718 552 Phyle
733 465 903 552 Preposito
916 466 1144 552 Zagrabicnsi,
1165 465 1221 552 qui

95 579 227 646 modom
256 576 421 644 retinebat
444 594 507 660 pro
532 573 715 642 stabilitate
740 579 900 641 terrarum
920 595 1062 659 suarum,
1088 575 1219 660 Heyreh

94 687 244 752 uidelicet
257 684 421 768 cthder‚
439 703 513 750 cum
526 681 701 750 earundem
713 682 934 769 pertineneijs,
954 703 1037 766 quas
1054 682 1220 770 predictus

90 795 184 860 frater
208 797 324 860 noster
339 793 374 858 in
390 790 683 859 commutacionem
709 797 867 857 terrarum
884 810 1015 858 suarum
1041 811 1142 876 supra
1158 811 1219 857 me·

92 907 300 986 notatarum,
325 907 357 967 et
372 919 433 985 pro
458 898 753 983 reconpenracione
776 899 986 966 sommiorum
1002 919 1133 966 suorum
1149 919 1222 967 con-

91 1011 206 1078 tulerat
220 1009 289 1077 sibi
306 1017 341 1076 et
355 1007 513 1074 fratribus
536 1006 615 1089 suis,
631 1007 816 1074 necessario
832 1007 1007 1075 habuimus
1024 1007 1172 1094 eandem,
1189 1015 1222 1074 et

92 1115 1222 1202 muimusaduosreciperectaulerreabeodem;eatamcnadhibita

23 1243 24 1252 ¹
95 1226 232 1310 cantela,
256 1230 295 1291 ut
310 1222 469 1308 Magistro
485 1222 612 1309 Pbylpe
627 1231 660 1290 et
678 1223 833 1290 fratribus
848 1225 916 1292 suis
933 1244 1031 1312 super
1045 1225 1140 1292 terris
1155 1226 1222 1292 iam

23 1325 24 1400 ἶ
92 1335 195 1422 dietis,
210 1333 352 1416 Heyreh
377 1329 532 1398 uidelicet
547 1336 580 1397 et
595 1329 702 1398 Luder
728 1351 801 1398 cum
825 1333 892 1400 suis
908 1333 1132 1419 pertinenciJs,
1158 1353 1221 1418 qne

23 1431 24 1440 ἶ
93 1445 123 1509 in
137 1439 395 1510 confirmacione
409 1457 509 1505 auree
524 1437 613 1506 bulle
636 1444 747 1507 nostre
762 1437 849 1507 dioto
866 1441 958 1506 fratri
974 1445 1084 1509 nostro
1102 1440 1222 1506 collate

93 1549 343 1618 continebantur
354 1565 393 1614 eo
408 1555 532 1632 tenore,
553 1546 1101 1634 utouicnnqucsupradiotustrater
1112 1555 1222 1615 nostor

92 1667 192 1726 terras
219 1658 292 1724 iam
319 1655 435 1741 dictas,
462 1655 515 1721 uel
532 1655 615 1722 alias
641 1675 851 1741 quascunque
876 1657 1045 1744 conferret,
1070 1657 1164 1724 firma
1190 1663 1223 1722 et

92 1773 249 1854 perpetua
274 1763 460 1832 stabilitate
474 1771 709 1850 permanerent,
736 1763 859 1832 eisdem
879 1765 979 1832 aliam
1004 1764 1221 1833 confirmacio-

91 1893 159 1941 nem
174 1893 281 1942 auree
297 1872 388 1939 bulle
403 1877 513 1940 nostre
528 1873 600 1940 loco
617 1871 775 1959 eiusdem,
791 1892 889 1957 quam
899 1872 1085 1960 recipimus,
1102 1871 1222 1940 confer-

23 1981 24 2022 l
93 2003 208 2068 remus,
239 2000 343 2066 quam
360 1987 393 2047 et
408 1979 520 2048 habito
538 1980 679 2047 omnium
691 1981 905 2066 jobagiouum
921 1988 1103 2050 nostrorum
1119 1980 1221 2047 consi·

23 2083 25 2218 y
92 2092 130 2158 lio
145 2099 178 2159 ct
193 2092 355 2176 inspecta
371 2089 621 2156 confirmacione
636 2089 756 2176 priore,
783 2107 881 2156 auree
895 2090 1049 2158 videlicet
1065 2090 1153 2156 bulle
1168 2109 1221 2155 no-

23 2243 24 2246 =
93 2205 162 2282 stre,
183 2195 275 2263 duas
291 2195 387 2281 ipsas
401 2199 506 2262 terras
521 2195 653 2282 Hcyreh
670 2202 703 2262 et
718 2195 826 2262 Luder
846 2216 917 2262 oum
934 2195 1109 2264 earundem
1125 2197 1222 2282 pcrti-

91 2304 227 2391 nencijs,
253 2321 358 2388 quea
372 2302 476 2388 Botyz
491 2303 626 2387 Gemite,
651 2309 748 2390 prout
763 2311 795 2371 et
808 2324 867 2392 per
883 2323 943 2374 nos
964 2313 996 2371 et
1011 2325 1070 2390 per
1085 2303 1221 2370 cundem

23 2405 24 2420 ¹
90 2413 223 2480 bouem
250 2418 399 2478 nostrum
425 2411 578 2479 sciuimus
604 2411 709 2498 ipsius
733 2414 867 2500 propria
891 2420 924 2481 et
948 2413 1027 2480 uiua
1045 2412 1220 2495 relacione,

91 2523 250 2607 ilagistro
266 2521 375 2606 Phyle
391 2527 425 2587 et
448 2519 603 2588 fratribus
628 2522 706 2608 suis,
732 2523 858 2590 Thome
874 2522 991 2592 domiti
1017 2528 1050 2589 et
1063 2521 1172 2605 Petro,
1188 2519 1221 2585 in

92 2630 387 2699 commutacionem
396 2637 554 2697 terrerum
570 2649 700 2698 suarum
710 2652 768 2718 per
783 2629 921 2698 eundern
936 2630 1223 2698 fratremnostrom

91 2739 319 2822 karissimum,
344 2739 425 2804 etin
442 2739 779 2826 recompensacionem
795 2739 1006 2808 seruiciorom
1020 2728 1153 2808 snorum
1169 2735 1223 2804 ds·

23 2861 24 2868 ’
90 2857 137 2915 tas
153 2853 188 2914 et
206 2847 354 2916 collatas
378 2845 599 2914 intelleximus
616 2845 797 2934 manifeste,
824 2848 908 2916 sicut
922 2866 981 2935 per
996 2847 1123 2915 litteras
1139 2845 1222 2912 eins·

23 2945 24 2998 ³
90 2953 161 3022 dem
176 2955 383 3040 autenticas,
408 2961 503 3040 prout
519 2955 680 3043 superius,
704 2975 879 3043 expressas
894 2961 986 3043 patet
1008 2963 1041 3024 et
1056 2956 1175 3042 patuit,
1190 2959 1223 3020 et

23 3071 24 3116 ἶ
90 3085 145 3132 uos
170 3061 390 3132 concedimus
406 3071 439 3130 et
454 3064 680 3132 confirmamus
704 3065 797 3132 firma
812 3073 844 3132 et
860 3071 1019 3151 perpetua
1041 3061 1223 3132 stabilitate

88 3174 214 3242 eisdem
231 3170 434 3240 auctoritate
448 3172 553 3257 Regia
568 3191 771 3260 permanere,
801 3181 899 3256 atque
914 3174 949 3240 iu
967 3181 1158 3259 perpetuum
1175 3192 1224 3240 ro-

89 3281 226 3349 borsibi
243 3285 278 3348 et
293 3297 425 3348 suorum
436 3276 523 3366 (lgy)
539 3281 792 3364 successoribus,
807 3280 992 3350 secretioris
1002 3280 1105 3366 sigilli
1121 3281 1224 3348 nostri

23 3377 24 3388 ’
88 3388 284 3472 munimine,
302 3406 401 3455 auree
409 3386 562 3456 uidelicet
576 3387 663 3456 bullo
681 3393 791 3456 nostre
799 3387 1002 3456 corroborari
1011 3388 1224 3456 decreuimus.

87 3498 211 3566 Datum
240 3513 305 3582 per
328 3513 442 3561 manus
468 3495 666 3562 uenerabilis
690 3495 796 3581 patris
820 3495 988 3564 Benedicti
1013 3493 1224 3566 Goloohensis

85 3603 348 3692 Arebiepiscopi
363 3604 439 3670 aule
463 3609 573 3671 nostre
590 3602 804 3689 Cancellarii3
831 3604 1022 3672 Venerabili
1046 3610 1140 3691 patre
1155 3603 1223 3670 Ste-

85 3707 474 3798 pumoArohiepiscopo
485 3709 945 3798 Stngoniensi‚Bartholomeo
955 3710 1118 3798 Episcopo
1128 3710 1225 3789 Quin-

23 3867 24 3916 ἒ
85 3817 367 3904 qnoeeclesiensi,
392 3815 484 3884 Gleto
500 3817 663 3908 Agnone,
678 3820 844 3906 Stephano
861 3819 1087 3906 Zagrabiensi,
1112 3817 1224 3886 Blasio

23 3919 24 3976 ἶ
84 3926 332 4010 Chanadieusi
348 3925 507 4012 Artolpbo
535 3926 757 3996 Ultrasiluano
781 3927 955 4015 Episcopis
979 3925 1142 3994 Ecclesiae
1162 3925 1226 3992 Dei

83 4037 274 4106 salubriter
289 4031 547 4120 gubernantibus
560 4061 568 4121 ;
586 4035 760 4104 Vinccncio
775 4036 810 4105 in
826 4036 1024 4122 Episcopum
1034 4031 1225 4102 Warodieu-

83 4167 148 4214 sem
165 4146 301 4214 Electa
326 4142 524 4230 confirmato,
540 4143 702 4214 iconiensi
718 4151 750 4212 ct
766 4143 1000 4230 vesprimiensi
1016 4140 1155 4212 Sedibus
1170 4160 1225 4208 ua-

23 4279 24 4308 *
82 4257 269 4338 cantibus3
287 4249 443 4320 Ladinlao
456 4252 608 4320 Palatino
619 4250 745 4322 Gomits
753 4251 943 4338 simigiensi
958 4249 1118 4340 Dyonisio
1133 4249 1225 4318 Buno

23 4347 24 4350 ¹
81 4368 235 4434 abaco
260 4357 369 4428 tocius
385 4359 569 4446 Sulmonis,
594 4361 724 4429 Matheo
740 4360 898 4446 Magistro
917 4359 1174 4430 Tauarnicorum
1193 4367 1226 4430 et

81 4475 217 4544 comite
244 4467 451 4554 Posoniensi‚
468 4469 634 4537 Demetrio
659 4468 777 4538 Judice
792 4467 888 4536 Curie
913 4475 946 4537 st
969 4469 1094 4538 domito
1119 4469 1226 4538 Musu-

83 4587 205 4671 niensi‚
235 4576 426 4648 &mencio
441 4578 614 4666 Wayuode
635 4577 870 4664 Uitrasiluano,
885 4577 1044 4646 Bollondo
1066 4577 1225 4661 Magistro
