3112 5148
25 4471 28 4590 l

25 4895 30 5071 l

590 791 646 858 81.

77 969 190 1057 Appir'ri
203 973 362 1060 koptolaa
378 969 650 1058 bizooysdpleoele,
676 971 756 1060 luopy
775 974 867 1038 liceri
883 973 991 1040 Simon
1012 975 1180 1060 applausus·

77 1079 361 1148 nominitamus?
378 1091 462 1146 eztlst
478 1081 598 1167 piram
616 1079 927 1166 GporaiBrtliotaole
943 1083 1063 1168 eludja.
1084 1086 1181 1147 1241.

163 1257 348 1345 Capitulum
364 1258 385 1325 J
387 1258 546 1326 auriensis
560 1259 707 1326 Ecclesie
718 1259 878 1328 uniuersis
890 1259 1009 1327 Ohristi
1019 1259 1178 1344 fidelibus,

75 1363 107 1428 ad
128 1385 203 1449 qnos
228 1387 366 1451 presens
391 1366 546 1452 scriptum
570 1367 755 1452 peruenerit
776 1368 914 1434 salutem
928 1369 963 1434 in
982 1367 1098 1434 salotis
1119 1367 1178 1432 lar-

75 1471 170 1555 gitore.
194 1473 247 1538 Ad
264 1474 489 1542 uniuersorum
505 1473 661 1540 noticiam
676 1480 788 1541 tenore
813 1475 1016 1560 presencium
1032 1475 1181 1542 uolumus

75 1579 234 1662 peruenire,
259 1579 348 1662 qnod
364 1579 508 1664 Symone
523 1580 563 1646 de
588 1580 670 1648 uilla
686 1582 773 1648 Keer
789 1598 830 1648 ex
855 1602 921 1648 una
943 1590 1047 1670 parto,
1065 1581 1182 1648 Valen-

74 1687 127 1752 tino
142 1687 181 1754 de
193 1687 277 1754 uilla
292 1686 425 1772 Gyorou
449 1709 490 1754 ex
505 1689 610 1754 altera
626 1688 660 1754 in
675 1689 778 1756 nostri
794 1691 964 1776 presencia
986 1687 1181 1772 constitutis,

74 1793 143 1858 iden
167 1795 289 1881 Symon
306 1816 417 1864 coram
442 1797 536 1864 uobis
552 1803 602 1863 est
626 1796 804 1883 confessus,
832 1798 919 1884 qood
943 1803 1063 1865 terram
1089 1817 1182 1864 snam

73 1901 297 1986 hereditariam,
316 1923 415 1986 quam
431 1902 465 1968 iu
481 1901 562 1968 oilla
573 1903 832 1990 Eghazssurkon
848 1903 1045 1987 continebat,
1064 1909 1183 1970 aterra

75 2027 185 2077 snorum
212 2017 426 2096 cognatorum
452 2011 587 2098 pacifice
602 2015 801 2096 separatam,
828 2010 915 2079 dioto
931 2011 1104 2078 Valentino
1123 2031 1181 2098 pro

73 2125 180 2202 septem
196 2119 318 2186 marcis
333 2120 461 2202 argenti
480 2119 691 2206 uendidisset,
717 2141 798 2206 quas
816 2120 983 2188 consessus
1002 2128 1051 2188 est
1066 2140 1102 2187 se
1117 2122 1183 2206 ple·

74 2226 150 2292 narie
164 2229 342 2313 recepisse.
368 2228 419 2294 Ne
434 2227 533 2313 igitur
557 2219 663 2294 <lictus
679 2229 872 2296 Valentinus
898 2228 951 2296 uel
967 2228 1071 2314 ipsius
1094 2228 1183 2294 here·

73 2332 119 2398 les
134 2355 230 2421 super
247 2334 337 2401 dicta
352 2342 441 2401 terra
456 2355 514 2421 per
529 2335 670 2420 aliquem
688 2353 843 2420 processu
857 2343 1040 2421 temporum
1058 2335 1184 2418 possint

73 2443 234 2530 molestari,
252 2442 506 2529 adpetitionem
522 2442 660 2529 predicti
675 2442 828 2528 Symonis
845 2451 877 2508 et
897 2442 1001 2508 eciam
1017 2441 1184 2508 Valentini

73 2557 225 2632 presentes
242 2551 463 2618 concessimus
479 2551 606 2617 litteras
622 2550 722 2634 sigili
741 2551 845 2618 nostri
860 2549 1075 2635 impressione
1093 2549 1184 2615 robo-

71 2660 268 2726 intercluso
286 2659 329 2726 ab
344 2659 578 2727 Inoarnacione
594 2661 726 2736 Domini
743 2661 787 2725 Μο
798 2659 1016 2725 ducentesimo
1033 2659 1106 2724 ΧΠ
1121 2657 1185 2744 pri·

73 2786 133 2848 uo;
149 2767 306 2852 llagistro
324 2765 479 2853 chepano
494 2766 664 2852 Prepesito
680 2765 825 2832 Ecclesia
850 2771 972 2849 nostre,
989 2767 1184 2854 Vyruucone

73 2875 297 2942 ,trehidiaeono
308 2873 484 2960 Jauriensi,
505 2874 596 2940 Sixto
607 2873 759 2958 (lentore,
770 2875 896 2940 Thema
911 2873 1062 2960 Custode,
1072 2874 1184 2942 Mikou

75 2980 191 3050 Decano
210 2983 435 3050 existentibus.

75 3159 100 3209 ul
112 3165 184 3226 gyclri
194 3161 328 3230 ktptalan
344 3164 457 3215 rose-ki
469 3159 632 3230 ttiratabam
646 3162 772 3228 melynclr
785 3163 903 3214 credetis
916 3161 1029 3227 aIlumy
1043 3159 1134 3212 csalad
1146 3161 1184 3212 le·

73 3249 509 3320 vstnrtbmmtsolstsamagyar
517 3250 780 3304 akademialrtnirsti
786 3250 1028 3319 gylljtcmtnytben
1039 3250 1185 3318 liriztetik.)

494 3542 758 3552 m...-

599 3985 655 4054 82.

121 4166 181 4233 IV.
196 4165 278 4232 Bon
292 4166 401 4254 ttroty
416 4165 594 4252 odomdoya
610 4165 680 4234 Filo
695 4165 827 4252 captati
837 4167 967 4252 paepost
987 4165 1128 4230 taratra·

491 4278 647 4342 eadmero.
661 4275 759 4340 1242.

171 4452 250 4520 Belo
273 4453 335 4521 Dei
351 4454 464 4540 gracia
478 4454 655 4542 Hungsrie,
682 4451 863 4534 Dalmscie,
881 4448 1048 4534 Ohroacie,
1074 4449 1187 4528 Reme,

71 4562 78 4570 .

65 4563 187 4650 semis,
202 4562 352 4650 Gallicis,
370 4561 563 4632 Lodomerie
575 4561 795 4645 (inmaniaque
811 4560 881 4626 Rex
897 4555 1044 4625 omnibns
1061 4576 1189 4642 presen-
