3102 5160
105 985 163 1050 ll'.
190 985 269 1050 Be'lu
293 985 397 1070 lirutlp
423 984 587 1070 olrttcinpa,
611 985 691 1070 nuely
715 985 795 1049 ‹tlral
815 983 945 1052 Lerrclcdt
975 985 1095 1050 Bolum
1114 987 1229 1070 ficicul·

106 1095 220 1157 turoczr'
242 1093 359 1158 bestola
376 1093 499 1178 J'eje'bec
523 1093 696 1180 caerulepcu
720 1105 869 1156 oeoezetea
887 1093 1072 1178 juazdpolut
1099 1095 1229 1160 adonici-

564 1223 652 1284 opoe.
671 1197 766 1266 1246.

207 1359 287 1426 Bela
303 1360 366 1426 Dei
391 1361 506 1443 gracia
530 1359 708 1444 Hungarie,
732 1360 912 1440 Dalnracie,
940 1361 1084 1444 (lroaoie,
1112 1363 1224 1444 Reme,

102 1465 220 1550 Seruis,
238 1467 393 1550 Gallioie,
416 1467 581 1552 Bulgarie,
599 1461 802 1550 sedoneris,
824 1467 1044 1551 Cumanieque
1069 1471 1138 1534 Rex
1161 1469 1226 1533 vui-

102 1573 201 1638 uersis
211 1572 332 1640 Christi
349 1575 501 1642 fidelibus
521 1573 727 1661 presentibus
744 1579 776 1640 et
791 1573 1071 1659 futurisseriptum
1089 1595 1224 1660 presens

100 1681 445 1766 inspecturissalutem
462 1683 494 1747 in
507 1681 657 1764 Domino,
678 1681 733 1764 qui
749 1681 952 1748 credencium
969 1687 1106 1748 estvora
1123 1683 1223 1748 salus.

100 1787 203 1854 Debet
219 1790 326 1872 Regia
341 1791 509 1873 Magestas
523 1787 726 1855 subditorum
741 1788 916 1872 inuigilare
937 1790 1124 1874 commodis,
1141 1797 1176 1854 ut
1193 1799 1226 1857 et

98 1893 159 1978 ipsi
167 1892 291 1962 Gelesti
303 1894 449 1981 Principi
460 1895 664 1982 Principibus
674 1898 739 1982 pijs
755 1904 918 1962 terrenum
928 1897 1114 1982 Principem
1125 1895 1223 1982 digne

99 2003 224 2086 possint
239 2003 478 2070 commendare.
504 2003 646 2072 Proinde
661 2004 886 2070 uniuersitatis
910 2009 1017 2072 vestre
1042 2005 1163 2071 noticie
1179 2011 1222 2072 te-

100 2129 172 2176 nore
182 2111 386 2195 presencium
398 2111 615 2195 seorstanum
636 2112 813 2196 quodquia
822 2117 916 2198 pater
930 2102 1042 2178 noster
1052 2113 1084 2178 iu
1096 2111 1223 2180 Christo

101 2219 294 2288 karimimus
303 2217 463 2305 Andreas,
474 2221 538 2286 Dei
548 2221 662 2304 gracia
671 2219 810 2287 Illustris
821 2223 891 2286 Rex
903 2221 1081 2303 Hungarie,
1098 2221 1224 2286 Bobma

99 2327 195 2393 lilium
222 2325 350 2412 Gyurlx,
376 2327 467 2394 cuius
493 2333 639 2395 attauum
664 2327 815 2394 similiter
839 2327 965 2393 Bohma
993 2328 1136 2412 nomine,
1163 2347 1222 2413 pro

98 2433 310 2502 fidelitatibus
336 2435 597 2519 progenitoribus
622 2437 750 2520 uostris,
776 2438 878 2502 Sacro
897 2434 1043 2502 Chorene
1060 2443 1092 2500 et
1109 2437 1221 2517 Regno

98 2541 274 2628 exhybitis,
290 2540 417 2626 Petrus,
433 2543 489 2624 qui
506 2542 669 2626 quandam
680 2544 786 2626 Regni
803 2543 1057 2627 gubernaculum
1074 2547 1222 2626 potenter

13 2663 14 2673 ¹
100 2650 248 2717 obtinens
266 2669 384 2715 nomen
397 2649 496 2733 Regis
513 2650 801 2736 usurpaueratsibi
819 2650 859 2715 de
869 2650 982 2732 Regno
999 2648 1174 2732 Hungarie,
1191 2653 1223 2713 et

14 2769 16 2820 3
100 2761 220 2822 terram
235 2757 367 2822 Turucb
383 2756 465 2842 ipsis
487 2757 647 2838 auferens,
675 2777 748 2822 oum
775 2756 842 2821 suis
866 2755 1024 2840 proximis
1043 2755 1221 2840 expulerat,

15 2843 16 2885 ³
98 2864 169 2932 dum
186 2883 248 2951 pro
265 2862 454 2932 defensioue
470 2873 555 2932 terre
565 2871 678 2930 sancte
694 2870 727 2930 et
742 2865 834 2930 Sacri
850 2863 996 2950 sepulcri
1007 2862 1138 2929 Domini
1149 2883 1222 2928 cum

16 2971 18 3060 s
99 2974 211 3038 ceteris
221 2972 368 3057 Regibus
386 2979 417 3038 et
427 2972 574 3038 Ducibus
585 2971 788 3053 Christianis,
807 2991 917 3039 eorum
927 2993 986 3058 pro
996 2971 1117 3038 Christi
1134 2991 1221 3044 cruo-

17 3087 18 3097 ’
100 3097 133 3146 re
143 3079 340 3146 affectantes
351 3080 515 3146 effundere
526 3081 728 3164 sanguinem,
742 3101 831 3146 nrare
846 3080 1086 3164 meminissent,
1104 3081 1136 3144 in
1153 3079 1222 3144 acie

101 3197 129 3254 et
144 3190 208 3257 sub
224 3187 348 3254 vexillo
365 3189 466 3256 Ducis
481 3189 617 3256 Polouie
633 3209 690 3274 per
706 3208 766 3254 sua
782 3197 857 3255 acta
873 3187 1019 3256 virtuosa
1035 3194 1067 3253 et
1084 3186 1223 3254 seruicia

100 3293 211 3364 tidelia
226 3301 413 3381 nauantem,
430 3315 507 3364 suos
524 3296 748 3382 progenitores
774 3295 844 3363 sinc
861 3315 970 3364 eorum
987 3295 1175 3361 excessibus
1191 3301 1223 3360 et

101 3404 202 3488 culpis
219 3402 260 3468 de
276 3404 391 3486 Regno
401 3401 567 3488 Hungarie
584 3405 738 3490 expulsos
755 3404 912 3487 extitisse,
929 3405 999 3471 veri
1010 3424 1097 3472 more
1114 3411 1221 3488 pasto-

22 3513 23 3580 ]
100 3511 140 3576 ris
165 3530 416 3596 recognoscens,
442 3511 538 3588 velud
555 3531 648 3580 ouem
665 3519 826 3578 errantem
842 3513 875 3578 in
891 3513 1038 3596 Regnum
1063 3532 1157 3578 suum
1177 3531 1219 3575 re-

101 3616 254 3702 luxisset,
274 3625 568 3702 totamqueterram
578 3618 738 3705 Thuruch,
756 3638 819 3704 que
836 3639 967 3688 suorum
977 3619 1219 3704 progenitorum

99 3723 202 3790 iuerat
219 3723 418 3794 hereditaria
434 3726 622 3809 abantiquo
640 3733 672 3792 et
687 3727 940 3812 patrimonialis,
961 3727 1045 3793 sicut
1060 3727 1094 3792 in
1103 3725 1221 3792 litteris

98 3831 173 3901 dicti
202 3834 309 3920 patris
335 3836 436 3901 nostri
461 3829 600 3902 vidimus
628 3836 748 3902 clarius
776 3836 953 3919 contineri,
981 3841 1012 3901 et
1038 3836 1112 3919 ipsa
1136 3839 1223 3898 terra

98 3940 227 4011 l'urucb
242 3949 317 4030 post
342 3944 486 4028 ipsorum
503 3945 727 4030 expulsionem
751 3944 866 4012 fuisset
882 3944 1039 4031 populata
1059 3948 1091 4009 et
1107 3941 1219 4026 ampli-

101 4055 214 4138 ticata5
243 4052 422 4139 populique
437 4054 471 4118 in
486 4053 560 4140 ipse
585 4055 760 4121 existentes
783 4053 933 4122 defuncto
959 4054 1032 4138 ipsc
1049 4050 1173 4117 Bohma
1189 4049 1223 4114 in

97 4161 251 4245 partibus
268 4159 442 4227 Solanonie
465 4162 498 4227 in
515 4162 634 4230 nostris
659 4162 806 4248 seruioijs
831 4171 943 4230 contra
961 4159 1105 4227 Leustah
1121 4157 1223 4224 filium

96 4267 221 4334 Rohma
247 4273 283 4334 et
297 4285 375 4334 suos
398 4268 567 4352 proximos
592 4269 811 4353 querimonias
835 4269 1039 4355 frequencius
1064 4267 1224 4355 plurimas

96 4376 338 4460 porrexissent5
365 4397 425 4443 nos
442 4397 514 4443 cum
541 4379 646 4462 Regni
662 4377 765 4448 nostri
780 4377 963 4445 Beronibus
983 4375 1092 4444 debito
1109 4374 1223 4461 preba-

96 4487 155 4554 bitc
186 4491 334 4555 mactatu
351 4493 383 4553 et
399 4486 533 4554 consilio
562 4508 620 4573 pro
636 4488 801 4572 utriusque
827 4487 931 4572 partis
954 4483 1132 4569 commodo,
1158 4493 1224 4549 mm

99 4595 243 4664 Leustalr
260 4601 294 4662 et
309 4591 533 4682 proximorum
550 4611 690 4680 suorum,
708 4612 805 4676 quam
822 4593 1012 4680 populorum
1029 4591 1069 4658 de
1084 4589 1222 4684 sumen,
