3198 5160
583 329 741 430 Q

96 529 188 614 tiam,
214 547 314 612 quam
331 545 410 611 erga
437 526 579 612 ipsorum
605 525 731 592 nobiles
747 525 848 593 nostri
874 523 1146 611 praedecessores
1169 545 1227 611 per

96 645 224 722 tempus
243 635 455 722 praeteritum
480 632 674 718 habuerunt,
701 632 911 717 disponentes
938 651 1048 699 eorum
1069 632 1227 700 haeredes

97 741 270 810 ostendere
293 759 395 827 opera
420 759 480 826 per
503 739 663 822 effectum,
690 739 916 824 concedimus,
943 746 976 806 et
1000 741 1227 808 confirmamus

96 849 176 915 viris
192 848 368 915 Nobilibus
381 846 578 931 Schinellae,
598 854 676 913 nato
692 846 857 930 qnondam
874 848 1000 934 egregii
1016 849 1078 916 viri
1092 847 1227 916 domitis

97 956 344 1022 Bartholomaei
359 955 495 1038 Voglae,
507 973 547 1020 ac
564 954 634 1039 ejus
651 953 737 1038 liliis,
750 955 857 1037 Petro,
874 953 1072 1040 Schinellae,
1086 955 1225 1024 Bartho-

97 1064 244 1148 lomaeo;
271 1069 303 1128 et
319 1061 502 1147 Frederico,
518 1061 780 1146 Bartholomaeo,
796 1060 941 1130 (luidoni
965 1063 1042 1130 liliis
1063 1063 1227 1148 quondam

97 1171 234 1238 Comitis
251 1169 411 1240 Gnidouis
428 1169 469 1237 de
485 1169 602 1254 vegla,
628 1175 661 1236 et
677 1189 788 1237 corum
803 1169 999 1236 haeredibus
1021 1171 1175 1239 masculis
1191 1174 1226 1238 in

96 1286 300 1365 perpetuum,
324 1279 372 1344 ita
387 1277 474 1362 quod
489 1297 571 1343 unus
587 1276 683 1344 alteri
698 1277 862 1361 succedat,
880 1278 1069 1344 universum
1085 1277 1226 1346 domita·

96 1395 165 1454 tum
182 1387 319 1473 Veglae,
344 1393 377 1452 et
392 1387 536 1465 Insulae,
553 1391 586 1452 et
601 1385 774 1469 Pernichii,
792 1405 865 1452 eum
882 1387 1034 1454 omnihus
1056 1387 1226 1469 reditibus,

31 1567 49 1592 .·
93 1496 298 1583 juribusqne,
323 1494 517 1578 rationibus,
544 1494 818 1580 honorificentiis,
845 1493 1000 1578 collectis,
1030 1501 1062 1561 et
1089 1495 1227 1580 regaliis

98 1604 169 1669 suia
185 1602 394 1670 adcumulem
411 1601 608 1671 demiratum
624 1609 657 1668 et
672 1603 830 1688 Insulam,
851 1603 923 1670 sive
938 1603 1064 1670 insulas
1080 1610 1227 1690 spectan-

97 1711 208 1796 tibus,
227 1718 319 1778 ntea
334 1710 444 1777 omnia
459 1708 501 1776 de
517 1714 645 1776 caetero
656 1707 809 1792 habeant,
827 1714 971 1794 teneant,
988 1715 1020 1777 et
1036 1709 1228 1796 possideant

96 1820 169 1885 sine
185 1818 297 1903 aliqua
313 1819 551 1904 contrarietate,
568 1819 652 1885 sicut
667 1816 730 1904 ipsi
747 1816 898 1903 Comites,
915 1823 947 1884 et
967 1837 1077 1884 eorum
1091 1817 1227 1906 praede-

99 1945 248 1994 cessores
264 1948 324 2014 per
340 1935 468 2015 tempus
484 1926 696 2014 praeteritum
710 1926 894 1994 hahuerunt
913 1931 946 1992 et
961 1931 1144 2011 tenuerunt,
1169 1926 1226 1992 ha·

100 2033 216 2121 hendo,
245 2037 330 2103 sicut
345 2035 468 2104 dictum
484 2041 543 2116 est,
572 2034 678 2102 dictus
695 2032 846 2100 dominus
862 2033 1029 2100 Schinella
1043 2032 1170 2118 (lomes,
1195 2042 1228 2101 et
1354 2115 1360 2129 Ι

99 2144 167 2232 filii,
184 2152 217 2211 et
234 2163 346 2213 eorum
361 2143 522 2212 haeredes
538 2143 746 2210 medietatem
762 2143 861 2209 totius
878 2140 958 2208 dicti
975 2139 1173 2228 Comitatus,
1196 2146 1236 2208 et

99 2252 261 2337 praedicti
286 2253 481 2338 Fridericus,
509 2259 541 2319 et
557 2251 838 2334 Bartholomaeus,
866 2259 898 2316 et
914 2249 1033 2334 (luido,
1060 2270 1100 2316 ac
1116 2269 1228 2318 eorum

102 2360 262 2428 haeredes
288 2360 388 2427 aliam
405 2361 621 2428 medietatem.
646 2361 824 2444 Propterea
848 2376 960 2424 omnes
984 2354 1105 2424 dictum
1122 2358 1228 2426 Oomi-

99 2473 202 2534 tatum
229 2485 342 2552 regere
358 2475 390 2534 et
405 2467 588 2552 gubernare
614 2465 756 2532 debeant
771 2462 948 2532 secundnm
964 2463 1068 2530 bonas
1094 2470 1127 2532 et
1146 2465 1227 2532 anti·

100 2594 183 2657 quas
210 2575 461 2643 consuetudines
486 2573 590 2661 ipsius
608 2573 809 2658 Comitatus,
836 2591 875 2638 aa
899 2569 1094 2639 domitatum
1117 2591 1227 2639 manu-

100 2689 213 2749 tenere
228 2689 262 2750 et
277 2682 447 2751 defensare
468 2680 633 2751 bonafide
650 2680 694 2749 ad
711 2687 868 2764 nostrum,
896 2679 1064 2763 nostrique
1080 2677 1226 2746 Commu-

98 2791 152 2856 nis
176 2791 295 2858 Veneti
319 2791 493 2876 honorem;
525 2795 665 2877 excepta
688 2808 830 2876 persona
859 2795 1033 2873 coronata,
1065 2795 1099 2855 et
1122 2787 1227 2875 ipsius

99 2897 246 2965 exercitu
258 2899 441 2967 manifesto.
453 2899 592 2966 Nuntios
603 2903 711 2964 aumm
721 2905 850 2966 nostros
860 2894 1092 2964 etdommuuis
1105 2896 1228 2981 Veneti,

97 3025 140 3072 ac
165 3009 280 3093 galeas
305 3016 337 3074 et
356 3007 449 3094 ligna
473 3007 647 3090 currentia,
673 3025 757 3089 quae
781 3005 859 3072 illuc
884 3024 941 3089 per
965 3010 1112 3091 tempora
1136 3004 1228 3072 adire

97 3115 284 3202 contigerit,
301 3114 440 3182 debeant
464 3117 611 3201 recipere
627 3115 818 3194 honorifice,
844 3121 876 3180 et
900 3118 1040 3180 tractare
1065 3113 1225 3198 henigne3

97 3225 250 3292 inimicos
281 3231 390 3290 antem
416 3223 530 3291 Veneti
555 3221 743 3290 Communis
769 3229 805 3287 nt
828 3219 979 3288 inimicos
1011 3219 1226 3308 reputahuut;
1274 3239 1277 3246 ·

96 3334 223 3402 amicos
239 3352 318 3401 vero
329 3353 387 3419 pro
404 3332 520 3400 amicis
535 3331 711 3400 habebunt.
725 3331 766 3396 Et
782 3348 847 3396 non
863 3326 985 3394 sacient
997 3330 1228 3416 compagniam

99 3463 174 3508 cum
199 3443 265 3509 ullo
284 3442 438 3524 corsario,
463 3441 516 3508 rel
531 3440 720 3506 societatem
745 3457 817 3504 cum
833 3436 999 3520 aliquibus
1025 3457 1066 3504 ex
1082 3439 1131 3506 eis
1157 3459 1229 3508 oon·

97 3550 242 3635 trahent,
268 3550 324 3632 qui
341 3547 584 3616 derobationem
600 3545 837 3634 piraticamque
856 3552 1055 3630 exercentes,
1080 3547 1229 3616 homines

98 3655 281 3742 offendunt,
306 3657 360 3723 vel
384 3654 549 3724 offendere
573 3655 762 3742 niterentur,
788 3652 860 3722 sive
883 3653 970 3722 alios
993 3652 1227 3739 undecumque,

96 3767 172 3832 sire
186 3764 344 3832 Venetiae
360 3764 538 3849 venientes,
564 3768 598 3829 et
613 3761 655 3830 de
672 3761 818 3830 Venetiis
835 3760 1015 3828 redeuntes.
1042 3761 1083 3826 Et
1098 3769 1148 3830 est
1168 3763 1227 3828 sci·

97 3871 230 3957 endum,
247 3871 335 3956 quod
350 3890 408 3957 per
424 3871 546 3939 dictam
562 3870 805 3939 concessionem
824 3869 927 3954 ipsius
944 3866 1126 3936 Comitatus
1144 3869 1226 3936 solvi

96 3987 133 4046 et
150 3978 222 4047 dari
242 3978 385 4046 debeant
400 3979 570 4048 Communi
586 3979 784 4046 Venetorum
799 3976 904 4043 lihrae
925 3981 1110 4061 nongentas
1126 3978 1227 4044 Vene-

95 4095 158 4154 tae
172 4105 306 4173 parrae,
332 4084 374 4154 de
390 4087 507 4171 quihus
533 4087 627 4154 libris
644 4089 711 4156 900
727 4084 941 4154 medietatem¹
955 4083 1082 4150 solvere
1101 4089 1133 4150 et
1149 4085 1229 4152 dare

96 4194 244 4263 debeant
269 4194 419 4263 domiuus
436 4196 553 4264 Comes
567 4194 735 4262 Schinella
760 4197 792 4258 et
807 4191 867 4259 dlii
881 4193 953 4260 eius
969 4211 1008 4257 ac
1024 4211 1134 4260 eorum
1151 4192 1228 4259 hae

94 4301 207 4389 redes,
223 4305 342 4390 quihus
359 4323 517 4373 concessa
532 4311 583 4371 est
598 4302 757 4372 medietas
773 4299 1062 4386 diotidomitatus5
1079 4307 1113 4368 et
1128 4299 1229 4367 aliam

95 4409 310 4480 medietatem
327 4413 455 4480 soluere
481 4419 515 4478 et
531 4412 610 4479 dare
626 4411 767 4478 debeant
785 4407 924 4497 predicti
939 4406 1135 4494 Fridericus,
1152 4409 1229 4476 Bar-

95 4518 306 4589 tholomaeus
316 4525 349 4587 et
364 4519 483 4606 (luido,
502 4527 535 4587 et
551 4519 839 4604 sorumhaeredes,
856 4516 973 4601 quihus
989 4516 1059 4582 alia
1068 4515 1229 4585 medietas

95 4628 285 4698 Comitatus
302 4648 458 4699 concessa
473 4637 533 4698 est.
560 4631 612 4696 De
628 4627 745 4713 quihus
762 4627 883 4694 hahere
908 4625 1064 4694 dehemus
1079 4644 1139 4692 nos
1153 4627 1231 4694 Dux

145 4764 434 4804 nomannorum
455 4777 491 4786 -
511 4765 581 4801 nrrr..
600 4758 633 4794 1¹·
1026 4743 1068 4800 34
