3102 5160
12 47 14 174 i

12 473 14 584 i

547 261 704 362 -.ii-⁵...

73 465 199 522 tenorum
226 455 355 523 maiore
380 453 550 525 fidebatis
566 475 668 542 opera
688 456 782 523 nobis
799 456 953 524 exhibuit
978 457 1015 522 ln
1034 456 1126 523 cuius
1142 476 1189 523 re·

12 599 13 632 ;
72 562 364 648 compensacionern
388 564 620 648 concessimus,
648 571 681 630 vt
697 570 850 648 castrum,
876 563 1011 650 quodie
1027 570 1191 632 terrnsua

74 670 211 736 edibcnre
227 669 407 755 inceperet,
424 669 554 738 edificet
569 671 688 758 ipsum,
705 679 820 741 ettam
836 674 919 759 ipse,
941 691 1038 758 quam
1054 672 1105 739 sui
1121 692 1192 740 suc·

73 797 204 846 cesores
219 777 352 864 possint
371 786 403 845 et
417 779 553 846 valeant
567 779 601 846 iu
618 787 809 867 perpetuum
825 780 1003 867 possidere.
1025 781 1068 848 Vt
1083 788 1192 848 autern

73 887 279 954 buiusnoatre
304 886 527 954 concessionis
553 887 656 956 series
671 887 867 956 inconcussa
891 889 926 956 in
942 895 1107 976 posterum
1124 907 1195 976 per·

12 991 13 1024 i
74 1001 207 1080 maneat;
234 1013 298 1062 nec
314 1013 458 1080 vnquam
477 995 586 1080 aliquo
614 1015 768 1066 successu
783 1003 963 1084 temporum
980 1003 1081 1082 queat
1093 1004 1193 1065 retra·

76 1104 163 1186 uam,
189 1103 243 1169 rel
269 1103 304 1170 in
329 1103 456 1171 irritum
483 1105 649 1189 reuocari,
674 1105 718 1173 ad
737 1105 807 1173 eius
829 1104 956 1173 firmam
979 1103 1193 1173 stabilitatem

73 1217 227 1294 poentes
253 1209 362 1277 cidem
388 1211 611 1280 concessimus
638 1211 765 1282 litteras
792 1212 932 1299 duplicis
957 1213 1060 1301 sigilli
1091 1213 1196 1280 nostri

74 1318 236 1386 munimine
261 1319 446 1391 roboratus.
473 1319 592 1388 Datum
616 1339 703 1388 auno
728 1321 860 1388 Domini
875 1319 996 1394 ΜΨ
1013 1319 1195 1408 quadruge·

73 1425 143 1494 nmo
157 1427 311 1512 septimo,
325 1427 433 1512 Regni
442 1433 549 1496 eutem
562 1428 665 1496 nostri
681 1448 768 1497 auno
779 1427 981 1514 duodecimo,
999 1427 1193 1512 oonisbtaji.

75 1627 174 1691 fflbbert
184 1623 292 1691 kiroly
313 1624 461 1694 kirilynair
474 1629 621 1696 ,Magister
638 1629 723 1682 lictor
736 1628 806 1681 iilius
819 1627 954 1682 Wltoaiou
972 1617 1021 1680 bno
1040 1633 1068 1680 et
1080 1627 1195 1682 Comitis

75 1718 159 1784 Punyk
172 1733 204 1770 sc
215 1720 236 1771 J
237 1718 356 1770 ohannis
369 1717 419 1784 filij
434 1717 545 1771 esrum
558 1719 670 1772 frustrum
683 1735 793 1771 euorrun
806 1721 931 1771 nomine·
945 1717 1068 1770 kerbsere
1089 1717 1196 1770 kiadott

77 1807 240 1876 privileginlis
262 1805 506 1876 mogerb'sitbebbbl
519 1809 636 1872 „Datum
648 1826 698 1876 per
710 1823 805 1861 munus
819 1809 928 1862 disereti
942 1811 993 1860 viri
1004 1807 1130 1874 Magistri
1143 1809 1202 1860 La-·

76 1896 147 1949 tixht
156 1899 289 1966 Propositi
300 1897 463 1965 Tytulonsis
473 1898 599 1950 Albensis
609 1897 715 1956 Electi“
728 1899 806 1950 1³42.
817 1903 931 1964 „qums
942 1896 1002 1949 idus
1012 1899 1196 1962 Decembris‘⁸;

77 2014 106 2026 -
115 1989 234 2054 mdynek
247 1988 371 2043 credetis
380 1985 558 2056 bbrbirtyim
577 2003 595 2040 e
607 1987 700 2056 pecsbt
712 1986 772 2041 mbr
783 1988 921 2052 elveseett.
935 1986 1074 2043 culmus
1086 2004 1103 2040 a
1115 1989 1196 2042 bubni

439 2081 491 2134 kir.
504 2079 627 2134 hnmani
638 2077 828 2146 levbltbrbnn)

504 2367 768 2382 *a*

604 2852 680 2920 151.

12 3139 13 3148 ἶ
78 3047 97 3111 I
99 3047 132 3118 V.
150 3049 232 3116 Belo
246 3049 412 3137 kircttprtuk
443 3048 608 3118 Udoarnot
632 3057 711 3118 arou
726 3051 832 3137 sbtdet
856 3054 1009 3139 tcirpyuzri
1033 3052 1200 3138 adomdop·

12 3151 13 3158 '
243 3159 333 3224 leode
352 3157 480 3240 Turnus,
495 3158 567 3225 Aua
583 3158 1025 3244 owmfianzdmdru.1247.

179 3353 266 3421 Bela
280 3355 344 3422 Dei
360 3354 473 3441 mucio
488 3353 666 3440 Hungarie,
684 3354 865 3439 Dalmaoie,
882 3353 1072 3442 Oboroscie,
1089 3355 1200 3439 Reme,

76 3463 197 3548 Seruis,
213 3461 365 3548 Gallicis,
382 3459 586 3549 Lodornerie,
603 3460 824 3546 Gumanieque
837 3463 908 3528 Rex
917 3462 1066 3529 omnibus
1082 3460 1203 3529 Christi

77 3569 224 3638 fidelibus
249 3580 433 3657 presentem
458 3569 614 3656 paginam
639 3569 836 3658 inspecturis
853 3571 992 3638 salntem
1017 3571 1050 3638 in
1075 3590 1124 3654 co,
1147 3568 1203 3654 qui

76 3681 128 3748 tut
151 3681 296 3749 odotem
319 3679 476 3764 Regibus.
501 3677 759 3766 circumspectio
781 3679 907 3764 Regum
930 3678 1068 3764 prouida
1092 3676 1202 3745 condi·

75 3791 145 3872 guis
169 3789 308 3877 premiis
331 3787 396 3855 sibi
421 3786 675 3872 obsequentibus
700 3787 748 3854 sin
773 3784 871 3854 debet
886 3805 1063 3870 occurrere,
1089 3791 1124 3852 rt
1145 3785 1203 3868 alij

77 3917 183 3966 eornm
200 3897 353 3985 exemplo
368 3893 538 3982 prouocati
564 3893 609 3962 nd
633 3893 801 3962 fidelitatis
820 3891 932 3960 studia
947 3891 1067 3958 sorcius
1092 3909 1204 3955 accen·

78 4003 204 4076 duntur.
222 4006 297 4073 Hac
312 4005 424 4091 itaque
443 4002 709 4072 consideracione
728 4003 862 4088 inducti,
879 4001 997 4070 merita
1012 4019 1052 4068 cc
1067 3997 1205 4066 seruicia

77 4115 187 4182 dilecti
212 4120 248 4182 et
272 4111 379 4181 fidelis
402 4111 505 4180 nostri
529 4111 654 4180 Thome
680 4107 814 4178 Comitis
840 4108 899 4194 fiiij
915 4109 998 4190 Abs,
1022 4125 1086 4189 que
1110 4104 1205 4172 nobis

77 4243 152 4310 sepe
177 4230 212 4290 et
235 4221 349 4308 sepius
373 4219 408 4287 in
429 4218 697 4308 expedicionibus
722 4239 761 4287 ao
786 4217 862 4302 clijs
888 4215 1061 4284 euentibus
1086 4211 1206 4282 nostris

78 4331 214 4400 fideliter
249 4329 409 4415 exhibuit,
440 4327 626 4396 memoriter
656 4326 854 4411 retinentes,
886 4330 920 4390 et
942 4321 1208 4390 remuneracione

77 4448 181 4526 gruta,
197 4440 278 4507 licet
293 4457 358 4504 non
376 4457 418 4504 ex
432 4435 605 4520 munigno,
632 4453 705 4502 oum
721 4449 850 4502 omnem
865 4431 1071 4500 affluenciam
1087 4436 1208 4514 tempo·

77 4549 178 4616 rniem
192 4543 420 4628 trnnsoendat,
445 4541 625 4629 rependere
651 4543 807 4628 volentes,
825 4540 993 4626 quendam
1007 4547 1130 4608 terrum
1150 4535 1209 4624 Oc·

116 4683 224 4722 morou.
243 4679 327 4718 susc.
343 4679 413 4718 nrsr.
430 4687 464 4697 -
479 4678 550 4714 nrrn.
567 4671 599 4707 ι.)1
1007 4655 1042 4708 15
