3122 5154
800 317 954 417 -ss-

309 521 514 602 mendantes,
532 525 566 583 et
582 523 688 583 ratum
704 513 863 581 habentes
879 520 992 596 toturn,
1019 511 1180 598 quidquid
1199 512 1302 598 ipsius
1319 513 1456 580 ordinu-

313 630 362 696 uit
377 635 410 694 et
428 623 626 692 deliberarit
639 621 823 706 trutinaoio,
843 621 987 688 Pououm
1003 619 1157 687 olerieum
1174 621 1286 706 sepius
1301 622 1456 688 nomine-

310 743 389 819 tum,
416 742 450 801 et
463 733 598 800 nauem
622 730 737 816 ipsius,
766 749 806 795 ao
829 748 906 797 suos
933 733 1102 812 cognatos,
1128 747 1327 813 quamquam
1345 729 1450 812 juxte

311 841 452 923 Abbutis
469 839 687 908 esseroionem
704 843 737 902 ot
751 837 870 904 seriem
886 835 1068 904 litterarum
1078 833 1215 904 Comitis
1226 834 1370 904 Palatini
1386 859 1456 924 pro-

311 948 519 1020 eontumeoiu
544 953 577 1013 et
591 947 650 1012 lite
666 951 781 1012 eontra
795 945 936 1011 eundem
951 944 1115 1010 Abbatem
1136 944 1266 1031 iterate,
1292 945 1327 1010 in
1345 945 1450 1012 serui-

310 1065 411 1126 tutem
430 1055 603 1140 redigendi
618 1054 757 1122 fuissent
773 1053 923 1140 penitus;
947 1051 1162 1140 deoreuimus,
1181 1055 1246 1121 imo
1261 1062 1373 1121 nostro
1391 1055 1449 1121 ob·

311 1165 466 1231 tinuimus
491 1161 687 1242 interuentu,
713 1160 938 1230 libertinorum
962 1161 1101 1229 seruieio
1124 1160 1312 1248 perenniter
1335 1159 1447 1246 subja-

311 1269 454 1354 oend0s5
480 1269 542 1336 hoe
557 1273 668 1335 mmeu
693 1265 817 1354 addito,
847 1267 1014 1354 quodnisi
1039 1267 1125 1334 infra
1140 1269 1355 1334 Penteoosten
1370 1287 1449 1354 pro-

311 1379 399 1446 xime
414 1385 583 1446 venturam
600 1379 644 1445 ud
668 1377 884 1446 exercendum
901 1385 935 1445 et
954 1377 1199 1464 suscipiendum
1217 1377 1449 1445 libertinorum

311 1487 496 1574 seruioium,
523 1485 608 1554 siout
632 1487 716 1572 ipsis
740 1507 781 1553 ex
805 1485 1031 1554 miseridordia
1046 1485 1186 1553 Abbatis
1212 1487 1449 1572 prememorati

310 1616 500 1664 conoessum
517 1602 577 1678 est,
605 1595 792 1671 rediuerint‚
818 1595 853 1662 in
868 1615 1036 1663 seruorum
1051 1595 1168 1680 jugum
1193 1601 1226 1661 et
1241 1594 1449 1679 seruitutem,

312 1704 397 1770 siout
412 1707 618 1770 eontumuoes
634 1707 667 1767 et
681 1699 781 1769 tocies
805 1701 956 1785 rebelles,
981 1700 1096 1767 merito
1119 1699 1326 1785 redigentur,
1353 1707 1456 1768 terra.

312 1810 416 1876 eniam
432 1806 619 1890 eorundem,
645 1807 729 1874 siout
745 1813 778 1872 et
792 1806 866 1892 ipsi,
895 1807 929 1872 in
940 1807 996 1891 jus
1012 1806 1152 1873 Abbatis
1169 1805 1268 1872 oessit
1282 1812 1456 1892 perpetuo

310 1911 521 2002 possidendo.
547 1913 663 1996 Igitur,
688 1919 724 1979 vt
737 1914 800 1981 hoo
824 1913 947 1980 laetum
970 1932 1080 1982 eoram
1105 1913 1199 1982 uobis
1224 1912 1448 2001 uentilletum,

309 2020 526 2090 irreuooubile
542 2028 574 2086 et
589 2020 781 2088 inuiolabile
796 2040 1011 2107 perseuerare
1026 2022 1146 2108 ualeat,
1173 2023 1341 2106 presentes
1358 2018 1451 2086 litte-

311 2148 367 2196 ras
384 2127 604 2195 eonoessimns
630 2127 664 2193 in
679 2129 901 2196 testimonium
916 2129 1017 2213 sigilli
1032 2128 1136 2195 nostri
1157 2126 1334 2194 munimine
1350 2127 1452 2196 robo-

311 2245 411 2304 ratus.
429 2237 550 2303 Datum
566 2255 653 2303 enno
669 2237 780 2320 gracie
799 2237 844 2302 ln
855 2235 1089 2304 cc⁰xxx1xr

401 2450 538 2514 (Erodetie
551 2448 728 2520 bdrlrdrtydn,
742 2468 758 2503 ι
770 2451 964 2518 pennonhslmi
977 2449 1123 2518 idupdtstg
1135 2445 1343 2515 lesbltrtrtben.)

845 3231 901 3300 bt.

309 3427 429 3492 Miletos
445 3427 736 3514 aZ-orszdybtrdook
755 3429 855 3492 delete
870 3453 892 3493 a
908 3429 1031 3495 Geram
1046 3429 1175 3494 melletti
1192 3441 1275 3495 seem
1292 3429 1453 3498 benedeki

533 3541 670 3622 apdtsdp
686 3541 717 3599 ἑο
739 3535 879 3636 Vdpkd'zt'
894 3537 1002 3602 dodra
1016 3539 1095 3602 k‘o‘zt.
1112 3539 1211 3604 1239.

415 3727 484 3796 Nos
501 3721 659 3796 Nicolaus
675 3729 853 3797 Vioeiudex
869 3731 953 3796 Aule
970 3731 1071 3816 Regio
1098 3730 1320 3816 significemus
1341 3735 1454 3800 omni-

309 3839 369 3904 bus
384 3845 570 3924 presentem
597 3835 753 3924 paginam
768 3837 972 3924 inspecturis,
999 3837 1086 3920 quod
1103 3856 1175 3902 oum
1196 3856 1295 3922 super
1310 3845 1455 3922 septua-

309 3945 401 4030 ginta
417 3947 470 4011 uel
487 3943 671 4029 sexaginta,
688 3945 740 4010 uel
757 3945 857 4029 paulo
873 3945 1021 4031 pluribus
1037 3949 1094 4010 aut
1107 3945 1211 4010 eniam
1227 3943 1457 4029 paucioribus

307 4051 473 4136 iugeribus
503 4059 590 4117 terre
608 4049 737 4117 invilla
754 4051 891 4137 Zumpto
908 4049 1133 4134 existentibus,
1161 4071 1200 4116 uo
1216 4049 1341 4118 fossato
1358 4056 1457 4121 anti-

307 4179 370 4242 quo
400 4159 623 4242 oiroumdatis,
640 4159 753 4225 Abbas
777 4159 925 4225 Eeolesie
949 4159 1059 4234 Sancti
1075 4157 1244 4223 Benedieti
1270 4157 1311 4223 de
1327 4155 1458 4231 Graue

306 4269 514 4332 conuenisset
541 4287 649 4332 eornm
667 4268 761 4333 nobis
777 4266 941 4332 Andrean
967 4265 1068 4332 filium
1092 4265 1259 4331 Oltumani
1283 4263 1325 4330 de
1342 4266 1459 4356 Wag-

306 4369 379 4454 luz,
398 4375 609 4458 proponendo
627 4383 745 4440 eontra
760 4394 833 4439 eum
849 4375 907 4440 tuli
925 4372 1032 4456 modo,
1052 4371 1139 4458 quod
1155 4392 1227 4439 oum
1244 4372 1458 4457 ipsuEuele-

305 4479 356 4544 sio
373 4477 492 4544 dietum
515 4485 601 4545 terre
632 4483 824 4565 perticulam
853 4480 1051 4548 hereditario
1072 4481 1142 4546 inre
1167 4480 1387 4567 possedisset,
1421 4497 1461 4554 et

304 4605 401 4669 super
429 4586 491 4651 hoo
508 4585 717 4669 priuilegium
745 4586 888 4673 haberet,
916 4590 988 4674 ipse
1004 4584 1154 4652 Andreas
1177 4607 1249 4652 eam
1275 4587 1459 4662 uiolenter
