3198 5160
763 301 916 403 „om-

279 499 386 583 Regni
411 516 470 584 per
484 498 640 565 Tartarea
657 516 721 563 vna
739 516 811 563 oum
837 497 986 582 cognatis
1011 499 1089 584 suls,
1117 497 1269 568 videlieet
1294 499 1404 587 llrney

280 603 347 672 filio
364 605 526 691 (ismaeli,
544 605 729 688 Benedioto,
748 605 888 673 Martiuo
905 605 972 672 lilio
987 606 1150 692 Welohia‚
1176 607 1324 676 Ohehuto
1340 607 1405 675 lilio

281 713 440 798 Faroasij‚
456 712 571 798 Tadey
588 713 655 782 lilio
672 713 804 798 Mathis,
832 715 887 797 qui
903 714 970 780 iam
988 733 1099 781 omnes
1116 720 1228 782 essent
1243 715 1407 802 defuneti3

279 819 412 904 quidam
429 839 506 889 vero
533 821 676 907 ipsorum
691 841 751 907 per
766 821 932 906 Tattaios,
958 821 1092 906 quidam
1108 829 1211 890 morte
1232 822 1407 908 dominica,

281 927 323 993 de
339 928 436 994 terris
452 925 659 1011 hereditariis
673 925 742 993 suis
752 932 871 993 terram
882 926 925 994 ad
940 927 1111 996 duodecim
1128 928 1408 998 aratnasuffioien-

282 1045 359 1122 tem,
376 1055 448 1102 oum
464 1035 549 1102 silua
560 1042 593 1102 et
607 1033 725 1120 leuato,
742 1055 802 1102 neo
818 1056 883 1102 non
895 1037 969 1120 alijr
985 1037 1193 1122 utilitatibus,
1206 1037 1410 1106 uendidisset

282 1164 342 1230 pro
357 1145 494 1229 triginta
509 1145 628 1212 mareis
644 1145 772 1230 argenti
789 1144 894 1212 minus
910 1166 975 1213 vna
989 1145 1137 1231 plenarie
1150 1146 1215 1214 sibi
1231 1145 1409 1233 persolutis

281 1252 320 1318 B.
336 1249 495 1334 magistro
519 1249 709 1338 supradioto
725 1249 995 1320 eontradieeione
1020 1252 1132 1338 aliqua
1156 1273 1220 1321 uon
1245 1253 1412 1338 obstante,‘

282 1377 355 1424 oum
371 1358 440 1426 suis
466 1357 641 1426 heredibus
652 1359 728 1442 jure
743 1367 901 1445 perpetuo
918 1357 1171 1446 possidendam
1196 1361 1288 1428 euius
1309 1361 1410 1429 robur

281 1485 321 1532 ae
336 1465 544 1552 priuilegium
560 1471 706 1551 tempore
723 1466 933 1532 ‘l'artarorum
949 1465 1065 1535 luisset
1079 1472 1285 1554 eorruptum5
1308 1467 1409 1554 ijdem

281 1573 324 1639 ll.
341 1579 374 1640 et
390 1571 428 1638 B.
444 1571 593 1656 magistri
608 1571 767 1638 vnamiter
783 1572 827 1638 ad
852 1573 949 1640 robur
965 1579 998 1640 et
1015 1573 1223 1660 priuilegium
1242 1575 1411 1661 postulan-

280 1685 332 1746 tes
358 1699 417 1768 per
440 1697 500 1746 nos
517 1686 550 1747 et
574 1677 719 1764 sigillum
744 1680 847 1748 nostri
864 1680 1049 1747 Conuentns
1075 1681 1236 1748 renouari.
1261 1682 1299 1748 In
1316 1682 1409 1750 ouius

282 1786 530 1858 renotationem
547 1786 590 1853 ad
609 1788 807 1874 peticionem
831 1788 979 1874 poseium
993 1793 1162 1874 presentes
1187 1788 1409 1857 oonoesslmns

284 1896 385 1982 sigilli
410 1895 513 1962 nostri
530 1896 715 1964 Conuontns
740 1897 918 1964 munimine
933 1897 1060 1964 litteras
1081 1901 1288 1964 memoratas.
1313 1896 1407 1964 Anno

282 2003 415 2073 Domini
429 2005 474 2070 Μ·
485 2002 550 2070 00⁰
558 2001 639 2072 XL⁰.

551 2163 580 2230 A
832 2165 858 2230 Β
1116 2165 1141 2234 0

284 2346 423 2412 (Eredetia
437 2341 609 2412 bllrhlrtyln,
633 2344 744 2412 molyrlil
758 2361 775 2396 a
786 2343 960 2413 roras-sairga
978 2346 1102 2398 asinorou
1123 2345 1232 2414 fuggnu
1245 2345 1337 2414 pauset
1350 2344 1410 2399 mir
1516 2359 1521 2367 ·

284 2439 421 2501 alvasaett,
442 2435 572 2490 sturnus.
587 2437 632 2503 hg.
645 2435 810 2505 Eualerhlzy
821 2437 912 2490 osalirl
931 2437 1125 2491 laveltarrlban.
1148 2439 1186 2490 An
1201 2435 1307 2490 iussim
1321 2435 1409 2500 bibis,

547 2543 559 2580 s
572 2523 629 2593 ἧς]
641 2523 747 2589 latisin,
761 2527 832 2596 hogy
845 2543 876 2580 au
893 2530 961 2581 1280
973 2528 1006 2580 ev
1018 2527 1148 2595 artando.)

718 2815 978 2826 *κω-,ωι-

808 3259 884 3330 386.

286 3443 317 3512 A
332 3445 427 3531 pylio
440 3441 653 3530 laptuluuoul·
667 3442 935 3529 bizoopsdyleoele,
956 3445 1035 3530 kopp
1051 3443 1139 3508 Peter
1161 3441 1412 3527 Urluudaukfla

291 3553 347 3620 Ost
371 3551 434 3618 bein
462 3555 586 3637 ozoepye
610 3552 710 3615 tuderti
730 3550 977 3637 totelezettseye're
1008 3556 1098 3617 oe'zoe
1119 3551 1291 3617 haluszidst
1314 3562 1414 3638 apae

733 3660 964 3724 1254-1260.

393 3857 463 3924 Nos
478 3855 636 3940 Magister
651 3855 709 3921 Ch.
721 3854 910 3940 Prepositus
929 3860 961 3920 et
977 3852 1162 3939 Capitulum
1173 3853 1321 3920 Euelesie
1336 3851 1413 3920 Jeu-

285 3964 399 4032 niensis
424 3961 542 4029 damus
557 3982 615 4048 pro
641 3960 807 4047 memorio,
833 3959 920 4045 quod
935 3960 1021 4028 sieut
1036 3961 1069 4028 in
1087 3961 1203 4026 litteris
1228 3959 1354 4026 domiui
1372 3960 1411 4026 R.

286 4069 429 4140 Palatini
455 4068 612 4136 eontineri
636 4070 873 4156 perspeximus,
900 4067 1016 4136 Petrus
1041 4067 1126 4136 lilius
1143 4065 1279 4134 Vrluud
1299 4067 1413 4134 relicte

286 4179 346 4249 Osi
360 4177 445 4248 Baui
460 4178 493 4245 in
510 4177 635 4246 oetauis
651 4177 762 4245 Sancti
779 4177 878 4264 Regis
889 4175 1045 4262 Stephani
1064 4175 1177 4244 debuit
1193 4177 1319 4245 soluere
1335 4175 1413 4243 duo·

286 4288 391 4358 deeim
417 4305 545 4354 mareas
562 4306 672 4354 eoram
688 4286 791 4372 nobis,
818 4285 955 4354 nuneius
980 4287 1085 4354 eeiam
1111 4285 1257 4353 eiusdem
1276 4285 1412 4354 Comitis

285 4399 371 4466 Petri
399 4394 512 4463 eodem
537 4393 590 4462 die
607 4401 750 4461 nostruin
776 4393 889 4461 adiens
916 4397 1120 4481 presenciam
1146 4393 1293 4461 exitibuit
1318 4391 1413 4462 nobis

288 4506 414 4570 litteras
431 4503 553 4570 domini
563 4503 662 4587 Regis
678 4505 890 4587 continentes,
908 4503 994 4586 qnod
1011 4524 1083 4570 oum
1099 4503 1183 4570 idern
1195 4504 1311 4570 Petrus
1326 4501 1413 4568 lilius

288 4609 425 4678 Vrliuud
440 4629 498 4694 pro
514 4609 671 4692 magistro
682 4611 775 4678 Chalr
793 4611 857 4698 ipsi
874 4611 1002 4678 domiue
1020 4610 1147 4678 debitor
1163 4611 1293 4698 existat,
1310 4609 1412 4680 idem·
