3134 5150
110 481 215 548 easdem
230 481 262 546 in
286 500 368 566 paee
385 485 419 544 et
434 479 543 564 quiete
559 477 665 543 eidem
690 477 879 561 reliquimus
902 476 1137 561 possidendas;
1164 477 1211 542 in·

109 591 329 655 committentes
355 607 431 652 evm
447 586 482 650 in
505 585 746 670 possessionem
772 601 830 668 per
852 583 1017 648 hominem
1034 584 1134 668 Regis
1156 605 1212 650 no·

109 695 176 760 mine
191 697 374 762 Lvstacium
393 693 497 758 lilium
513 691 672 759 iohannis
692 691 734 756 de
754 711 873 774 genere
891 689 1065 756 Gutkeled.
1091 689 1143 756 Ad
1157 691 1212 757 nu·

109 803 146 868 ius
158 803 247 885 igitur
260 803 342 869 facti
360 801 550 867 memoriam
576 800 755 884 pleniorem
772 807 805 864 et
820 798 1012 865 inviolabile
1034 797 1213 864 firmamen-

109 918 161 974 tum
173 910 298 975 litteras
315 919 447 976 nostras
466 907 614 973 dedimus
632 907 814 990 sigillorum
837 913 1020 972 nostrorum
1036 905 1213 972 munimine

108 1017 262 1082 roboratas.
289 1019 411 1082 Datum
438 1016 565 1100 Simigij
593 1036 679 1082 unuo
704 1015 837 1082 Domini
856 1015 902 1080 Μο
912 1011 977 1079 00⁰
987 1013 1097 1080 XXX⁰
1106 1020 1211 1082 sexto.

108 1211 220 1274 (Matio
228 1211 404 1280 bdrlrdrtydn,
417 1213 529 1278 melyrltl
540 1213 643 1278 egylror
652 1212 747 1278 nyclca
760 1210 853 1278 peccet
861 1208 1084 1276 hdrtyaasiuegcn
1093 1211 1211 1276 tdggott,

213 1304 245 1354 de
257 1300 331 1368 πός]
342 1299 402 1352 mir
414 1302 551 1363 elresaatt,
564 1317 580 1351 a
593 1302 675 1352 budai
687 1302 739 1352 lrir.
752 1301 874 1351 kamarsi
886 1296 1075 1365 lsvtlrtrbsn.)

516 1603 786 1618 ——--——

625 2045 679 2112 14.

109 2219 287 2312 Upyoriazck
302 2227 385 2292 Zala
401 2225 561 2312 magydban
577 2223 705 2310 Miicty
727 2231 848 2288 motari
863 2221 1050 2290 dirtolcdbon
1073 2223 1220 2310 trasiae
1268 2189 1270 2191 Ι

493 2333 699 2418 mcqardsitilc.
717 2333 813 2396 1236.

198 2528 428 2596 Bartolomeus
454 2527 516 2592 Dei
533 2525 646 2609 gracia
670 2525 855 2613 Episcopus
880 2525 1142 2612 Vesprimiensir,
1166 2529 1224 2593 Ar·

105 2634 208 2701 noldus
224 2637 343 2702 Comes
361 2632 577 2716 Saladiensis,
603 2632 780 2700 Ladizlaus
801 2633 941 2722 Comes„
955 2635 1111 2720 Magister
1128 2635 1223 2702 Zion-

105 2741 156 2805 dus
171 2743 292 2808 Lector
307 2741 462 2806 Albensis
479 2740 636 2824 Ecclesie,
663 2725 863 2823 Rednaldus,
879 2743 1062 2830 Tiburcius‚
1082 2745 1223 2828 Marcus,

108 2847 191 2930 Bata,
207 2849 313 2930 Elias,
330 2849 419 2914 ldnoc
435 2853 468 2912 et
483 2849 646 2935 Damassa
659 2847 802 2914 Comites
818 2850 978 2933 omnibus,
999 2851 1044 2916 ad
1059 2871 1139 2936 quos
1155 2871 1225 2936 pre

109 2963 205 3022 sentes
231 2957 341 3022 littere
356 2953 574 3040 peruenerint,
601 2955 741 3021 salutern
764 2955 797 3020 in
814 2957 954 3024 Domino
977 2957 1058 3025 Jesu
1084 2957 1224 3040 Christo,

109 3059 152 3126 tc
166 3064 392 3129 uniuersorum
410 3063 559 3128 uolumus
574 3063 748 3147 peruenire
762 3063 929 3149 noticiam,
949 3066 1036 3150 quod
1052 3087 1124 3133 cum
1140 3087 1227 3134 esse·

110 3187 170 3235 mus
183 3169 398 3253 inquisitores
409 3168 558 3234 ueritatis
576 3169 609 3233 in
621 3169 799 3235 Parrochia
809 3171 997 3238 Zaladiensi
1012 3193 1111 3259 super
1120 3173 1227 3256 terris,

109 3277 214 3362 uineis,
240 3284 275 3343 et
290 3297 390 3364 snper
407 3277 481 3343 aliis
507 3276 633 3342 iuribus
648 3277 879 3363 Ecclesiarum,
905 3279 1101 3346 seruientum
1116 3281 1227 3364 Regis,

108 3385 329 3468 castrensium,
355 3383 616 3466 uduornicorum,
642 3383 837 3469 populorum
861 3386 1005 3473 Regino,
1031 3392 1063 3453 et
1088 3388 1229 3454 aliarum

108 3489 306 3559 diuersarum
330 3493 557 3560 condicionum
572 3493 616 3557 ab
631 3491 754 3558 illustri
777 3494 867 3577 Rege
881 3493 959 3561 Belo
975 3497 1151 3584 constituti,
1178 3517 1229 3566 oc·

109 3599 261 3664 cessimus
287 3598 332 3664 ad
346 3604 467 3664 terram
483 3597 635 3683 Magistri
650 3597 839 3686 Michaelis,
865 3600 960 3667 sitam
983 3603 1068 3670 inter
1082 3607 1229 3672 Drauam

108 3715 136 3770 et
150 3707 286 3789 Muram,
304 3712 338 3771 et
347 3704 470 3771 ibidem
486 3707 855 3774 multorumtestimonio
872 3714 905 3774 et
916 3711 1043 3786 occulta
1053 3713 1230 3794 subtilique

34 3885 35 3896 ἵ
107 3810 287 3880 inuenimus
303 3813 527 3898 inquisicione,
554 3811 642 3896 quod
658 3813 747 3880 dieta
763 3823 849 3881 terra
864 3815 971 3883 fuerat
992 3816 1155 3898 quondam
1170 3820 1231 3883 Ra-

34 3903 35 3914 *
107 3921 181 4004 pclti
208 3929 242 3987 et
258 3921 345 4006 Sulo,
373 3922 433 3987 sed
448 3921 514 4006 ipsi
530 3922 709 3988 amiserunt
734 3942 793 4007 pro
809 3923 1039 3990 interfecoione
1062 3924 1231 3991 cuiusdam

106 4029 224 4095 nobilis
235 4029 277 4094 de
293 4028 443 4114 partibus
454 4028 530 4110 illis,
547 4029 864 4114 videlicetFridrici3
882 4031 942 4096 sed
952 4031 1092 4097 seientes
1102 4051 1232 4098 omnem

108 4137 278 4203 ueritatem
303 4155 375 4220 noa,
403 4135 490 4218 quod
504 4143 593 4201 terra
617 4137 676 4200 illa
698 4135 805 4201 suerat
821 4154 842 4199 a
857 4135 1015 4219 Magistro
1029 4135 1166 4205 Micoele
1191 4136 1232 4206 de

107 4241 171 4308 iure
186 4261 358 4328 possessa,
376 4241 438 4308 sibi
455 4241 656 4308 restituimus
671 4240 905 4327 perpetualiter
919 4241 1171 4336 possidendam,
1188 4245 1232 4312 in·
1303 4229 1305 4234 η

34 4323 35 4344 ¹
104 4348 311 4415 troducentes
336 4349 445 4434 ipsum
462 4348 495 4413 in
511 4347 755 4434 possessionem
781 4345 926 4415 eiusdem
952 4355 1037 4416 terre
1059 4371 1119 4437 por
1133 4353 1238 4437 Magi.

105 4461 207 4523 strum
218 4455 378 4521 Mathiam
393 4455 594 4521 canonicum
608 4455 988 4538 Quinqueecclesiensem
1003 4457 1165 4525 hominem
1174 4461 1234 4526 Re-

103 4567 162 4648 gis.
179 4565 273 4630 Etut
286 4563 350 4646 hoc
365 4562 429 4630 sibi
442 4561 561 4628 stabile
578 4571 611 4628 et
625 4563 752 4630 lirmum
765 4563 871 4649 possit
886 4583 1086 4649 permanere,
1104 4569 1136 4628 et
1145 4565 1234 4630 nullo
