3134 5158
783 311 948 412 *er-s„

300 521 395 598 regat
414 521 446 580 et
461 514 601 580 instruat
625 507 801 578 seeundum
822 506 1076 576 eeclesiasticam
1097 505 1317 593 disciplinam.
1342 506 1432 574 Etsi

301 623 443 708 aliquem
461 622 651 688 elericorum
671 617 828 704 repererit
844 616 1013 702 excedere,
1042 617 1095 683 vel
1111 615 1245 682 deuiaro
1260 635 1282 681 a
1297 617 1432 684 tramite

300 728 398 814 oificij
416 727 588 814 clericalis,
613 735 680 794 tam
697 725 804 794 officio
821 747 923 812 quam
948 727 1105 794 beneficio
1130 723 1296 814 spoliabit,
1321 731 1354 791 et
1368 722 1430 807 alij

299 835 444 902 conseret
468 835 511 902 ad
537 853 631 902 suum
659 833 826 900 arbitrium
852 833 1043 917 voluntatis,
1075 841 1143 900 tam
1170 831 1368 921 prebendas,
1395 837 1430 898 et

300 943 447 1013 ordinum
465 941 652 1029 dignitates,
669 941 750 1010 iuris
766 950 876 1010 tamen
893 941 928 1008 in
945 943 1096 1010 omnibus
1113 939 1227 1009 ordine
1239 942 1429 1010 obseruate.

299 1051 423 1118 Eodem
451 1059 560 1118 autem
586 1050 748 1138 Episcopo
771 1051 924 1137 Tragurij
948 1059 1177 1134 commorante,
1197 1049 1429 1137 Archipresbi-

299 1168 349 1228 ter
375 1178 433 1246 per
457 1157 655 1245 Episcopum
680 1157 846 1224 institutus
873 1177 994 1225 causas
1020 1158 1154 1244 audiat,
1182 1157 1431 1244 appellaciones

300 1266 344 1332 ad
361 1265 560 1354 Episcopum
586 1265 794 1350 transmittat,
822 1271 854 1332 et
887 1267 1085 1333 sentenciam
1110 1265 1255 1333 eiusdem
1271 1266 1430 1352 Episcopi

299 1375 486 1442 obedienter
519 1379 552 1438 et
575 1371 741 1438 humiliter
765 1377 985 1459 suscepturus.
1017 1373 1108 1440 Idem
1133 1393 1261 1458 quoqne
1286 1373 1428 1460 Episco-

299 1503 360 1570 pus
384 1481 472 1569 apud
492 1480 688 1566 Tragurium
714 1480 841 1548 clericis
866 1481 1132 1550 Sibenicensibus
1156 1482 1287 1550 ordines
1312 1489 1345 1548 et
1364 1483 1429 1547 Ee-

300 1591 419 1658 elcsias
446 1611 506 1658 oon
529 1588 632 1673 lerat3
659 1588 921 1675 Archipresbiter
945 1609 1093 1674 namque,
1120 1598 1153 1656 et
1178 1591 1278 1658 ceteri
1301 1589 1430 1658 Sibeni-

301 1717 416 1765 censes
441 1697 562 1782 clerici,
588 1695 730 1763 maxime
745 1696 912 1764 Ecclesiae
929 1697 1148 1782 possidentes,
1173 1698 1268 1764 annis
1288 1697 1430 1783 singulis

297 1805 433 1874 visitent
464 1824 538 1872 eum
565 1823 636 1870 cum
668 1802 796 1888 exenijs
827 1805 1083 1890 competentibus
1111 1805 1162 1874 bis
1192 1806 1225 1871 in
1255 1825 1317 1874 sua
1339 1804 1430 1872 Sede

301 1913 499 1998 Episcopum
519 1917 741 1994 memoratum,
768 1911 802 1978 in
818 1911 1000 1979 Natiuitate
1020 1913 1152 1982 Domini
1175 1919 1208 1983 et
1223 1913 1256 1980 in
1275 1914 1428 1998 Pascba;

300 2019 393 2084 citati
409 2019 513 2086 eciam
530 2021 572 2086 ab
598 2020 712 2087 eodem
729 2019 893 2107 Episcopo
917 2039 976 2107 per
991 2020 1119 2090 litteras
1135 2021 1188 2087 uel
1203 2021 1348 2106 sigillum
1365 2043 1429 2108 pro

302 2147 405 2194 causa
430 2127 576 2214 qualibet
592 2127 788 2212 Tragurium
815 2127 958 2196 veniant.
983 2129 1023 2194 In
1037 2127 1121 2196 festo
1137 2149 1214 2197 vero
1238 2129 1350 2196 Sancti
1369 2131 1429 2196 lli-

299 2237 424 2304 ohaelis
450 2237 618 2303 annuatim
646 2235 827 2304 venientem
853 2235 1051 2324 Episcopum
1074 2237 1294 2306 Sibenicensis
1310 2237 1429 2305 Archi-

300 2345 462 2432 presbiter
476 2365 533 2431 per
549 2344 707 2432 seipsum
723 2347 823 2410 semel
839 2343 1037 2431 procurabit,
1064 2349 1097 2412 et
1112 2345 1223 2412 elerici
1247 2347 1427 2414 communi-

301 2462 350 2520 ter
376 2451 639 2538 procuracionem
666 2453 804 2518 alteram
829 2451 1047 2537 exhibebunt;
1074 2453 1117 2519 de
1132 2454 1224 2539 anus
1243 2451 1318 2521 sesti
1334 2453 1427 2521 obla-

301 2563 459 2649 cionibus,
476 2561 602 2630 scilicet
617 2561 769 2648 panibus,
795 2560 950 2648 danarijs,
969 2561 1125 2646 candelis,
1142 2581 1204 2648 que
1226 2562 1429 2630 adeundam

301 2670 472 2737 ecclesiam
490 2670 688 2755 deferuntur,
704 2669 865 2737 medietas
881 2669 1013 2738 dabitur
1021 2672 1197 2759 Episcopo,
1214 2671 1428 2740 medietatem

300 2777 437 2844 alteram
453 2779 684 2846 Sibenicenses
701 2777 810 2844 cleriei
826 2779 1008 2865 recepturi;
1035 2779 1146 2845 vinum
1161 2797 1250 2864 vero,
1277 2776 1363 2864 quod
1378 2779 1428 2845 ad

301 2905 457 2970 vesperas
482 2889 682 2972 apportatur,
709 2884 893 2971 Episcopus
908 2885 1011 2972 recipi
1026 2885 1137 2972 faciat,
1164 2886 1243 2956 dato
1259 2887 1349 2974 prius
1370 2885 1429 2954 bis

299 2995 353 3062 vel
369 2999 419 3060 ter
435 2993 476 3060 de
492 2993 563 3080 ipso
575 2991 702 3059 clericis
718 2999 751 3059 et
766 2993 863 3060 laicis
879 2993 923 3059 ad
933 2992 1118 3064 bibendum.
1133 2995 1184 3062 Dc
1197 2993 1429 3064 oblacionibus
1562 3031 1563 3040 κ

300 3121 377 3169 vero
402 3101 494 3168 lestis
519 3103 711 3168 Sanctorum
738 3100 855 3168 Oosme
882 3107 915 3167 et
943 3101 1099 3168 Damiani
1130 3103 1264 3170 terciam
1294 3109 1428 3191 partem

301 3210 485 3298 Episcopus
502 3210 647 3296 recipiet.
664 3211 714 3277 De
727 3209 862 3277 decimis
879 3215 987 3278 antem
999 3211 1158 3298 omnibus,
1176 3233 1240 3297 que
1254 3219 1429 3299 pertetam

297 3318 484 3406 parochiam
511 3319 755 3386 Sibenicensem
772 3339 793 3385 a
808 3316 1062 3388 decimatoribns
1087 3311 1277 3388 clericorum
1300 3320 1428 3387 Sibeni-

297 3425 441 3492 censinm
459 3445 531 3493 cum
547 3425 665 3494 elerico
682 3425 839 3513 Episcopi
855 3425 1061 3513 colliguntur,
1089 3428 1215 3496 decima
1236 3447 1313 3516 pars
1331 3427 1428 3496 dabi-

297 3543 349 3602 tur
365 3535 482 3603 (inmiti
498 3536 714 3620 Sibenicensi,
731 3556 819 3602 nona
834 3556 912 3622 pars
928 3537 1220 3624 Archipresbitero,
1244 3536 1334 3605 etde
1350 3544 1429 3606 octo

298 3643 438 3712 residuis
454 3644 662 3732 porcionibus
679 3644 886 3712 medietatem
903 3645 1087 3734 Episcopus
1107 3647 1256 3734 plenarie
1274 3648 1427 3735 recipiat,

297 3761 329 3819 et
345 3771 537 3838 quoeunque
553 3751 691 3820 voluerit
717 3771 791 3819 eam
813 3751 915 3820 faciat
931 3755 1034 3822 libere
1058 3755 1242 3841 asportari,
1268 3755 1428 3824 medieta-

294 3869 359 3928 tem
376 3881 454 3928 vero
480 3861 617 3928 alteram
633 3860 862 3930 Sibenicenses
880 3861 989 3928 elerici
1013 3861 1174 3950 recipiant
1189 3863 1343 3932 uniuersi.
1372 3865 1428 3931 De

297 3968 534 4053 oblacionibus,
567 3987 630 4053 que
657 3969 737 4037 fiunt
761 3970 794 4037 in
821 3969 1128 4039 consecracionibns
1156 3971 1364 4039 ecclesiarum
1390 3974 1427 4040 in

295 4075 457 4163 Sibenico,
473 4076 507 4144 in
525 4095 639 4163 campo
656 4076 791 4163 marine,
809 4079 891 4144 etin
911 4114 948 4126 —
967 4103 1010 4127 -ι
1024 4115 1061 4126 -
1083 4101 1119 4127 ·-·
1142 4115 1180 4127 -
1199 4079 1333 4146 terciam
1349 4099 1426 4165 par·

294 4190 361 4250 tem
377 4185 571 4271 Episcopus,
593 4183 728 4252 terciam
752 4184 863 4252 cleriei
878 4185 1126 4271 Tragurienses,
1152 4185 1286 4254 terciam
1310 4186 1425 4254 cleriei

293 4291 522 4360 Sibenicenses
532 4293 734 4361 obtinebunt.
755 4291 845 4371 Quas
855 4292 1045 4362 oblaciones
1055 4295 1294 4380 Tragurienses
1310 4295 1424 4364 cleriei

295 4401 452 4483 colligent
475 4399 537 4489 (et)
555 4401 713 4485 diuideut,
730 4403 814 4468 sicut
833 4403 983 4489 superius
1010 4407 1060 4471 est
1083 4422 1283 4490 expressum.
1308 4403 1424 4471 Archi·

295 4507 454 4593 presbiter
469 4525 547 4574 uoro
565 4515 599 4575 ot
613 4509 725 4576 Abbas
740 4510 977 4596 Sibenicenses,
1002 4511 1035 4577 in
1051 4531 1110 4579 sue
1125 4512 1296 4598 dignitatis
1312 4511 1424 4581 cilicio

296 4631 353 4701 per
368 4613 566 4706 Episcopum
591 4617 766 4704 constituti,
784 4618 979 4706 Tragurium
995 4617 1139 4705 veniant,
1165 4639 1281 4688 manus
1306 4640 1422 4690 cense-
