3112 5148
793 289 950 398 ..Q

310 491 524 577 Assumendo,
550 488 690 575 quodsi
717 489 819 572 aliqui
847 488 887 554 de
911 507 972 556 suo
997 506 1116 572 genere
1139 485 1246 572 ipsum
1276 484 1438 556 Comitem

310 603 524 685 Scemeynum
540 617 638 684 super
652 595 843 664 condicione
858 595 945 663 dicte
959 602 1045 664 terre
1061 595 1241 681 inquietare
1256 603 1433 684 attempta·

310 716 391 794 rent,
417 709 503 776 idern
520 707 597 774 Jula
621 702 806 772 deffendere
832 704 1003 771 tenebitur.
1029 706 1111 772 item
1125 705 1281 788 Magister
1298 707 1441 773 Vincen-

226 897 233 912 ἱ
310 819 379 886 cius
396 815 655 884 Archidiaconus
671 811 857 895 Nitriensis,
883 820 916 878 et
932 811 1032 878 frater
1056 831 1133 878 suus
1150 813 1274 880 Guncel
1297 823 1436 900 partem,

310 946 373 1012 que
389 927 479 1012 ipsos
506 923 652 990 dedicta
668 927 755 987 terra
769 920 883 1006 Boyon
898 918 1096 988 hereditarie
1114 921 1335 1010 contingebat,
1361 943 1437 990 verr·

310 1033 460 1101 diderunt
485 1030 591 1098 eidem
618 1028 738 1098 Canuti
765 1030 798 1096 S.
818 1049 877 1116 pro
903 1029 1006 1096 tribus
1032 1029 1151 1096 marcis
1178 1033 1324 1118 argenti3
1351 1049 1438 1115 quas

310 1143 422 1209 decern
438 1149 470 1207 ct
487 1159 602 1208 nouem
619 1159 748 1206 marcos
766 1139 984 1224 prenominati
1002 1138 1188 1206 uenditores
1204 1141 1343 1209 confessi
1359 1147 1440 1207 sunt

186 1229 193 1242 ⁶
309 1273 331 1318 a
346 1251 432 1318 dicto
448 1250 573 1319 Comite
588 1253 621 1316 S.
636 1247 699 1314 sibi
725 1245 827 1316 luisse
842 1248 991 1333 plenarie
1007 1246 1201 1333 persolutus.
1228 1251 1269 1318 st
1283 1251 1344 1317 hec
1360 1270 1439 1318 uen-

310 1359 394 1426 dicio
420 1360 507 1426 iacta
523 1364 572 1424 est
598 1357 695 1424 salua
722 1363 813 1443 parte
830 1359 954 1427 Domus
970 1356 1153 1444 Hospitalis
1176 1361 1295 1425 Sancte
1322 1357 1438 1426 Crucis

310 1468 352 1536 de
377 1465 551 1551 Strigonlo,
581 1485 679 1552 quam
695 1463 825 1532 domum
851 1473 918 1532 tam
934 1465 999 1551 ipsi
1019 1464 1214 1548 venditores,
1240 1485 1338 1549 quarn
1354 1465 1436 1532 dicti

309 1573 525 1660 Hospitalarlj
553 1573 692 1642 confessi
719 1572 852 1640 suntin
878 1572 993 1639 eadem
1020 1577 1124 1638 terrra
1150 1577 1275 1638 sextam
1306 1577 1436 1659 partem

309 1684 486 1770 possidere.
502 1683 545 1750 Et
561 1685 634 1768 ipsa
649 1682 759 1751 totalis
775 1690 872 1766 terra,
893 1687 988 1769 prout
1003 1681 1103 1766 ijdem
1119 1680 1304 1750 venditores
1319 1683 1436 1753 retule-

309 1799 391 1874 runt,
419 1799 549 1876 aparte
576 1790 727 1859 orientali
755 1797 842 1858 tenet
860 1797 965 1857 metas
982 1810 1055 1856 cunr
1070 1790 1278 1875 monetarijs3
1304 1797 1439 1876 aparte

309 1896 512 1968 meridionali
540 1917 612 1963 cunr
628 1896 789 1965 Nicholao
806 1897 873 1965 filio
889 1897 1049 1966 Johanois
1071 1897 1111 1964 de
1126 1916 1245 1982 genere
1262 1896 1436 1982 caparam

309 2009 438 2092 aparte
462 2003 659 2072 occidentali
685 2025 756 2071 oum
778 2005 950 2073 Orucileris
976 2006 1089 2073 Sancti
1112 2005 1223 2089 Regis,
1251 2025 1271 2071 a
1296 2013 1437 2091 reptem·

309 2113 440 2181 trionali
467 2113 583 2178 iterum
610 2133 681 2179 oum
700 2116 899 2200 rnonetarijs,
930 2121 961 2182 ot
977 2115 1024 2182 sic
1040 2115 1248 2183 continuatur
1271 2115 1436 2203 prioribus

311 2223 413 2290 ruetis.
430 2223 534 2308 Super
559 2241 621 2304 quo
638 2220 763 2290 litteras
788 2233 916 2291 nostras
941 2221 1178 2289 testimoniales
1196 2225 1355 2307 Serneyno
1374 2219 1435 2287 Oo-

310 2331 378 2398 nriti
404 2329 573 2415 pecierunt
597 2329 754 2398 exhiberi.
779 2333 848 2400 Nos
865 2351 943 2416 ergo
969 2329 1012 2396 ad
1036 2329 1230 2397 instanciam
1258 2329 1437 2415 peticionis

308 2438 494 2508 eorumdem
510 2445 679 2525 presentes
696 2440 915 2508 concessimus
931 2439 1068 2524 litteras,
1094 2437 1197 2522 sigilli
1214 2437 1316 2504 nostri
1332 2439 1437 2504 muni·

307 2545 393 2612 mine
409 2546 590 2614 roboratas.
618 2549 713 2615 Anno
729 2547 900 2615 Dominice
917 2545 1161 2613 lucarnaoionis
1181 2545 1354 2614 millesimo
1378 2545 1436 2614 du·

307 2656 483 2725 centesimo
500 2657 752 2743 quadragesimo
773 2659 895 2742 quinto.

652 2836 1088 2902 ABOD

411 3015 460 3078 (Aa
474 3015 573 3066 orodoti
587 3013 652 3067 utto
666 3017 761 3067 Krrrruz
775 3013 893 3078 Nriudor,
907 3017 1021 3082 llagyar
1036 3018 1099 3068 Sion
1113 3015 1148 3066 11.
1162 3015 1217 3067 kur.
1233 3018 1292 3066 cat.
1308 3015 1340 3078 l.)

738 3303 998 3326 Γ-νν--Ὗ
