3148 5156
861 819 940 886 301.

338 1019 397 1083 IV.
417 1020 494 1083 Boia
509 1021 613 1104 urdtp
628 1043 648 1082 α
659 1019 795 1103 Somoyp
805 1013 1091 1104 moqyefhiepcicpu
1108 1023 1137 1080 e'e
1153 1019 1309 1103 crirue'pei,
1325 1039 1341 1080 n
1355 1011 1467 1102 Gur-pp

435 1132 495 1192 cdo
504 1127 675 1211 jobbdpyui
688 1125 769 1189 lcdzti
782 1123 1104 1211 taurattonpccokar
1119 1124 1245 1188 elinte'zi.
1268 1119 1365 1186 1256.

443 1321 525 1389 Bela
543 1321 607 1387 Dei
631 1320 746 1408 gracia
771 1319 947 1404 Hungarie
972 1319 1153 1404 Dalmacie‚
1178 1318 1325 1402 croceio,
1351 1320 1466 1403 Reme,

339 1431 463 1515 Sernie,
474 1429 624 1515 (indicio,
642 1429 845 1514 Lodomerie,
862 1430 1083 1515 (inmaniaque
1092 1429 1163 1494 Rex
1179 1427 1329 1496 omnibus
1345 1426 1466 1496 Obristi

340 1539 491 1608 fidelibus
509 1546 678 1626 presentes
702 1537 831 1606 litteras
847 1537 1042 1624 inspecturis
1068 1537 1208 1604 salntem
1224 1535 1257 1601 in
1273 1555 1324 1618 eo,
1344 1535 1399 1618 qui
1417 1545 1468 1601 est

341 1649 433 1716 salus
449 1645 603 1716 omnium.
630 1643 739 1730 otncij
755 1645 857 1714 nostri
876 1643 1021 1712 debitum
1036 1663 1096 1711 nos
1113 1649 1277 1712 ammonet
1292 1641 1469 1726 inuigilare

342 1753 496 1839 remedijs
521 1749 742 1836 subditorum
774 1752 852 1834 qnia
877 1751 952 1820 dum
977 1770 1090 1820 eornm
1119 1751 1302 1818 excutimus
1332 1749 1468 1832 honera,

342 1861 419 1930 dnm
434 1859 594 1928 scandala
609 1877 821 1944 remonemns,
847 1879 906 1925 nos
921 1859 955 1924 in
971 1860 1114 1946 ipsomm
1133 1859 1243 1944 quiete
1258 1855 1467 1942 quiescimus,

343 1977 376 2037 et
386 1967 478 2056 pacis
494 1985 604 2033 corum
615 1963 782 2033 commodo
799 1965 1010 2050 gratulamur.
1029 1966 1171 2034 Proinde
1186 1965 1470 2032 aduninersorum

344 2074 548 2166 presencium
558 2079 825 2160 posterorumque
840 2073 996 2142 noticiam
1015 2075 1128 2141 barum
1139 2074 1225 2142 serie
1239 2075 1388 2142 volumus
1397 2089 1471 2158 per·

344 2187 475 2269 uenire3
501 2183 677 2268 quodcum
692 2182 776 2250 inter
802 2183 956 2252 dilectum
981 2183 1111 2250 fidelem
1137 2191 1280 2252 nostrum
1299 2182 1471 2251 Hernicum

345 2291 502 2360 Comitem
519 2287 767 2375 Symigiensem‚
785 2293 817 2356 et
827 2289 1018 2358 castrmses
1034 2289 1076 2356 de
1091 2287 1207 2374 Garyg
1223 2309 1264 2356 ex
1279 2309 1345 2355 vna
1363 2295 1471 2376 parte,

345 2421 386 2468 ac
395 2395 595 2485 jobagiones
621 2393 767 2462 eiusdem
782 2395 882 2462 castri
897 2396 930 2461 in
946 2397 1022 2482 ipsa
1038 2397 1151 2481 Garyg
1167 2395 1345 2464 existentes
1364 2415 1407 2461 ex
1422 2397 1471 2461 al-

345 2517 426 2592 tera,
452 2504 508 2591 qni
523 2526 545 2571 a
559 2509 707 2589 tempore
722 2503 822 2587 Regis
844 2503 1012 2572 Colomani
1038 2504 1205 2572 karissimi
1231 2503 1342 2572 fratris
1366 2505 1473 2574 nostri

346 2615 400 2702 pio
416 2609 671 2694 recordacionis,
682 2615 715 2676 et
725 2617 809 2696 ente,
820 2609 855 2675 in
870 2609 975 2695 Garig
986 2610 1119 2698 (miras)
1129 2611 1355 2700 possederant,
1373 2631 1475 2698 super

347 2719 494 2790 terminis
519 2725 677 2784 terrarum
703 2735 834 2784 suarum
851 2718 885 2784 in
903 2723 1015 2785 nostra
1039 2721 1211 2805 presencia
1226 2719 1352 2804 questio
1367 2725 1474 2786 nerte-

347 2835 457 2911 retnr;
483 2825 630 2892 volentes
654 2823 845 2892 scandalum
869 2842 926 2892 seu
942 2824 1138 2894 discordiam
1163 2826 1277 2893 tollere
1301 2825 1474 2893 demedio

349 2933 536 3017 eorundem,
552 2953 593 3000 ne
608 2934 642 2998 in
659 2941 758 3001 antea
773 2941 950 3018 grauentnr
974 2935 1142 3004 laboribus
1157 2943 1190 3002 et
1205 2935 1376 3022 expensis3
1402 2955 1475 3019 pre-

349 3040 469 3109 dictum
485 3038 653 3107 Hernicum
678 3039 846 3124 Comitem,
873 3041 928 3125 qui
944 3041 1016 3108 vice
1031 3060 1092 3108 sna
1110 3043 1329 3128 Pangracinm
1351 3041 1476 3110 oiiicia-

349 3153 416 3219 lem
431 3167 525 3216 snum
550 3147 592 3215 de
608 3147 725 3232 Garyg
749 3147 869 3215 adhoc
890 3149 1071 3236 deputabit,
1096 3157 1129 3217 et
1153 3151 1344 3235 Magistrum
1371 3149 1474 3217 Bene·

349 3260 473 3328 dictum
489 3253 897 3339 Quinque-Ecclesiensem
912 3257 1040 3325 fidelem
1065 3256 1225 3326 bominem
1246 3263 1395 3324 nostrum
1414 3277 1476 3344 pro

350 3367 446 3435 metis
472 3361 648 3432 eorundem
672 3361 914 3448 distinguendis
940 3364 1091 3432 duximus
1115 3365 1402 3450 transmittendos,
1433 3387 1477 3433 ne

349 3493 506 3566 processu
530 3478 715 3557 temporum.
738 3471 859 3558 prefati
869 3473 1067 3557 jobagiones
1092 3473 1133 3541 de
1148 3479 1236 3542 terra
1259 3474 1476 3541 castrensium

350 3583 485 3652 valeant
508 3597 680 3663 occupare,
706 3579 758 3644 vel
778 3587 964 3647 castrenses
989 3587 1103 3647 contra
1128 3581 1260 3650 eosdem
1279 3581 1477 3667 jobagiones

351 3688 556 3762 occasionem
573 3704 631 3752 seu
647 3685 815 3752 materiam
840 3687 985 3754 habeant
1001 3688 1201 3771 querulandi.
1230 3689 1280 3754 Ex
1295 3687 1414 3770 quibus
1430 3689 1476 3756 ui·

351 3797 472 3866 delicet
482 3793 717 3881 Jobagionibns
733 3793 833 3861 castri
850 3791 989 3880 predicti
1004 3801 1089 3862 mete
1104 3801 1262 3862 terrarum
1272 3795 1405 3864 Martini
1421 3796 1478 3863 Co·

354 3905 441 3974 mitis
457 3902 515 3988 filij
531 3901 634 3988 Tusk,
651 3921 691 3968 ac
705 3899 816 3969 fratria
832 3902 935 3989 ipsius
952 3903 1080 3971 nomine
1096 3903 1196 3983 (iord,
1213 3924 1275 3988 que
1299 3904 1479 3990 unigeniter

353 4009 562 4084 Borsonouob
584 4013 831 4096 nuncupantur,
863 4017 959 4096 prout
984 4011 1088 4078 dictus
1113 4010 1208 4079 homo
1239 4019 1350 4079 noster
1379 4013 1479 4079 Bene-

354 4122 461 4189 dictus
477 4117 572 4184 nobis
582 4115 703 4202 retulit,
719 4123 815 4202 prout
830 4118 934 4186 eeiam
950 4117 1094 4204 prefatus
1105 4119 1309 4205 Pengraeins
1325 4139 1385 4206 per
1401 4139 1479 4186 snas

354 4229 482 4295 litteras
498 4223 671 4308 intimauit‚
688 4225 750 4291 hoo
760 4223 875 4292 ordine
891 4225 1120 4312 distinguntur.
1140 4226 1251 4293 Prima
1261 4233 1350 4293 meta
1364 4225 1479 4312 incipit

355 4318 484 4420 aparte
500 4331 695 4400 occidentali
719 4331 781 4398 snb
797 4353 862 4399 vna
878 4333 1007 4420 arbore,
1033 4353 1096 4417 qne
1111 4334 1211 4419 uulgo
1233 4335 1335 4422 ecylfc
1350 4331 1479 4416 dicitnr,

356 4441 445 4508 circa
469 4458 568 4526 quam
583 4447 634 4506 est
659 4446 746 4507 meta
770 4445 877 4508 terrea
892 4440 1036 4526 antiqua,
1062 4461 1221 4528 separans
1245 4440 1366 4508 limites
1381 4439 1479 4507 (iras-

356 4547 482 4614 sancha
506 4547 659 4632 adaryg
685 4567 782 4634 snper
807 4547 938 4616 vineam
963 4547 1163 4636 sacordotis3
1189 4547 1308 4616 deinde
1333 4553 1401 4615 tam
1423 4567 1481 4636 per
