3112 5148
573 394 579 399 .
613 299 723 401 133..

84 505 298 584 angmentum,
316 505 349 567 et
365 497 513 566 ordinem
529 505 674 567 vestrum
692 500 902 586 prerogativa
916 499 1040 568 favoris
1057 509 1089 568 et
1104 501 1210 586 gratie

83 627 138 673 non
161 607 327 676 immerito
353 611 598 694 prosequentes,
626 627 736 673 cuma
757 626 816 674 sue
840 607 1051 676 institutionis
1076 609 1211 678 exordio

78 714 300 784 laudabilibus
327 715 482 782 continue
506 714 681 801 profecerit
704 715 923 801 incrementis,
956 717 1060 804 ipsius
1086 717 1211 786 ordinis

80 825 197 891 cultum
213 823 391 891 affectione
416 825 516 910 plena
530 819 708 908 diligimus,
725 831 758 892 et
774 825 922 910 cupimus
945 845 1076 914 semper
1091 826 1210 895 votivis

79 931 106 998 in
129 934 275 1002 Domino
302 933 509 1000 successibus
535 931 705 1019 ampliari,
732 930 838 1000 eidem
862 933 966 1002 ordini
991 935 1131 1004 sollicite
1156 953 1207 1000 ou·

78 1045 183 1107 rantes
199 1039 324 1125 inhiis,
341 1059 406 1123 que
422 1038 570 1106 salubria
584 1037 689 1105 sibiet
705 1044 865 1125 oportuna
880 1040 1119 1126 cognoscimus,
1136 1062 1208 1129 pro·

76 1147 192 1216 ridere.
220 1145 305 1215 (lum
321 1146 443 1234 itaque,
471 1147 554 1214 sicut
568 1145 663 1214 nobis
679 1165 842 1233 exponere
858 1149 1043 1235 curavistis,
1071 1153 1117 1234 tn,
1144 1148 1208 1216 fre·

76 1266 118 1322 ter
132 1256 302 1344 Episcopo
319 1275 359 1323 ac
374 1253 542 1340 Magister,
565 1259 598 1320 et
613 1253 862 1342 predecessores
882 1257 929 1324 tui
945 1255 1037 1324 iuxta
1059 1256 1205 1324 eiusdem

75 1366 197 1432 ordinis
225 1361 499 1432 consuetudinem
524 1363 733 1431 observatam
758 1365 916 1432 hactenus
936 1371 968 1431 et
984 1385 1005 1430 a
1021 1364 1106 1432 Sede
1122 1366 1207 1450 Apo·

75 1473 188 1540 stoliea
212 1473 402 1556 toleratam,
429 1469 539 1538 statim
555 1478 729 1557 postquam
746 1471 840 1538 electi
868 1471 1046 1540 seeundum
1069 1471 1207 1558 predicti

73 1581 330 1648 constituciones
346 1578 471 1647 ordinis
488 1578 653 1664 extitistis,
670 1578 808 1646 fratrum
821 1579 925 1666 ipsius
942 1599 1053 1648 curam
1069 1580 1207 1665 gesseri-

73 1691 120 1774 tis,
135 1686 331 1772 Magisterii
348 1686 490 1756 officium
507 1687 604 1773 plene
620 1707 660 1754 ac
676 1688 777 1755 libere
793 1687 827 1754 in
840 1688 990 1756 omnibus
1008 1695 1204 1773 exercentes,

72 1795 237 1882 iidemque
254 1795 375 1862 fratres
386 1793 480 1862 vobis
498 1793 614 1862 devote
625 1812 664 1860 ae
679 1795 845 1861 humiliter
862 1791 1043 1863 obedierint
1060 1802 1092 1864 et
1104 1793 1202 1860 inten-

72 1905 173 1972 derint
195 1911 404 1987 reverenter3
432 1909 465 1969 et
480 1901 514 1968 in
529 1903 644 1970 eodem
671 1903 785 1970 ordine
802 1901 845 1969 sit
860 1909 1029 1986 statutum,
1055 1909 1090 1969 ut
1105 1901 1208 1987 Magi·

72 2024 132 2081 ster
147 2011 273 2099 ipsius,
301 2009 357 2095 qui
373 2030 432 2096 pro
448 2014 592 2096 tempore
616 2009 723 2094 fuerit,
741 2031 762 2077 a
777 2009 961 2095 magisterii
988 2009 1093 2076 olfieio
1120 2029 1207 2076 amo-

73 2123 133 2188 veri
158 2123 281 2188 valeat
296 2141 318 2186 a
342 2118 573 2186 diffinitoribus
598 2119 740 2206 Capituli
756 2119 947 2204 Generalis;
972 2137 1033 2186 nos
1058 2119 1206 2187 volentes

72 2250 201 2297 omnem
218 2226 447 2312 ambiguitatis
464 2227 651 2313 scrupulum
666 2227 700 2292 in
717 2227 779 2294 bac
794 2233 888 2314 parte
904 2225 946 2294 de
967 2226 1086 2294 vestris
1103 2225 1206 2293 cordi-

72 2339 124 2405 bus
140 2345 335 2426 amputare,
352 2357 392 2404 ac
408 2336 554 2430 ordinem
569 2337 677 2422 ipsum
695 2358 716 2403 a
731 2337 817 2404 Sede
833 2337 1026 2424 Apostolica
1045 2335 1207 2423 approba·

71 2457 143 2530 tum,
161 2447 288 2514 eadem
314 2447 485 2513 honestate
500 2444 659 2530 floridum,
684 2445 870 2532 preclarum
885 2444 1023 2513 scientia
1040 2451 1073 2510 et
1088 2443 1206 2510 virtute

71 2555 260 2638 fecundum,
277 2553 449 2641 privilegio
466 2553 654 2641 Apostolice
670 2553 782 2638 gracie
798 2555 948 2622 attollere
968 2551 1138 2638 singulari,
1154 2569 1206 2616 re·

70 2667 142 2732 stris
169 2661 475 2752 supplicationibus
492 2661 649 2747 inclinati,
675 2669 710 2729 ut
726 2682 933 2731 successores
958 2663 1016 2747 tui,
1038 2659 1206 2745 Magister,

70 2775 240 2858 quierunt
258 2791 318 2858 pro
333 2775 489 2855 tempore,
505 2769 616 2837 statim
631 2775 806 2858 postquam
824 2771 918 2838 electi
935 2768 1111 2838 secundum
1131 2787 1204 2836 con·

70 2883 262 2950 stitutiones
287 2879 406 2946 luerint
432 2879 647 2966 supradictas,
676 2900 715 2947 eo
731 2881 803 2966 ipso
820 2881 889 2948 veri
906 2877 1053 2948 eiusdem
1081 2877 1206 2947 ordinis

70 2993 177 3060 enecti
194 2987 363 3074 Magistri,
381 3008 491 3054 curam
507 2987 689 3055 animarum
698 2987 834 3055 fratrum
849 2989 953 3076 ipsius
970 2987 1093 3055 ordinis
1110 2987 1205 3073 plene

71 3101 219 3165 babeant
235 3105 271 3164 et
286 3097 389 3162 libere
405 3101 531 3181 gerant,
558 3095 714 3182 ipsosque
730 3095 847 3163 fratres
864 3097 1058 3163 auctoritate
1072 3091 1207 3179 propria

70 3209 174 3292 ligare
193 3225 237 3271 ae
255 3203 385 3271 solvere
394 3204 537 3288 valeant,
554 3223 614 3270 nec
630 3224 695 3272 non
706 3203 740 3268 in
757 3201 871 3271 eodem
887 3221 986 3288 agere
1002 3200 1126 3287 ordine,
1143 3215 1206 3281 que

70 3315 132 3400 ipsi
147 3321 184 3381 et
202 3311 330 3400 prefati
346 3311 536 3378 diffinitores
546 3311 637 3377 iuxta
653 3316 851 3380 memoratas
868 3309 1114 3377 constitutiones
1125 3307 1205 3372 eius-

71 3423 142 3489 dem
170 3419 288 3488 ordini
303 3427 337 3485 et
360 3419 515 3486 fratribus
540 3416 719 3486 seeundum
744 3419 849 3484 Deum
873 3417 1015 3485 viderint
1042 3413 1205 3501 expedire,

70 3531 226 3614 aliasque
242 3525 429 3612 Magisterii
445 3523 586 3594 officinm
597 3525 687 3593 licite
702 3527 736 3592 in
752 3525 901 3592 omnibns
912 3541 1073 3607 exercere,
1092 3521 1206 3589 iidem-

70 3660 130 3724 que
154 3641 287 3706 tratres
311 3634 385 3720 sibi,
410 3633 578 3719 Magister,
606 3641 639 3700 et
664 3633 907 3701 successoribus
932 3631 1013 3718 ipsis
1036 3632 1151 3698 devote
1167 3649 1207 3696 ac

69 3747 243 3813 hnmiliter
268 3741 426 3810 obediant
441 3751 473 3810 et
489 3740 671 3828 intendant,
700 3748 732 3809 et
747 3740 868 3830 prefati
893 3759 1098 3809 successores
1114 3745 1146 3804 et
1161 3744 1205 3821 tu,

69 3854 245 3938 Magister,
265 3871 287 3917 a
303 3849 530 3919 diffinitoribus
548 3849 693 3939 Capituli
709 3848 879 3917 Generalis
895 3849 999 3935 ipsius
1020 3846 1144 3915 ordinis
1160 3863 1207 3910 se·

69 3962 217 4030 eundum
233 3959 361 4030 ordinis
372 3960 617 4029 constitutiones
634 3958 780 4027 eiusdem
791 3957 919 4027 absolvi
935 3963 967 4024 et
982 3955 1125 4023 amoveri
1135 3971 1207 4039 pos-

69 4075 150 4158 sitis,
168 4067 377 4137 auctoritato
393 4069 600 4156 presencium
615 4068 773 4136 habentes
789 4075 896 4134 ratum
911 4072 944 4132 et
959 4065 1095 4148 firmum,
1121 4062 1207 4145 quic·

70 4179 147 4265 qnid
166 4198 277 4266 super
295 4176 463 4264 promissis
477 4197 536 4264 per
555 4183 597 4261 te,
620 4177 788 4264 Magister,
815 4175 984 4259 dictosque
1002 4170 1207 4260 predecesso-

70 4309 131 4369 res,
149 4290 279 4356 iratres
296 4292 328 4354 et
343 4285 537 4355 diffinitores
557 4287 680 4353 iactum
695 4291 727 4353 et
744 4285 952 4354 obseruatum
963 4289 1013 4349 est
1028 4282 1205 4364 hactenus,

69 4415 238 4464 concessa
263 4392 325 4461 tibi
341 4392 523 4479 exequendi
538 4391 721 4480 Magisterii
745 4390 896 4476 officium,
922 4389 1031 4475 quoad
1046 4387 1208 4475 premissa

15 4495 17 4590 l
68 4505 182 4572 omnia
200 4509 238 4570 et
263 4501 333 4569 alia
347 4499 454 4568 libera
469 4501 635 4586 facultate,
660 4499 702 4567 de
716 4499 853 4566 fratrum
874 4505 1057 4568 nostrorum
1073 4496 1208 4565 consilio

15 4673 17 4696 ,
66 4612 298 4697 indulgemus.
314 4609 405 4677 Nulli
422 4627 500 4694 ergo
517 4609 649 4678 omnino
659 4608 827 4677 hominum
842 4607 941 4674 liceat
955 4606 1042 4672 hanc
1052 4605 1208 4691 paginam

110 4749 225 4787 uem.
241 4745 326 4785 ma.
343 4747 413 4783 nrsr.
434 4757 470 4767 —
490 4747 561 4782 om.
579 4739 612 4777 12.
1007 4722 1046 4776 12
