3134 5150
281 930 303 998 1
306 929 340 998 V.
356 929 441 996 Rota
454 927 564 1016 kirdly
580 927 759 1014 udomdayo
776 925 900 993 Umoud
914 927 997 994 noct
1011 925 1092 994 lotia
1108 925 1239 1018 oanddpe
1253 927 1415 992 ammeca.

797 1032 895 1100 1236.

389 1231 471 1299 Bela
486 1230 549 1298 Dei
574 1232 689 1315 gracia
703 1233 774 1298 Rex
793 1229 962 1314 Huugarie
987 1228 1137 1298 omuibus
1164 1226 1285 1295 Christi
1310 1226 1414 1296 fideli-

281 1343 352 1426 bus,
379 1341 497 1426 quibus
513 1357 648 1425 presens
672 1339 798 1426 pagiua
822 1337 976 1425 patuerit,
1003 1337 1143 1404 salutem
1162 1337 1197 1402 in
1213 1357 1265 1423 eo,
1287 1337 1343 1422 qui
1359 1343 1413 1405 est

281 1451 370 1518 salus
381 1449 523 1516 omnium
539 1453 571 1514 et
585 1448 665 1515 vita.
683 1447 763 1515 Cum
780 1467 821 1514 ex
830 1447 935 1531 Regio
951 1444 1122 1531 dignitatis
1133 1445 1242 1514 officio
1261 1445 1414 1532 hospites

279 1565 312 1628 et
326 1559 473 1626 aduenas
488 1557 644 1640 colligere
661 1556 850 1640 debeamus,
876 1556 1018 1623 omnium
1033 1555 1238 1640 presencium
1257 1563 1290 1622 et
1304 1561 1415 1642 poste·

279 1685 389 1736 rorum
404 1664 524 1734 noticie
548 1665 698 1732 uolumus
724 1663 902 1746 insinuare,
929 1661 1017 1748 quod
1032 1684 1091 1730 nos
1117 1661 1237 1731 dilecto
1263 1683 1304 1730 ac
1319 1662 1415 1730 fideli

279 1779 390 1842 nostro
406 1771 529 1859 hospiti
543 1771 661 1838 Latino
678 1771 840 1838 Wmando
858 1771 998 1853 nomine,
1015 1791 1075 1856 pro
1088 1769 1323 1856 multiplicibus
1340 1771 1414 1840 suis

279 1880 438 1966 seruicijs,
462 1879 547 1945 utin
563 1881 673 1962 Regno
689 1885 799 1946 nostro
826 1877 1046 1947 resideuoiam
1068 1877 1174 1964 possit
1189 1879 1322 1962 habere,
1347 1884 1416 1946 ter·

278 2008 351 2054 ram
366 1987 492 2053 culture
508 1985 643 2054 duorum
658 1993 841 2053 aratrorum
857 1986 1070 2055 sufficientem
1087 1987 1129 2054 de
1145 1993 1232 2054 terra
1242 1985 1414 2074 Chyrgov,

280 2117 300 2164 a
316 2094 432 2162 Castro
448 2095 584 2161 Albensi
600 2101 794 2182 exemptam,
812 2116 910 2164 unum
926 2095 1157 2180 molendinum,
1182 2096 1317 2162 terciam
1334 2115 1415 2181 par-

220 2217 223 2225 ·
277 2210 343 2271 tem
358 2203 459 2270 feneti
476 2200 622 2268 eiusdem
639 2211 735 2287 terre,
753 2210 785 2270 et
802 2204 1022 2287 quadraginta
1032 2203 1148 2290 iugera
1161 2225 1221 2290 pro
1238 2204 1414 2272 commodo

278 2311 447 2379 vinearum
463 2310 585 2378 ibidem
601 2309 819 2394 colendarum,
848 2311 1043 2378 contulimus
1058 2321 1215 2398 perpetuo
1240 2313 1420 2398 possiden-

278 2421 331 2505 da,
363 2428 521 2506 tauquam
546 2419 668 2508 hospiti
694 2420 737 2486 ad
761 2419 900 2503 Regiam
925 2419 1130 2487 Maiestatem
1153 2420 1336 2506 pertinenti.
1365 2421 1418 2492 Ut

278 2533 387 2594 autem
403 2526 463 2594 hee
479 2527 617 2594 donacio
634 2547 655 2593 a
670 2525 766 2594 nobis
792 2525 974 2594 liberaliter
993 2524 1083 2593 lacta
1100 2528 1196 2594 salua
1221 2547 1350 2614 semper
1375 2537 1415 2595 et

277 2633 479 2700 inuiolabilis
505 2635 681 2718 consistat,
708 2641 778 2700 ete
801 2633 891 2702 nullo
916 2653 1059 2718 uuquam
1088 2637 1218 2704 omuino
1243 2636 1414 2704 homiuum

277 2747 375 2823 queat
390 2739 425 2804 in
449 2739 577 2806 irritum
593 2741 752 2823 reuocari,
778 2748 947 2826 presentes
973 2743 1194 2810 concessimus
1218 2743 1346 2810 litteras
1371 2742 1413 2816 in

279 2851 504 2929 argumentum
530 2844 700 2930 amplioris
724 2845 800 2912 fidei
817 2845 958 2932 duplicis
975 2847 1080 2932 sigilli
1105 2849 1210 2916 nostri
1228 2849 1413 2918 munimine

279 2953 462 3020 roboratas.
488 2953 611 3018 Datum
626 2972 684 3038 per
711 2973 828 3020 manus
844 2955 968 3021 Mathie
984 2956 1147 3041 Propositi
1162 2958 1412 3046 Zagrabieusis,

280 3062 356 3128 aule
381 3067 490 3128 nostre
507 3060 703 3146 Oanccllarij
729 3083 815 3130 anno
841 3065 1011 3132 Dominice
1037 3067 1281 3135 lucarnaeionis
1306 3069 1415 3138 mille-

281 3167 364 3234 simo
390 3167 612 3236 ducentesimo
636 3171 801 3238 tricesimo
827 3176 940 3255 sexto,
966 3171 1072 3256 Regni
1099 3192 1177 3242 uero
1199 3176 1304 3244 nostri
1322 3197 1414 3246 auno

281 3295 397 3362 primo.

282 3473 331 3538 (su
344 3474 446 3524 eredeti
457 3471 523 3524 utin
535 3475 606 3525 kuzli
620 3471 746 3526 Horvith
758 3476 836 3536 Elok,
849 3477 934 3542 Gy'ori
947 3476 1110 3530 'l'drtdnelmi
1124 3477 1152 3530 ds
1165 3478 1310 3547 Rdgdsueti
1321 3483 1412 3536 quo-

650 3567 767 3632 ceum.
777 3566 833 3619 uos.
846 3567 922 3619 rece.
938 3569 997 3620 ras.
1007 3568 1037 3636 1.)

706 3831 971 3846 *-
