3134 5150
588 333 748 434 ..ι-1-

103 527 221 594 nelium
235 527 445 610 monachum,
462 527 518 594 rel
532 527 639 614 potius
655 527 891 614 demoniacum,
916 530 957 598 de
973 532 1130 603 mandato
1150 538 1235 606 eins·

104 635 176 700 dem
185 633 365 701 l’rcnestini
380 652 403 700 a
419 636 620 702 monasterio
636 635 710 723 ipsc
726 635 934 721 exigentibus
950 639 1020 708 suis
1035 641 1140 729 culpis
1153 643 1232 712 eiec·
1335 655 1339 666 ’

103 751 179 827 tum,
195 742 395 810 llonasterio
411 743 554 830 prefecit
568 743 693 811 eidem:
712 747 959 834 propterquod,
977 769 1018 818 ne
1034 757 1101 818 tam
1114 771 1232 837 graues

104 869 264 933 excessus,
281 851 310 916 si
326 871 392 916 non
409 869 468 918 eos
484 870 570 936 pena
581 849 693 918 debita
704 853 892 939 castigaret,
911 856 1090 925 transirent
1105 859 1181 928 aliis
1197 860 1231 928 in

102 959 295 1047 exemplum,
312 957 441 1024 dilectis
457 957 535 1024 filiis
616 959 729 1028 Sancti
746 959 906 1047 Stephani
921 963 1033 1053 Regis,
1052 961 1102 1034 ..2
1119 967 1232 1034 Sancti

105 1065 270 1134 Benedicti
286 1072 319 1131 et
402 1065 517 1131 Sancti
541 1065 702 1152 Stephani
718 1067 972 1152 Protomurtiris,
992 1070 1107 1138 Sancti
1122 1070 1231 1156 Augu-

101 1173 320 1242 stiniOrdinis
332 1172 521 1240 Abbatibus
531 1171 927 1260 WaradicnsisDioccsis,
944 1176 1065 1244 nostris
1082 1177 1230 1246 dedimus

101 1283 203 1350 literis
227 1283 264 1347 in
289 1279 469 1365 mandatis,
494 1286 531 1346 ut
555 1280 585 1350 si
600 1300 669 1346 rem
693 1281 874 1348 invenirent
898 1284 1009 1351 taliter
1034 1305 1071 1352 se
1095 1286 1228 1372 habere,

11 1455 12 1464 ,
98 1390 279 1478 predictum
294 1389 516 1474 Episcopum,
542 1394 578 1454 ut
593 1387 724 1455 eosdem
742 1388 903 1458 Abbatem
919 1400 952 1456 ct
970 1392 1149 1462 monachos
1165 1395 1229 1480 pri·

100 1500 182 1565 stine
206 1497 386 1565 restituens
401 1494 556 1580 libertati,
583 1515 641 1562 eos
657 1496 701 1562 ad
717 1499 950 1565 monasterium
974 1499 1092 1586 ipsum,
1118 1509 1228 1570 amoto

100 1611 140 1676 ab
154 1629 193 1676 ec
206 1604 672 1694 quolibetdetentoreillicito,
689 1593 793 1674 libere
809 1608 919 1675 redire
931 1611 1144 1695 permitteret,
1163 1632 1228 1680 mo·

11 1799 12 1816 χ
99 1719 218 1787 nitione
233 1717 409 1804 premissa,
427 1717 619 1784 auctoritate
629 1723 743 1785 nostra
759 1717 820 1784 sub
830 1717 1021 1804 Apostolica
1042 1719 1228 1787 obedientia

11 1819 12 1848 *
101 1831 315 1912 manutenent,
331 1821 497 1911 predictos
513 1844 667 1891 mannum
676 1824 849 1894 iniectores
865 1825 991 1892 tamdiu
1002 1827 1226 1914 appellatione

11 2015 12 2022 ἵ
98 1942 217 2002 remota
243 1931 543 2000 excommunicatos
570 1931 703 2018 publice
717 1933 923 2018 nunciantes,
950 1933 1162 2001 sciscientes
1183 1933 1225 2000 ab

11 2057 12 2068 ¹
98 2043 245 2111 omnibns
263 2039 386 2106 arctius
407 2037 533 2123 euitari,
561 2036 665 2105 donec
683 2037 792 2124 passis
818 2039 970 2106 iniuriam
995 2039 1225 2108 satisfacerent

98 2155 345 2236 competenter:
373 2151 494 2212 etcum
517 2144 704 2212 eorumdem
715 2145 863 2230 judicum
887 2147 1067 2214 litterarum
1082 2148 1224 2216 testimo-

96 2259 145 2326 nio
160 2256 315 2324 venirent
338 2252 384 2319 ad
403 2250 522 2318 Sedem
537 2253 761 2338 Apostolicam
779 2253 982 2338 absoluendi,
1008 2253 1133 2342 prefixo
1158 2255 1224 2343 ipsi

95 2367 262 2452 Episcopo
285 2363 425 2429 termino
441 2361 659 2448 peremptorio
683 2363 897 2448 competenti,
922 2381 986 2445 quo
1006 2381 1224 2448 responsums

11 2557 12 2564 ἵ
97 2473 134 2539 de
157 2470 314 2558 dampnis
329 2476 363 2537 et
387 2467 514 2536 iniuriis
540 2467 748 2554 supradietis,
774 2490 813 2537 ac
833 2469 1004 2538 auditurus
1027 2489 1126 2555 super
1150 2489 1225 2552 que-

11 2573 12 2592 *
96 2590 199 2656 stione
214 2584 391 2672 premissa,
408 2600 471 2666 que
485 2581 612 2648 iustitia
628 2579 791 2667 suaderet,
810 2580 1001 2667 Apostoliec
1017 2599 1054 2646 se
1069 2597 1223 2664 conspee-

96 2699 140 2765 tui
154 2696 373 2784 presentaret.
399 2687 544 2774 Cumque
567 2689 685 2775 prelati
701 2689 830 2775 judices
854 2689 1010 2774 inquisita
1035 2707 1133 2773 super
1159 2687 1223 2754 hiis

11 2811 13 2896 ζ
96 2804 230 2872 sollicite
246 2801 398 2882 veritate,
424 2797 523 2883 longe
539 2798 635 2885 plura
657 2805 770 2866 eontra
794 2805 991 2866 memoratos
1010 2797 1173 2864 Abbatem
1190 2805 1223 2864 ct

96 2915 297 2982 Conventum
321 2913 512 2994 presumpta
538 2925 597 2992 per
622 2907 760 2972 eundem
785 2907 984 2994 Episcopum
1013 2903 1221 2990 invenissent,

98 3043 191 3110 qnam
206 3019 332 3087 nostris
360 3015 499 3082 luissent
523 3015 656 3082 auribus
672 3015 840 3102 intimata;
870 3013 1073 3100 sepedictum
1089 3014 1223 3099 Episco-

97 3152 170 3219 pum
187 3125 370 3196 efficaciter
385 3117 587 3206 monuerunt,
612 3129 648 3188 ut
662 3124 826 3208 premissa
841 3123 951 3190 omnia
965 3121 1090 3189 faciens
1117 3140 1224 3188 emen·

95 3239 172 3322 dari,
190 3232 368 3301 iamdictos
382 3228 545 3294 Abbatem
560 3235 593 3294 ct
608 3229 794 3314 monachos,
822 3229 940 3297 amotis
956 3228 1077 3296 exinde
1092 3229 1222 3312 quibus-

94 3347 171 3416 libet
184 3341 312 3410 illicitis
328 3335 562 3423 detentoribus,
589 3336 691 3402 libere
708 3337 814 3404 redire
830 3336 1031 3424 permitteret
1055 3337 1098 3401 ad
1113 3355 1222 3402 mona-

97 3453 229 3522 sterium
246 3444 447 3516 corumdem.
469 3443 533 3510 Sed
548 3443 621 3530 ipse
636 3464 701 3511 non
717 3444 821 3510 solum
836 3443 871 3510 id
886 3443 1014 3512 efficere
1028 3441 1159 3529 penitus
1175 3461 1222 3509 re-

96 3561 229 3642 cusavit,
256 3575 368 3622 verum
396 3551 495 3620 etiam
519 3557 656 3640 peccata
684 3551 829 3638 peccatis
854 3551 1083 3635 accumulans,
1107 3550 1221 3636 peiora

94 3668 255 3757 prioribus
271 3659 334 3728 luit
349 3659 398 3726 eis
414 3657 602 3724 terribiliter
618 3658 852 3726 comminatus:
869 3657 1099 3744 propterquod
1114 3658 1221 3745 ipsum

11 3757 12 3796 ἢ
96 3777 173 3844 dicti
185 3769 320 3859 judices
336 3770 380 3836 ab
396 3766 503 3836 officio
530 3772 561 3834 et
576 3767 734 3835 beneficio
751 3765 999 3854 suspendentes,
1026 3767 1129 3835 dictos
1155 3787 1221 3832 ma-

11 3903 12 3936 1
96 3907 193 3954 nuum
216 3879 393 3947 iniectores
418 3876 714 3942 excommunicatos
744 3875 875 3960 publice
899 3875 1107 3957 nuntiarunt,
1139 3892 1221 3957 quos

93 3993 179 4059 idem
193 3988 381 4076 Episcopus
397 3984 431 4050 in
458 3983 586 4050 malitia
601 4003 662 4050 sua
676 3983 802 4070 fovens,
828 4003 889 4050 nec
903 3985 994 4069 ipsos
1010 4002 1030 4047 a
1047 4001 1108 4048 sua
1130 3981 1222 4048 iami-

93 4099 236 4168 ilaritate
250 4091 400 4176 removit,
417 4109 478 4157 nec
493 4109 529 4157 sc
544 4109 658 4176 gerere
673 4091 777 4158 voluit
790 4111 850 4177 pro
865 4108 1035 4176 suspenso,
1061 4091 1095 4155 in
1111 4088 1219 4158 anime

92 4229 147 4276 sue
160 4203 346 4294 pericnlum
370 4204 404 4267 et
420 4217 523 4284 grave
539 4199 732 4267 scandalum
748 4199 896 4267 aliorum.
922 4199 966 4264 At
980 4195 1079 4265 iidem
1091 4198 1220 4284 judiees

93 4330 281 4400 processum
305 4327 402 4377 suum
416 4304 463 4372 ad
487 4325 626 4372 examen
641 4305 865 4392 Apostolicum
885 4305 1095 4390 remittentes,
1120 4307 1220 4373 nomi-

94 4430 165 4492 nato
181 4421 350 4510 Episcopo
375 4415 551 4482 terminum
567 4413 830 4502 peremptorium,
856 4412 1017 4480 kalendas
1033 4413 1158 4499 Aprilis
1174 4413 1219 4479 ri·

11 4511 12 4538 ¹
95 4531 207 4600 delicet
232 4529 362 4596 futuras
389 4529 467 4590 tunc
491 4523 656 4610 proximo,
682 4521 900 4610 prefixerunt,
926 4541 990 4606 quo
1016 4527 1220 4607 compareret

94 4637 303 4724 personaliter
318 4651 435 4704 coram
450 4630 557 4714 nobis,
583 4649 682 4716 super
697 4628 866 4718 premissis
882 4628 1033 4698 omnibus
1049 4648 1220 4714 responsu-
