3122 5154
863 273 908 338 50

814 361 966 374 -u—

324 473 502 556 constituti,
519 473 680 540 uniuersis
704 489 839 557 presens
855 468 1013 554 scriptum
1039 466 1235 552 inspecturis
1260 467 1402 534 salutem
1419 466 1455 532 in

324 582 461 648 Domino
477 580 581 648 Jhesn
592 579 732 646 Christo.
750 577 801 645 Ad
811 577 1036 644 uniuersorum
1052 573 1208 642 noticiam
1218 575 1368 644 volumus
1380 593 1455 662 per-

323 689 444 774 uenire,
476 687 562 772 quod
589 707 662 754 cum
688 685 875 773 Capitulum
901 683 1050 750 Ecclesia
1076 681 1189 750 Sancti
1214 681 1385 749 Michaelis
1412 680 1455 747 de

323 800 442 865 Ferreo
459 797 573 864 Castro
584 801 773 861 causaretur
792 793 886 859 nobis
898 811 1017 877 coram,
1032 811 1090 876 pro
1107 791 1331 859 destruccione
1346 789 1455 876 predij

324 904 520 992 Megyehyd,
546 910 578 972 et
602 903 746 970 violenta
773 902 862 969 illius
887 899 1116 986 occupacione,
1146 907 1178 966 et
1204 921 1262 986 pro
1280 898 1456 982 sexaginta

325 1013 491 1098 iugeribus
519 1019 615 1094 terre,
643 1031 706 1094 qne
721 1011 762 1076 dc
785 1009 896 1096 predio
913 1009 1021 1094 Kynia
1046 1027 1160 1076 uersus
1186 1007 1323 1075 alteram
1341 1006 1455 1072 villam

326 1120 432 1205 Kyniz
447 1118 615 1186 uduornici
631 1117 775 1203 predicte
788 1117 934 1184 Ecclesia
947 1115 1138 1184 subtrahere
1153 1114 1383 1199 moliebantur,
1400 1133 1456 1178 no-

327 1229 413 1294 mine
429 1227 646 1314 possessionis
666 1226 835 1293 cuiusdam
850 1227 912 1292 viri
927 1225 1058 1292 nomine
1068 1225 1173 1310 Raim,
1195 1223 1343 1309 predicto
1360 1221 1457 1306 Capi·

327 1335 404 1422 tulo,
422 1332 720 1420 utidemprcdium,
738 1343 771 1402 et
780 1333 930 1420 predicta
943 1333 1120 1418 sexaginta
1132 1333 1247 1418 iugera
1257 1338 1351 1416 terre,
1369 1331 1456 1396 inste

327 1463 454 1530 semper
469 1452 501 1509 et
526 1441 661 1526 pacifice
686 1440 878 1526 possederit,
904 1439 1134 1528 probacionem
1151 1439 1343 1524 indixerim,
1368 1457 1457 1503 cum-

327 1571 390 1637 que
415 1549 537 1618 dictum
554 1550 739 1635 Capitulum
764 1548 912 1634 predium
937 1547 1116 1634 predictum
1142 1555 1175 1614 et
1189 1545 1338 1633 predicta
1362 1564 1453 1612 sexa·

329 1659 421 1744 ginta
445 1657 560 1742 iugera
583 1662 667 1722 terre
693 1657 777 1722 iuste
802 1662 835 1722 et
849 1654 986 1742 pacifice
1010 1655 1245 1740 atemporihns
1261 1654 1339 1720 Bele
1355 1652 1458 1736 Regis

329 1764 441 1849 Magni
466 1784 502 1831 se
521 1763 706 1850 possedisse
725 1763 911 1832 testimonio
927 1762 1102 1830 sufficienti
1118 1763 1373 1850 comprobasset,
1395 1781 1457 1828 nos

331 1873 473 1939 dictante
499 1872 630 1938 iusticia
655 1870 858 1956 sepedictum
883 1870 1032 1956 predium
1048 1869 1233 1955 Megyehyd
1258 1869 1398 1952 nomine,
1424 1877 1458 1936 et

331 1980 505 2062 sexaginta
515 1979 629 2062 iugera
644 1985 728 2044 terre
738 1979 772 2043 in
788 1978 868 2044 nilla
878 1978 993 2063 Kyniz,
1010 1978 1156 2045 Ecclesia
1175 1979 1269 2046 Beati
1285 1977 1456 2044 Michaelis

332 2085 636 2169 adiudicauerimus,
662 2085 774 2172 libere,
793 2091 825 2151 et
841 2087 977 2172 pacifice
993 2107 1066 2153 oum
1082 2087 1276 2172 molendino,
1303 2085 1389 2170 quod
1406 2094 1458 2152 est

331 2197 364 2262 in
381 2190 705 2280 predioMegyehyd,
733 2191 765 2258 in
781 2212 843 2276 quo
859 2193 923 2259 dne
949 2201 1016 2260 rote
1038 2196 1221 2281 uoluuntur,
1247 2193 1458 2281 possidenda,

332 2301 415 2369 sicut
439 2302 545 2388 ipsum
571 2298 757 2387 Capitulum
785 2301 878 2368 nobis
906 2302 1049 2370 constitit
1081 2302 1228 2388 primitus
1259 2300 1458 2386 possedisse.

333 2409 507 2478 Vduomici
522 2411 626 2478 eciam
642 2413 882 2496 prememorati,
908 2432 948 2478 ne
964 2412 1141 2495 aliquando
1166 2411 1249 2479 inter
1269 2411 1457 2497 Capitulum

334 2519 480 2608 stipans,
500 2537 599 2605 super
614 2517 782 2606 sepedicto
799 2519 923 2607 predio,
940 2527 973 2588 et
989 2521 1161 2606 sexaginta
1176 2521 1344 2604 iugeribus
1359 2525 1459 2602 terre,

332 2627 555 2696 controuersia
564 2631 676 2714 posset
685 2627 815 2710 exoriri,
832 2627 1009 2715 assumptis
1019 2627 1190 2714 pristaldis
1201 2627 1330 2710 nostris,
1346 2628 1460 2711 'lynca

334 2734 460 2802 scilicet
474 2733 515 2800 de
530 2731 694 2818 Herman,
721 2741 753 2801 et
768 2735 930 2819 limerico,
956 2736 1087 2822 ipsimet
1103 2741 1227 2823 euntes,
1247 2753 1351 2802 nouas
1366 2734 1461 2800 iuxta

335 2845 438 2908 metas
462 2839 617 2922 antiquas
642 2838 676 2906 in
693 2841 805 2926 predio
820 2841 1016 2930 Megyehyd,
1042 2845 1083 2912 ob
1100 2844 1327 2912 testimonium·
1347 2842 1461 2910 instili-

334 2949 478 3016 oaoionis
494 2947 642 3015 Ecclesia
668 2957 849 3034 erexerunt,
874 2952 1033 3034 qncsiont
1048 2971 1108 3038 per
1129 2949 1307 3038 pristaldos
1331 2961 1461 3018 nostros

335 3055 496 3141 predictos
512 3063 664 3142 presente
678 3063 814 3142 utraque
830 3067 934 3145 parte,
952 3079 1016 3128 uon
1033 3059 1284 3141 contradicente,
1312 3059 1372 3125 scd
1387 3077 1461 3125 con-

336 3161 501 3229 senciente
526 3163 792 3250 intellexerimus,
819 3165 878 3232 tali
903 3173 978 3233 sunt
1003 3165 1116 3233 ordine
1143 3167 1269 3234 collate.
1296 3165 1349 3232 Ad
1374 3167 1462 3231 latus

335 3269 492 3336 orientale
516 3269 673 3356 incipiunt
688 3271 730 3336 ab
749 3289 836 3352 aqua
852 3275 997 3360 (iungas,
1025 3284 1057 3342 ct
1072 3274 1242 3341 tendentes
1257 3293 1372 3341 versus
1388 3293 1462 3360 sop-

339 3377 542 3446 temtrionenr
558 3377 680 3445 intrant
703 3379 791 3446 uiam
807 3401 970 3466 magnam,
995 3381 1212 3450 continentem
1235 3381 1317 3448 duas
1337 3389 1463 3466 metas;

337 3491 369 3550 ct
384 3483 503 3550 abhinc
520 3486 630 3552 acerui
656 3494 814 3554 metarum
831 3490 1041 3558 interiacente
1064 3491 1178 3558 eadem
1194 3491 1249 3556 via
1266 3489 1464 3576 protendun-

336 3601 387 3658 tur
402 3590 444 3657 ad
460 3591 627 3678 spinosam
640 3591 893 3677 distincciouern‚
912 3617 974 3682 que
985 3599 1062 3683 vlgo
1072 3597 1190 3666 dicitur
1207 3617 1299 3682 mege
1316 3596 1465 3684 dupplici

336 3705 424 3766 mela
448 3699 689 3786 consignatam,
717 3701 807 3767 etin
833 3703 946 3770 cadem
973 3705 1187 3772 distinoeione
1213 3703 1464 3792 progredientes

335 3805 468 3874 veniunt
479 3807 523 3873 ad
533 3807 672 3876 lutosum
683 3809 788 3875 riuum
798 3811 889 3876 cuius
902 3811 1020 3880 deinde
1030 3815 1136 3881 cursui
1147 3813 1316 3881 obuiantes
1329 3815 1466 3881 veniunt

336 3915 379 3982 ad
395 3915 508 3982 villam
524 3914 643 4002 Femie,
671 3915 780 4001 ibique
805 3918 865 3984 sub
882 3919 952 4003 piro
979 3921 1168 4004 contingunt
1187 3921 1273 3987 viam
1298 3922 1467 4004 quandam

337 4023 431 4091 metis
446 4023 586 4110 publicis
605 4027 875 4111 cognoscendam,
892 4028 924 4092 in
942 4047 1007 4112 qua
1023 4047 1133 4095 rursus
1154 4030 1207 4096 via
1223 4027 1404 4114 procedunt
1420 4029 1467 4094 ad

336 4131 431 4198 trium
455 4133 581 4199 viarum
611 4133 894 4220 coniuncoionem,
922 4135 1117 4203 habeucium
1147 4157 1243 4202 uuam
1275 4142 1394 4202 metam
1420 4135 1466 4202 de

337 4237 430 4323 Wep‚
443 4240 578 4305 alteram
595 4237 636 4304 de
647 4239 768 4327 Femie,
787 4241 921 4309 terciam
931 4243 1078 4309 Ecclesia
1094 4243 1327 4330 pertinentem,
1345 4243 1470 4310 deinde

338 4349 558 4426 retorquentes
574 4347 617 4413 ad
633 4345 819 4432 meridiem,
836 4357 868 4417 et
883 4351 975 4417 iuxta
989 4353 1145 4419 terminos
1165 4351 1374 4438 Vepiensium
1394 4373 1470 4438 pro-

339 4447 458 4518 cedunt
473 4469 575 4535 usquc
602 4452 645 4520 ad
668 4475 788 4538 aquam
812 4455 966 4542 (iungas,
993 4479 1091 4542 quam
1116 4465 1332 4542 transeuntes,
1356 4461 1470 4543 girum

338 4555 463 4624 faciunt
477 4557 511 4621 in
528 4559 613 4624 aluei
628 4563 784 4644 margine,
813 4564 924 4647 inquo
941 4567 1031 4650 prius
1048 4587 1134 4650 aqua
1151 4567 1287 4652 Cungns
1313 4563 1471 4634 decurre-
