3148 5156
617 302 778 412 μ’,

137 505 253 594 iugera
268 511 430 574 terrarum
446 511 480 573 et
496 505 639 574 fenetum
655 525 714 574 seu
732 506 825 574 vinee
841 508 884 574 ab
900 505 1011 590 aliquo
1031 507 1265 594 inpeterentur,

138 613 298 702 sepedicti
322 613 382 680 filii
397 614 503 698 Heym
520 611 655 681 Comitis
681 614 822 701 propriis
838 613 1022 701 sumptibus
1041 620 1073 681 et
1098 613 1264 684 laboribus

136 723 205 790 suis
220 722 364 789 liberare
381 729 413 788 et
424 721 578 808 expedire
594 730 790 790 tenerentur.
811 722 1082 815 litantem-huius
1097 725 1146 789 rei
1161 723 1264 792 series

138 830 231 895 lirma
241 835 274 895 et
285 827 415 896 stabilis
425 833 627 915 permaneat,
637 829 681 896 ad
692 830 887 896 instanciam
897 837 929 896 et
939 829 1130 915 peticionem
1150 850 1262 917 supra·

138 935 299 1004 dictorum
323 937 463 1004 liliorum
487 937 594 1024 Heym
616 935 751 1004 Comitis
776 937 903 1004 litteras
928 943 1057 1005 nostras
1083 937 1264 1022 sigillorum

136 1050 321 1114 nostrorum
352 1045 529 1114 munimine
561 1045 780 1116 concessimus
815 1046 998 1114 roboratas.
1031 1047 1152 1112 Datum
1177 1067 1264 1114 anno

136 1155 248 1240 gracie
263 1155 306 1220 Μ.
318 1153 382 1222 00.
393 1155 458 1223 LV.

283 1371 289 1378 ·
327 1350 470 1418 (Eredetie
483 1365 500 1402 a
512 1351 707 1418 pannonlralmi
719 1347 865 1418 ittapttsig
876 1346 1083 1419 lorilttraban.)

496 1661 499 1667 ¹
579 1664 842 1680 ”uun—-

664 2160 741 2228 296.

133 2363 318 2449 Eezterpum
333 2365 426 2426 curos
441 2359 655 2446 barceopceat
678 2361 948 2446 biaoaysciplecele,
967 2361 1047 2446 kopp
1061 2359 1185 2426 Jcenak
1200 2361 1264 2444 nrp‘a

135 2473 238 2535 ornoei
260 2467 410 2555 koltse'pelc
433 2473 634 2554 neepszerzaee
659 2467 846 2534 reuomente
875 2467 1034 2532 kiladrosi
1064 2467 1196 2532 bionoldi
1222 2469 1262 2531 el-

596 2578 680 2642 udia.
704 2576 800 2641 1255.

244 2773 312 2841 Nos
327 2771 514 2857 Jakmynus
530 2771 635 2840 Maior
650 2771 737 2840 Villo
754 2774 917 2858 ceterique
933 2772 1022 2840 ciues
1039 2772 1079 2840 de
1094 2771 1166 2839 rico
1182 2772 1263 2838 Stri-

136 2882 284 2966 gouicnsi
304 2889 417 2948 tenore
441 2879 644 2966 presencium
660 2879 883 2964 significamus
899 2879 1071 2965 uniuersis,
1092 2877 1179 2965 quod
1194 2879 1263 2945 filia

137 2991 266 3074 Matbei,
281 2987 449 3073 uxor-Job,
468 2987 508 3054 de
524 2987 645 3056 Sancto
662 2989 764 3056 Paulo
781 2995 874 3055 extro
891 2987 1058 3074 fossatam,
1082 2987 1158 3056 dum
1175 2989 1261 3054 iniir-

138 3099 248 3165 mitate
263 3105 439 3164 uerteretur
454 3104 615 3184 exoptans
630 3119 741 3164 curam
760 3096 967 3184 medicorum,
991 3117 1051 3182 pro
1068 3097 1261 3165 necessariis

138 3205 291 3292 expensis
308 3210 430 3270 terram
445 3225 537 3272 suam
555 3213 647 3272 extra
663 3213 696 3272 et
710 3225 814 3293 prope
833 3205 970 3272 eandem
986 3205 1155 3289 fossatam,
1175 3213 1261 3272 terre

137 3314 278 3402 Capituli
305 3313 539 3397 Strigouiensis
556 3313 700 3382 Emissis
726 3315 913 3399 contiguam
929 3321 962 3380 et
984 3313 1260 3396 conterminalem,

136 3423 195 3488 sub
210 3429 324 3490 nostro
340 3421 525 3490 testimonio
549 3422 809 3508 perambulatam
826 3431 859 3489 ot
874 3421 1059 3506 iniuratum,
1086 3424 1179 3490 cuius
1195 3422 1262 3487 lon-

136 3530 248 3614 ginno
264 3537 316 3598 est
343 3538 472 3598 centurn
488 3530 605 3614 viginti
631 3535 770 3614 quotuor
788 3517 948 3615 ulnarum,
975 3539 1006 3596 et
1030 3529 1167 3596 latitudo
1192 3530 1262 3596 eius

135 3637 317 3722 nonaginta
331 3636 468 3705 duarum
484 3638 633 3705 ulnarum
649 3657 722 3705 cum
739 3637 818 3704 ulna
834 3636 875 3704 de
890 3637 974 3721 vico,
999 3657 1061 3721 qne
1078 3636 1178 3720 uulgo
1194 3639 1267 3723 νειμ·

137 3744 309 3828 annitatur,
335 3745 376 3812 ‹le
392 3746 560 3814 uoluntate
577 3751 609 3813 ct
625 3765 786 3814 consensu
802 3746 944 3812 omnium
964 3753 1174 3829 cognatorum
1190 3762 1262 3810 suo-

133 3871 212 3936 rum,
228 3869 355 3917 necnon
371 3851 522 3918 omnibns
550 3851 837 3920 conterminalibus
861 3871 919 3919 seu
936 3852 1051 3918 ricinis
1075 3850 1162 3917 dicte
1177 3855 1262 3916 terre

135 3957 417 4026 consencientibus
433 3965 466 4024 ct
482 3958 570 4026 nullo
586 3957 824 4027 contradictore
841 3960 1010 4042 existente,
1028 3955 1176 4024 uendidit
1192 3976 1262 4042 pre·

132 4065 203 4130 tato
217 4065 380 4153 capitulo,
398 4075 553 4152 perpetuo
568 4067 640 4134 iure
656 4065 898 4153 possidendam,
925 4087 983 4152 pro
1000 4063 1127 4131 duabus
1143 4065 1262 4130 marcis

133 4177 174 4236 et
187 4169 318 4256 fertone,
346 4191 427 4256 quas
445 4171 543 4258 plene
559 4179 591 4238 et
612 4161 740 4260 'integre
766 4173 925 4261 persoluit
942 4171 1128 4258 Capitulum
1145 4191 1261 4237 memo·

132 4285 249 4344 ratum.
275 4279 319 4346 Vt
334 4279 436 4364 igitur
452 4279 547 4347 huius
564 4279 767 4350 uendicionis
792 4301 831 4347 uc
851 4280 1025 4367 emptionis
1041 4280 1142 4347 series
1167 4279 1262 4347 salua

130 4403 265 4472 semper
289 4393 321 4452 et
346 4386 541 4454 inconcussa
559 4396 760 4474 permaneat,
786 4407 846 4454 nco
865 4387 970 4473 possit
993 4407 1051 4474 per
1075 4389 1262 4472 qnempiam

130 4494 300 4561 hominum
325 4495 358 4561 iu
375 4495 501 4562 irritum
526 4496 685 4580 reuocari,
712 4497 745 4562 in
762 4503 952 4584 perpetuam
978 4495 1190 4562 stabilitatem
1214 4497 1260 4560 rei

128 4606 229 4685 geste
252 4609 420 4687 presentes
451 4604 672 4672 concessimus
701 4601 830 4671 litteras
856 4601 996 4688 duplicis
1027 4603 1129 4688 sigilli
1160 4601 1261 4668 nostri
