3148 5156
613 306 763 422 ..se

132 529 199 587 snnt
213 509 435 604 uendidisse3
462 517 521 584 tali
536 524 646 584 tumen
662 515 867 601 obligaoione
892 513 1019 582 adiecto
1037 507 1136 603 (igy)‚
1166 505 1253 599 quod

131 629 155 694 si
169 647 325 715 processu
350 626 506 714 temporis
520 625 586 692 iem
602 623 708 692 dietus
725 621 841 692 Comes
857 623 968 708 Rugas
988 621 1095 708 ipsam
1114 622 1254 710 partien-

132 737 193 802 lum
208 743 297 803 terre
313 734 378 802 sibi
387 732 565 802 uenditum
581 731 824 800 ouonrreutibns
840 731 905 798 sibi
920 730 1184 816 necessitatibus,
1201 730 1255 798 uei

131 861 227 908 eausa
241 842 376 911 maioris
391 841 544 910 utilitatis
553 837 737 908 vendioioni
748 845 950 926 exponerent
959 839 1013 906 uel
1028 835 1158 925 pignori
1175 837 1255 905 obli·

132 969 218 1035 gare,
242 951 326 1018 nulli
342 950 438 1018 elteri
462 948 593 1036 poterit,
619 947 682 1015 nisi
707 945 844 1034 prefatis
860 947 955 1031 (iuge
979 953 1011 1014 et
1026 945 1195 1012 Lediulao.
1211 947 1255 1012 Vt

131 1057 227 1141 igitur
244 1057 341 1124 huius
351 1055 554 1124 vendicionis
571 1055 675 1122 series
684 1059 879 1140 perpetuam
895 1053 1043 1122 obtineat
1057 1051 1254 1137 firmitatem,

132 1173 298 1250 presentes
323 1164 544 1233 eonoessimus
568 1163 697 1232 litteras
714 1161 817 1246 sigilli
841 1161 944 1230 nostri
969 1159 1147 1230 munimine
1165 1160 1255 1228 robo-

132 1279 229 1341 rstns.
255 1275 377 1342 Datum
394 1293 480 1342 anno
495 1271 666 1340 Dominioe
687 1269 930 1340 Inournueionis
944 1271 991 1337 M'
1000 1267 1066 1336 00
1075 1269 1116 1336 L⁰
1131 1267 1253 1355 quinto.

131 1471 267 1538 (Erodetie
280 1469 455 1539 bdrhdrtydm
468 1471 582 1540 melyrdl
595 1467 840 1538 singen-violeszinti
854 1467 1080 1536 selyemnsindron
1093 1483 1111 1520 u
1122 1463 1255 1535 kdptalun

319 1561 441 1631 peusetje
455 1562 531 1629 sugg,
545 1577 562 1613 u
574 1561 658 1614 budai
671 1561 722 1613 kir.
736 1561 860 1614 tremensi
873 1557 1063 1624 lovdltdrbun.)

557 1865 827 1882 m

653 2344 731 2413 28⁷.

136 2527 273 2594 mutuat
286 2527 501 2615 kdptulauuuk
515 2527 785 2614 bizonpsdplevele,
803 2525 884 2612 impp
900 2524 1008 2612 Zydoo
1026 2525 1255 2611 uemzetse'pbete'

138 2635 216 2702 ruer
230 2637 418 2724 soporatae,
434 2638 506 2704 Aua
520 2635 748 2722 „menapum
762 2635 979 2723 rppouuau
993 2635 1118 2720 erumpi
1132 2634 1252 2700 novoe-
1375 2602 1397 2689 f

312 2745 370 2810 uek
384 2746 593 2832 dozomdopdt
607 2757 637 2810 eo
651 2745 776 2811 hitde're't
791 2743 952 2830 elenpedte.
971 2741 1070 2824 1255,

396 2921 615 2994 AVB
777 2920 995 2989 οΙ)

237 3101 434 3169 Uninereum
444 3099 630 3188 Capitulum
640 3098 801 3169 Budensis
810 3099 960 3168 Eoolesie
975 3098 1125 3166 omnibus
1135 3096 1255 3166 Christi

137 3205 280 3275 fidelibus
305 3209 509 3295 presencium
535 3207 688 3277 notitiam
712 3206 874 3276 habituris
900 3206 1038 3275 sulutem
1062 3205 1096 3271 in
1116 3205 1255 3271 Domino

133 3311 207 3380 Jesu
223 3315 363 3381 Christo.
390 3315 622 3382 Vniuersorum
639 3313 757 3382 notioie
771 3321 840 3382 tarn
859 3313 1064 3400 presencium
1087 3332 1185 3397 quam
1200 3333 1255 3398 po-

133 3427 286 3489 sterorum
309 3423 425 3489 hurum
442 3423 526 3490 serie
550 3423 699 3490 nolumus
723 3422 913 3510 perueniro;
940 3421 1027 3507 qnod
1052 3441 1125 3489 oum
1139 3421 1254 3488 Petrus

133 3525 211 3594 filius
226 3527 389 3614 Heliynns
414 3529 456 3596 de
472 3550 592 3616 genere
607 3530 722 3615 Zydov
738 3528 845 3597 dotem
872 3531 994 3598 sororis
1010 3549 1079 3615 sue,
1107 3549 1167 3596 neo
1189 3548 1255 3596 non

132 3637 300 3719 pecuniam
316 3655 389 3704 oum
405 3636 521 3704 eedem
538 3637 744 3724 deportatam
760 3659 782 3705 a
797 3659 855 3706 suo
871 3658 992 3724 genero
1018 3637 1148 3705 nomine
1165 3634 1255 3701 Gum-

133 3745 222 3826 poloh
247 3745 315 3812 tilio
343 3743 520 3830 compolch
546 3744 587 3811 de
614 3765 734 3830 genere
760 3745 834 3812 Aba
859 3744 973 3814 ordine
998 3743 1171 3812 iudiciario
1199 3741 1255 3808 diu

134 3852 339 3938 requisisset3
365 3850 499 3920 tandem
515 3853 548 3919 in
564 3858 666 3922 nostri
682 3855 877 3922 constitutus
894 3854 1064 3940 presencie
1083 3851 1255 3939 proposuit

136 3975 208 4024 noue
224 3958 313 4046 uiua,
330 3967 365 4026 ut
381 3959 503 4028 dietum
520 3957 628 4027 dotem
645 3981 710 4028 unu
725 3979 798 4028 enm
823 3959 965 4048 pecunia
979 3979 1052 4027 eum
1068 3981 1129 4027 suu
1144 3978 1255 4027 sorore

137 4061 333 4150 deportatam
350 4065 469 4134 comiti
484 4066 661 4156 Compoloh
678 4077 857 4138 memorato
873 4089 974 4137 eausa
990 4066 1255 4152 eonsauguinits-
1363 4117 1366 4124 .

136 4171 172 4236 tis
195 4177 323 4260 penitus
348 4177 552 4262 relaxasset5
578 4177 626 4245 ita
642 4187 677 4246 ut
702 4199 761 4246 neo
786 4178 867 4264 ipse,
894 4197 953 4245 neo
978 4177 1098 4263 aliquis
1124 4195 1256 4246 suorum

141 4291 338 4364 cognatorum
355 4285 486 4352 racione
496 4285 714 4368 qualicunque
730 4285 924 4371 interpositu
933 4285 1132 4372 inposterum
1151 4283 1256 4367 requi-

142 4404 203 4454 rere
217 4389 348 4460 ualeret
373 4395 416 4460 Vt
431 4393 530 4478 igitur
545 4393 641 4479 lapsu
656 4400 836 4480 temporum
859 4391 1025 4459 reluxuoio
1041 4391 1127 4459 dotis
1142 4396 1257 4480 preno-

144 4499 200 4560 tate
214 4506 353 4582 nequeat
368 4499 402 4565 in
418 4499 544 4566 irritum
559 4501 716 4584 reuocari,
744 4506 913 4585 presentes
927 4498 1057 4566 litteras
1080 4501 1257 4568 munimine

144 4605 238 4680 nostri
253 4605 352 4692 sigilli
368 4605 504 4674 fecimus
518 4607 675 4675 roborari.
692 4609 787 4672 rinno
798 4606 930 4674 Domini
947 4608 991 4673 Μο
1002 4605 1117 4672 0οἯ
1132 4609 1255 4690 quinto.

1030 4727 1093 4782 26*
