3122 5154
106 1085 189 1171 Oro
203 1081 479 1148 numerosiora
495 1080 596 1166 opas
609 1078 714 1143 oceo
729 1077 916 1166 majasco
925 1035 1226 1169 jaoaktcrppotao.

615 1187 714 1254 1238.

205 1385 275 1452 Nos
291 1381 388 1470 Opoy
403 1383 516 1450 Barrus
540 1383 645 1451 tocius
663 1382 837 1451 Sclauonie
862 1381 906 1450 ad
930 1384 1085 1451 noticiam
1100 1386 1228 1454 uniuer-

104 1513 207 1562 sorum
231 1493 381 1558 volumus
406 1490 597 1576 peruenire,
623 1487 712 1573 quod
732 1488 808 1556 dum
832 1496 908 1575 post
934 1488 1102 1558 decessum
1128 1494 1228 1580 Regis

104 1600 230 1668 Audree
246 1601 332 1668 bone
356 1597 512 1666 memorie
527 1597 761 1682 inquisicioues
780 1617 878 1684 super
892 1603 998 1666 terras
1025 1599 1069 1666 ad
1085 1607 1226 1668 castrum

103 1707 337 1794 pertinentibus
351 1705 492 1772 fuissent
507 1713 631 1790 exorte,
643 1705 840 1790 jobsgioues
857 1705 958 1772 castri
981 1705 1023 1773 de
1037 1706 1144 1794 Byris,
1161 1717 1225 1777 sta·
1344 1707 1348 1716 '

104 1816 157 1881 tim
174 1815 252 1882 dum
267 1812 313 1880 ad
327 1815 491 1880 Banatum
507 1813 720 1897 venissemus,
747 1811 790 1878 sd
806 1831 866 1880 uos
882 1812 1084 1900 accedentes,
1111 1816 1152 1884 de
1167 1823 1227 1886 ter-

104 1923 146 1989 ris
169 1921 271 1988 castri
295 1920 456 1989 uiolenter
481 1919 650 2005 occupatis
676 1918 845 2004 conquesti
869 1919 1009 2006 fuerunt,
1036 1929 1070 1989 et
1091 1934 1227 2014 accepto

104 2027 268 2115 prestaldo
294 2025 383 2116 (lgy)
407 2032 530 2112 nostro,
557 2033 678 2094 etcum
702 2025 832 2093 homine
848 2026 952 2112 Regio
974 2029 1147 2100 Leustaoio
1171 2055 1227 2104 uo-

10 2147 11 2158 *
104 2137 196 2220 mine,
211 2143 319 2203 terras
334 2135 446 2220 castri,
471 2141 540 2202 tam
555 2135 599 2202 ab
617 2133 702 2219 aliis,
729 2153 827 2217 quam
842 2154 863 2200 a
878 2135 965 2202 laxa
985 2137 1169 2210 Uice-Bono
1193 2150 1227 2210 et

101 2244 254 2312 fratribus
278 2243 348 2310 suis
373 2241 520 2328 uterinis,
545 2240 705 2328 recepta‘s,
721 2239 874 2308 videlicet
898 2243 939 2310 de
962 2242 1114 2332 Georgio,
1131 2249 1223 2316 Wra-

103 2371 181 2437 cyuc
198 2357 233 2417 et
250 2351 392 2433 Yncone,
408 2354 517 2415 castro
533 2346 745 2414 restituerunt
760 2345 855 2416 iuxta
871 2349 1110 2419 institucionem
1126 2356 1226 2439 Regis

103 2461 136 2528 B.
151 2467 185 2528 et
194 2459 366 2528 colomani
380 2457 414 2524 iu
427 2461 573 2524 nostram
588 2454 808 2540 sentenciam
825 2453 992 2542 predictus
1008 2464 1118 2527 autem
1134 2461 1226 2530 vioe

103 2568 209 2635 Banus
220 2575 255 2634 et
268 2565 388 2632 fratres
403 2565 455 2632 sui
464 2563 616 2650 superius
631 2562 797 2648 nominati,
821 2562 899 2629 dum
915 2571 1023 2634 castro
1034 2573 1067 2632 et
1076 2567 1226 2656 jobagio-

103 2677 195 2742 nibus
205 2673 353 2742 ciusdem
369 2671 609 2740 satisfecissent
617 2671 652 2737 in
666 2677 778 2740 nostra
793 2673 971 2759 presencia,
988 2681 1107 2743 terram
1124 2695 1225 2762 quau-

102 2784 173 2850 dam
183 2782 419 2851 hereditariam
428 2779 559 2848 nomine
569 2779 748 2863 Dobowch,
762 2785 875 2848 contra
890 2800 988 2864 quam
1000 2783 1120 2870 prelati
1130 2786 1224 2871 j0ba·

102 2891 215 2976 gisnes
231 2891 358 2958 nullam
384 2907 518 2956 causam
532 2893 706 2975 potuerunt
720 2905 912 2974 proponere,
929 2887 1102 2976 diligenter
1119 2895 1225 2978 pecie·

102 3005 181 3084 runt,
197 3006 234 3066 vt
251 2999 292 3065 de
307 3005 397 3064 terra
412 2995 559 3083 predicta
574 2995 701 3062 litteras
721 2995 979 3064 confirmatorias
994 3005 1223 3084 prestaremus.

10 3111 11 3198 s
103 3105 177 3174 (ium
203 3113 314 3174 autem
339 3105 433 3172 iustis
449 3104 667 3192 peticionibus
691 3103 865 3170 cuiuslibet
875 3105 951 3189 jure
975 3105 1084 3174 debito
1108 3109 1224 3178 comic-

102 3215 255 3282 soendere
269 3220 449 3300 teneamur,
476 3213 604 3280 litteras
620 3217 750 3280 nostras
765 3210 889 3278 eisdem
912 3214 1104 3284 contulimus
1119 3217 1224 3304 dupli·

102 3323 144 3389 cis
167 3319 274 3405 sigilli
299 3320 402 3388 nostri
426 3317 603 3386 munimine
627 3318 810 3400 roboratas,
840 3336 900 3402 per
923 3318 1051 3388 fidelem
1076 3331 1222 3391 nostrum

10 3429 11 3456 ¹
100 3427 300 3514 prestcldum
317 3427 490 3495 Nicolaum
505 3425 607 3492 lilium
623 3425 715 3491 Iwcu
730 3431 851 3492 terram
867 3424 1030 3510 prefatam
1050 3428 1143 3498 metis
1159 3450 1223 3498 cer·

10 3569 11 3600 l
102 3539 140 3605 tis
154 3531 372 3621 assiguando.
388 3532 489 3601 Ouios
504 3539 590 3599 terre
606 3533 791 3600 Dobrowch
806 3540 894 3600 meta
918 3533 1033 3621 incipit
1056 3536 1097 3604 de
1123 3537 1222 3608 fluuio

10 3645 11 3672 ³
101 3643 306 3730 Bogacluaich
320 3641 365 3708 ad
380 3647 509 3728 partem
525 3639 761 3708 occidentalem
784 3639 828 3706 sd
844 3660 942 3707 uuam
957 3642 1107 3711 arborem
1122 3649 1222 3733 pomi-

10 3745 11 3776 ³
100 3751 201 3820 leram
219 3751 314 3817 iuxta
328 3749 457 3833 siluam,
475 3748 536 3815 sub
553 3768 619 3834 qus
635 3755 686 3814 cst
701 3753 788 3814 meta
802 3753 928 3833 terrca3
951 3749 1069 3818 deinde
1083 3753 1222 3823 tendens

101 3858 140 3924 sd
154 3859 309 3928 occidens
319 3878 379 3945 per
393 3857 513 3924 eduam
527 3857 569 3924 ad
587 3857 719 3924 arbores
735 3875 830 3923 cruce
848 3857 1005 3943 signatas,
1025 3860 1159 3929 venicus
1175 3864 1219 3930 sd

102 3969 245 4034 arborem
257 3965 449 4053 pomiferam
460 3984 503 4032 ex
518 3964 587 4031 alia
603 3971 696 4050 parte
712 3963 807 4050 silue,
824 3970 917 4032 etesi
931 3966 993 4032 sub
1004 3966 1119 4034 ecdem
1135 3977 1221 4039 mota

10 4145 11 4168 ἶ
100 4085 222 4160 terrea;
248 4073 368 4141 exinde
391 4073 500 4158 vergit
515 4072 637 4139 directe
661 4071 798 4139 tendens
814 4071 858 4138 ad
883 4094 981 4140 vuum
1006 4093 1154 4160 campum
1178 4081 1221 4147 ad

10 4173 11 4200 l
102 4184 255 4266 arborem,
272 4201 335 4265 que
350 4181 470 4248 dicitur
486 4179 651 4267 gurtayla
669 4179 730 4248 s'nb
745 4199 811 4265 qus
826 4187 915 4247 meta
929 4188 1055 4268 terrea;
1073 4183 1146 4251 hino
1161 4206 1221 4272 per

103 4290 321 4376 supradictum
345 4289 487 4357 riuulum
501 4287 606 4354 tendit
622 4287 772 4374 superius
796 4287 857 4354 sub
873 4289 998 4373 vineas,
1018 4297 1051 4356 et
1066 4287 1142 4358 iude
1158 4293 1220 4364 dis-
1335 4381 1339 4389 ⁸

102 4397 240 4482 iungltnr
255 4395 296 4462 de
311 4395 417 4463 riuulo
433 4393 573 4461 tendens
588 4413 647 4480 per
662 4413 761 4460 uuam
771 4394 892 4462 vallem
908 4393 951 4461 ad
965 4397 1053 4463 viam
1063 4417 1169 4486 ruam,
1187 4414 1220 4472 ct

105 4505 132 4570 iu
148 4505 210 4570 line
225 4505 323 4570 vallis
348 4505 436 4571 illius
452 4504 546 4570 iuxta
568 4504 660 4569 illam
685 4503 772 4568 viam
795 4509 845 4570 est
860 4513 946 4572 meta
961 4513 1086 4594 terrea;
1114 4515 1148 4574 et
1161 4511 1219 4578 illa

105 4612 155 4678 ris
169 4611 271 4678 tendit
286 4611 331 4678 ad
346 4621 474 4698 partem
499 4611 756 4697 meridionalem,
776 4611 823 4678 ibi
838 4612 1024 4698 adiungitur
1040 4615 1084 4681 ad
1098 4623 1218 4684 terram
