3102 5160
875 895 952 966 lot.

352 1075 372 1140 l
381 1073 413 1138 V.
431 1073 521 1141 Irrezc
536 1083 625 1164 pulpa
641 1099 679 1142 az
693 1077 875 1162 coemptum*
899 1076 1112 1164 idptulaonule
1127 1081 1312 1166 ocepeopedt}
1336 1081 1421 1165 luopy
1447 1103 1493 1144 az

492 1186 583 1250 isloni
598 1185 750 1251 tisztdctet
775 1184 865 1250 tiltolt
879 1184 990 1253 mles
1004 1187 1032 1251 s's
1047 1188 1214 1254 tartlruuso.
1241 1182 1337 1252 1247.

458 1379 667 1450 Innocentius
679 1379 864 1466 Episcopus
875 1397 990 1448 seruus
1000 1399 1169 1450 seruorum
1178 1383 1251 1467 Dei,
1263 1381 1391 1452 dilectis
1401 1383 1491 1468 filijs

351 1486 600 1573 ...Proposito
626 1493 659 1554 et
685 1485 836 1572 Cupitulo
862 1484 1081 1570 Strigonieusi
1105 1487 1245 1556 sulutem
1269 1497 1302 1556 et
1317 1491 1491 1576 Apostoli-

351 1615 423 1662 cum
439 1592 707 1662 benedictionem.
719 1593 810 1661 Solet
826 1611 970 1662 annuere
979 1593 1081 1662 Sedes
1092 1595 1285 1682 Apostolicu
1301 1596 1367 1682 pijs
1381 1596 1490 1680 uotis,

351 1710 384 1772 et
398 1702 545 1772 honestis
569 1701 747 1790 petentium
772 1701 925 1788 precibus
940 1701 1086 1772 fauorem
1101 1703 1289 1774 beniuclum
1308 1704 1489 1792 inpertiri.

351 1813 544 1899 Espropter,
561 1809 672 1878 dilecti
688 1810 722 1878 in
733 1809 873 1879 Domino
890 1809 960 1896 filij,
975 1811 1095 1880 uestris
1111 1811 1206 1880 iustis
1223 1812 1373 1899 precibus
1388 1813 1489 1880 incli-

350 1919 431 2003 neti,
457 1923 503 2002 ut,
518 1936 592 1984 curn
617 1916 772 2002 generale
796 1915 1003 1985 interdictum
1028 1926 1113 1988 terre
1131 1918 1236 2004 luerit,
1262 1918 1361 1988 liccat
1384 1920 1490 1987 uobis

351 2026 462 2094 innuis
477 2025 610 2109 clausis,
637 2025 802 2094 submissu
817 2043 908 2110 uoce,
933 2047 997 2094 non
1013 2027 1152 2114 pulsetis
1175 2027 1353 2114 compenis,
1379 2029 1490 2096 nomi-

353 2135 456 2202 natim
481 2133 769 2202 excommunicatis
785 2140 818 2202 ct
841 2133 1023 2204 interdictis
1049 2135 1200 2220 exclusis,
1227 2135 1348 2204 Diuico
1371 2133 1491 2204 officia

352 2244 529 2328 celebrare,
546 2241 743 2312 auctoritate
753 2243 849 2312 uobis
859 2243 1059 2330 presentium
1070 2244 1289 2330 indulgemus3
1304 2243 1489 2314 dummodo

351 2373 485 2422 causum
509 2371 574 2420 nou
591 2349 747 2420 dederitis
772 2350 953 2436 interdictu,
979 2351 1032 2420 nel
1048 2349 1084 2418 id
1101 2372 1166 2419 non
1191 2350 1360 2436 continget
1383 2351 1488 2420 uobis

351 2459 536 2550 specialiter
551 2458 711 2526 interdici.
737 2458 826 2544 Nullj
844 2477 923 2544 ergo
939 2457 1069 2528 omnino
1096 2458 1262 2528 hominum
1281 2457 1379 2526 liceat
1393 2456 1489 2524 hunc

350 2569 506 2658 paginam
522 2572 633 2636 nostre
649 2565 868 2636 concessionis
882 2565 1071 2652 infringere,
1092 2567 1146 2636 uel
1158 2566 1189 2634 ei
1204 2585 1287 2636 ausu
1303 2565 1487 2634 temerario

351 2676 523 2746 contraire.
549 2675 675 2760 Siquis
699 2681 808 2744 cutem
824 2676 887 2744 hoc
901 2679 1098 2762 attemptare
1118 2671 1370 2762 presumpserit3
1397 2669 1487 2740 incli-

350 2783 538 2870 gnutionem
555 2781 796 2870 Omnipctcntis
811 2781 874 2850 Dei
890 2789 923 2850 ct
937 2782 1113 2853 Bcetorurn
1132 2782 1220 2852 Petri
1235 2789 1270 2852 et
1284 2781 1377 2850 Pacu
1392 2783 1487 2868 Apo·

351 2893 508 2962 stolorum
533 2891 604 2959 eius
629 2911 666 2960 se
691 2892 819 2960 nouerit
842 2891 1057 2960 incursurum.
1083 2893 1206 2960 Datum
1221 2889 1395 2977 Lungduni
1419 2891 1485 2959 llI.

351 2999 512 3070 kalenda
527 2997 678 3086 Augusti,
694 2999 904 3070 Pontificatus
919 3001 1022 3070 nostri
1038 3021 1126 3070 enno
1140 3000 1263 3086 quinto.

451 3198 502 3264 (As
516 3199 617 3252 creduli
629 3196 696 3254 utin
709 3201 806 3254 Kuuus
818 3197 937 3266 Nlndor,
950 3201 1065 3268 Msgyur
1077 3201 1143 3254 Sion
1155 3201 1192 3252 11.
1205 3201 1262 3256 lot.
1277 3201 1337 3252 529.
1351 3198 1381 3264 l.)

782 3487 1047 3504 μ

877 3945 953 4016 158.

348 4131 408 4196 IV.
424 4129 515 4196 Iuczc
524 4135 618 4218 pcipe
633 4127 750 4192 Daniel
765 4123 911 4194 Galiczia
936 4127 1123 4214 kirdlpciuuk
1141 4128 1328 4215 mepenpeds',
1344 4128 1428 4217 kopp
1444 4155 1486 4194 az

346 4241 445 4304 ouant
457 4238 615 4324 perpotet
630 4242 660 4301 eir
675 4235 933 4303 rtldcedrolsazou
944 4235 1076 4322 oppletos·
1089 4237 1325 4302 szcrturtcieolcat
1333 4250 1482 4324 mopsocr-

393 4345 515 4428 ltassoilc,
530 4345 644 4431 malpel
660 4367 680 4410 a
696 4343 850 4410 luttoliko
860 4343 1029 4431 epptdszal
1043 4365 1113 4408 uem
1122 4343 1316 4410 olleukcenelr.
1333 4341 1433 4410 1247.

456 4519 664 4588 innocentius
675 4521 859 4608 Episcopus
879 4539 992 4588 servus
1013 4539 1181 4589 serrorum
1196 4521 1259 4588 Dei
1275 4520 1393 4590 dilecto
1408 4523 1484 4592 tilio

349 4623 490 4710 Danieli,
499 4627 583 4710 Regi
592 4627 708 4695 Russie
717 4627 841 4696 illustri
851 4628 990 4697 sulutem
1001 4628 1267 4716 ctApostolicsm
1281 4627 1484 4702 benedictio·
