3122 5154
882 306 976 402 98-

342 505 507 588 continget
524 505 581 586 irc,
599 503 668 567 siue
686 499 728 564 ad
743 498 876 565 Ourianr
901 505 1053 581 nostram,
1081 498 1149 563 siue
1170 497 1255 564 alias
1282 519 1341 583 prc
1360 497 1479 563 carreis

342 613 500 679 Ecclesia.
531 613 687 677 Preterea
713 607 879 674 uduornici
912 605 1031 672 debent
1054 605 1283 672 administrare
1313 605 1407 690 ligna
1439 611 1479 669 et

344 739 463 802 aquarn
480 717 574 782 furno
592 725 623 782 ct
640 715 683 781 ad
699 713 871 797 coquinam
889 718 1020 797 propter
1036 711 1167 795 balnea,
1184 717 1216 776 et
1232 709 1328 777 datur
1338 711 1386 778 ein
1402 729 1479 799 pre-

342 825 450 892 benda
467 846 507 890 ex
532 829 625 911 parte
642 822 790 889 Ecclesie
806 841 864 907 per
887 837 1043 904 mensem,
1070 820 1182 901 Inque
1207 821 1363 886 seruiunt.
1388 821 1480 886 Item

343 933 377 999 hi
403 939 569 1018 presentes
597 949 814 1017 parmensem
837 933 987 996 tenentur
1005 926 1085 994 dare
1110 926 1252 1011 singulis
1279 927 1480 1013 septimanis

346 1049 411 1106 tres
428 1047 577 1107 carratas
602 1039 773 1124 lignorum,
800 1055 841 1102 ne
856 1036 938 1103 rorte
956 1035 1066 1118 aliquo
1093 1055 1171 1102 casn
1189 1032 1357 1103 delficiant
1381 1036 1480 1121 ligna

347 1147 390 1214 ad
405 1148 532 1214 furnum
543 1147 594 1214 vel
612 1147 654 1214 ad
670 1145 851 1230 acquInam.
870 1148 953 1212 Item
963 1143 1130 1211 vduomIci
1146 1150 1297 1210 tenentur
1313 1163 1479 1211 renouare

348 1257 470 1323 curtam
496 1255 580 1322 surni
598 1253 683 1343 (lgy)
702 1274 773 1320 cum
791 1252 976 1337 veterescit,
1004 1257 1036 1318 ct
1062 1257 1189 1336 portam
1215 1249 1358 1317 eiusdem
1384 1252 1478 1318 curie

347 1365 529 1448 custodire5
547 1371 579 1430 ct
595 1369 743 1430 tenentur
762 1380 920 1430 renouare
938 1367 1042 1427 ortum
1058 1359 1328 1426 Pannonicnsem.
1346 1359 1397 1426 Ad
1408 1381 1476 1426 cm-

347 1493 420 1539 nem
446 1491 524 1538 uero
551 1469 690 1536 farinam
715 1467 900 1534 faciendam
923 1475 1049 1534 tenetur
1074 1467 1223 1534 Ecclesia
1254 1466 1477 1534 molendinum

348 1579 517 1647 uduornici
532 1579 620 1644 dare.
648 1577 729 1644 Item
747 1575 915 1642 uduornici
940 1575 981 1640 de
997 1582 1094 1660 pastu
1110 1575 1265 1658 cuiusque
1291 1576 1412 1642 mensis
1429 1577 1475 1642 ad

346 1689 464 1755 testum
480 1687 591 1752 Sancti
609 1683 737 1750 Martini
762 1688 912 1750 tenentur
928 1681 1006 1749 dare
1022 1687 1150 1748 centum
1166 1701 1240 1767 oua,
1263 1687 1400 1765 quatuor
1414 1703 1474 1766 ga-

346 1795 434 1864 linas
445 1801 477 1860 ct
494 1794 573 1860 duca
586 1812 737 1875 anscrcs;
756 1791 841 1858 etad
854 1787 1281 1876 camiapriuiumsimiliter;
1302 1789 1335 1856 in
1345 1792 1474 1876 pascha

347 1910 561 1969 ucrocentum
579 1919 642 1967 oua
659 1907 798 1965 ctvnurn
816 1918 946 1984 agnum.
962 1898 1044 1964 Item
1055 1903 1204 1964 tenentur
1215 1895 1248 1962 in
1264 1895 1346 1963 festo
1357 1898 1474 1964 Sancti

347 2009 488 2092 Martmi,
516 2007 596 2074 etin
612 2007 755 2072 aduentu
772 2005 870 2091 Regis
887 2005 928 2071 dc
946 2023 1138 2088 unoquoque
1164 2023 1274 2071 mense
1300 2003 1379 2071 dare
1403 2014 1474 2072 tres

349 2121 496 2182 carratas
523 2113 703 2200 lignorum,
736 2133 817 2198 quos
841 2120 960 2180 vocant
976 2111 1075 2200 ryzfa.
1108 2114 1189 2177 Item
1215 2119 1363 2178 tenentur
1392 2113 1474 2179 darc

348 2224 490 2312 plebano
522 2241 581 2288 suc
606 2221 646 2286 de
671 2219 810 2304 singulis
835 2219 1059 2286 mansionibus
1085 2215 1168 2284 duas
1192 2215 1304 2302 ydrias
1330 2241 1473 2288 annone.

348 2335 503 2398 Pretcrca
518 2327 661 2414 quelibet
678 2328 758 2394 villa
774 2326 817 2392 ad
833 2327 950 2392 festum
967 2324 1079 2391 Sancti
1095 2325 1225 2391 Martini
1250 2334 1375 2393 tenetur
1392 2326 1475 2395 darc

348 2441 464 2507 bouem
481 2435 666 2519 trihcrbern‚
682 2441 714 2502 ct
730 2434 771 2500 de
787 2433 930 2518 quolibet
949 2434 1021 2499 leco
1038 2451 1135 2497 unam
1151 2429 1278 2518 ydriam
1295 2453 1423 2502 aunone
1441 2449 1475 2506 et

348 2570 446 2615 unam
463 2545 576 2630 brasij.
603 2547 684 2612 Item
701 2543 870 2611 uduornici
895 2548 1042 2608 tenentur
1059 2540 1138 2607 dare
1164 2542 1207 2608 ad
1223 2544 1340 2612 festum
1359 2547 1474 2613 Sancti

348 2653 480 2721 Martini
497 2653 632 2737 triginta
649 2671 762 2739 panes,
787 2661 819 2718 ct
835 2658 984 2718 tenentur
1001 2651 1079 2717 dare
1095 2649 1136 2717 dc
1152 2671 1344 2736 mcqucque
1361 2673 1473 2722 mense

350 2761 518 2830 annuatim
543 2759 633 2827 filum
653 2760 696 2826 ad
713 2781 811 2826 vnum
836 2761 927 2825 rhetc
943 2757 1087 2841 husonis,
1111 2765 1143 2825 ct
1158 2765 1289 2844 portare
1306 2759 1349 2826 ad
1364 2783 1473 2830 mona-

350 2870 503 2952 sterium;
522 2875 554 2933 et
570 2865 689 2932 debent
706 2865 783 2932 dare
799 2885 898 2930 unum
914 2885 1032 2951 panem
1048 2864 1125 2948 illis,
1147 2866 1201 2950 qui
1217 2877 1335 2953 parant
1351 2869 1473 2936 thecia.

350 2977 430 3041 ltem
447 2995 559 3042 omncs
584 2975 696 3061 populi
711 2979 779 3039 tam
796 2970 973 3058 vduornici,
999 2993 1097 3056 quam
1114 2975 1219 3040 etalii
1242 2982 1392 3043 tenentur
1408 2981 1474 3045 ccl-

350 3081 451 3165 ligcrc
468 3081 584 3166 fenum,
603 3079 738 3163 quilibet
755 3099 863 3146 eorum
881 3099 945 3145 una
962 3079 1014 3145 dic
1031 3079 1191 3165 similiter,
1210 3085 1241 3147 et
1258 3083 1385 3150 unadie
1401 3105 1476 3169 pcr-

350 3189 556 3272 carcianum,
583 3197 614 3253 ct
632 3209 697 3254 una
714 3188 766 3253 die
783 3195 912 3254 metere.
940 3189 1018 3254 Item
1035 3185 1120 3254 fabri
1136 3207 1177 3254 ex
1192 3189 1316 3258 elsdem
1339 3194 1474 3278 populis

347 3303 495 3362 tenentur
511 3295 639 3382 operari
656 3295 744 3380 apud
759 3295 992 3362 monasterium
1009 3295 1043 3360 in
1059 3315 1124 3361 una
1137 3295 1263 3384 incude,
1281 3317 1344 3365 non
1361 3305 1474 3368 tamen

348 3403 412 3490 ipsi
429 3401 548 3470 debent
564 3409 694 3491 portare
712 3403 840 3490 serrum,
868 3403 926 3470 scd
942 3423 1025 3471 unns
1042 3403 1134 3470 faber
1157 3425 1197 3472 ex
1214 3405 1296 3491 ipsis
1321 3406 1414 3475 uadit
1429 3411 1475 3476 ad

348 3509 486 3578 ferreum
502 3518 643 3578 castrum
658 3532 716 3597 pro
728 3511 880 3596 eligendo
897 3511 985 3579 ferro
1001 3517 1145 3598 tantum;
1163 3511 1475 3584 similitertenentur

347 3619 455 3684 Iacere
481 3617 550 3684 alia
566 3617 773 3704 ferramenta,
801 3627 832 3685 et
848 3619 915 3685 alia
930 3619 1128 3706 necessaria,
1154 3629 1261 3705 preter
1286 3620 1408 3690 dictam
1427 3625 1475 3692 in-

348 3726 463 3792 cudem
480 3745 586 3791 unam.
613 3725 693 3790 Item
710 3724 751 3791 de
777 3725 915 3809 siugulis
931 3723 1019 3792 villis
1044 3725 1078 3790 in
1095 3726 1264 3813 priuilegio
1285 3729 1395 3796 Sancti
1412 3733 1474 3799 La-

347 3831 446 3900 dinlai
472 3831 651 3900 nominatis
676 3839 741 3899 tres
767 3831 953 3899 mansiones
970 3833 1090 3901 debent
1115 3833 1265 3902 ordinare
1281 3855 1378 3904 vnum
1404 3861 1475 3908 cur·

345 3961 435 4024 rum;
453 3939 509 4027 ita,
536 3939 624 4025 quod
640 3940 703 4009 duo
720 3939 867 4009 hemines
883 3939 1022 4008 diciores
1039 3941 1116 4007 dent
1132 3941 1213 4010 dnus
1237 3943 1340 4011 boues
1357 3951 1389 4013 et
1405 3967 1474 4015 cur-

346 4069 425 4134 rum,
443 4051 562 4116 tercius
578 4050 754 4135 pauperior
768 4049 802 4114 in
819 4050 952 4134 propria
968 4069 1109 4136 persona
1133 4051 1260 4120 laboret
1275 4071 1403 4120 currum
1420 4057 1474 4124 dc·

346 4153 492 4222 ducendo
519 4155 562 4222 ad
588 4153 784 4242 portandum
810 4155 919 4222 urinum
945 4155 985 4222 de
1001 4157 1078 4225 uino
1094 4159 1251 4244 Ecclesle,
1279 4161 1349 4227 siue
1368 4163 1410 4228 de
1426 4164 1475 4230 Si·

346 4263 457 4344 migic,
474 4264 544 4328 siue
554 4263 595 4329 dc
605 4263 753 4349 Simigi0‚
770 4264 841 4329 siue
857 4263 899 4329 dc
909 4264 1099 4348 Salansque
1115 4265 1159 4331 ad
1169 4265 1349 4336 Ecclesiam
1359 4271 1473 4337 Sancti

345 4369 488 4435 Martini.
515 4369 665 4440 Ceterum
691 4393 803 4440 omnes
820 4371 988 4440 rduamici
1016 4375 1223 4460 unaqualibet
1243 4378 1368 4444 mansio
1385 4383 1474 4446 tene·

344 4483 397 4543 tur
413 4478 520 4545 Iacere
537 4480 682 4548 bracium
699 4479 878 4549 dehordeo
895 4481 1104 4570 proueniantc
1117 4483 1262 4553 Ecclesia
1279 4485 1319 4551 de
1336 4485 1474 4556 decimis

345 4585 388 4652 nd
405 4583 487 4654 duos
504 4609 633 4656 aeones.
661 4592 863 4658 Exaccionca
882 4612 959 4659 uero
976 4599 1007 4658 ct
1024 4591 1144 4680 debita,
1165 4613 1227 4680 que
1244 4595 1291 4662 eis
1310 4597 1474 4664 relaxaui·
