3102 5160
563 284 715 398 *sp-1—

86 493 175 561 netas
189 493 371 562 reambulet
379 499 413 560 et
427 493 562 560 casdem
577 499 718 579 renouct,
730 491 829 560 etvbi
838 511 973 562 necesse
988 493 1084 564 luerit
1095 515 1197 565 nouas

57 653 61 664 .
86 600 196 686 erigat,
221 621 262 668 sc
270 600 495 688 possessiones
505 619 616 668 omncs
628 599 795 687 predictas
804 598 909 668 eidem
921 601 1038 669 Oomiti
1048 604 1193 689 Paugra·

86 709 127 774 cio
141 715 172 776 et
180 710 249 778 suis
258 711 503 779 successoribus
514 707 689 798 (assignet)
700 709 835 795 pacifice
845 711 1071 798 possidendas,
1088 713 1118 780 si
1133 733 1198 780 nou

84 815 441 904 lueritcoutradictum5
462 817 717 887 contradictores
730 837 818 903 vcro,
839 817 1072 906 siquilueriut,
1089 828 1202 889 contra

85 925 213 993 crudem
238 926 395 994 Gemitern
411 925 631 1022 Paugraeg'um
656 923 700 992 ad
726 931 871 994 nostram
896 925 974 994 citet
998 929 1201 1014 presenciam

86 1033 123 1098 ad
137 1034 308 1102 terminum
324 1041 573 1121 competentem,
593 1040 624 1101 et
639 1033 778 1121 posthac
794 1033 880 1102 diem
899 1035 1080 1124 citaciouis,
1096 1037 1203 1104 termi·

87 1161 153 1207 nom
167 1143 384 1228 assignatum,
411 1163 451 1210 ac
466 1144 600 1212 nomina
616 1143 787 1210 citatorum
803 1151 836 1211 et
851 1144 970 1212 seriem
991 1147 1071 1214 facti
1086 1145 1204 1214 tocius·

86 1267 140 1329 que
154 1269 324 1334 processus
339 1249 435 1316 uobis
452 1248 590 1316 fideliter
605 1249 803 1317 rescribatis.
820 1250 940 1318 Datum
959 1250 993 1318 in
1011 1249 1204 1338 AlbaRegia

86 1355 115 1422 iu
129 1359 252 1424 octauis
267 1356 513 1424 Purificacicnis
528 1357 672 1440 Virginis
689 1357 831 1442 gloriose
848 1379 932 1426 nouo
950 1361 1082 1428 Domini
1102 1361 1204 1428 mille·

85 1463 157 1528 simo
174 1463 395 1532 ducentesimo
413 1462 665 1549 quadragesimo
682 1465 831 1550 septimo.

175 1661 225 1728 (du
238 1661 353 1715 emlltctt
367 1659 556 1730 klptalannak
566 1661 753 1728 jelentesebol,
767 1666 835 1716 mint
850 1661 932 1716 aldbb
951 1668 1007 1716 tort.
1022 1683 1058 1718 sz.
1073 1666 1110 1734 a.)

512 1947 774 1966 *μμ-Ἣ

88 2647 108 2715 I
111 2650 143 2718 V.
158 2651 236 2716 Bon
251 2650 357 2738 lirdly
371 2674 411 2716 as
426 2650 519 2716 enode
534 2649 665 2737 fclytdn
681 2655 791 2717 tb'rte'nt
808 2651 1035 2737 boldry‘drdena
1056 2653 1208 2741 lolapjdo

139 2781 326 2848 upycnozon
340 2759 506 2844 Pnups-een
523 2771 632 2826 evomet
646 2758 827 2826 birtoldban
842 2760 1025 2847 meyerdciti.
1049 2757 1148 2830 1247.

185 2955 270 3024 Belo
291 2956 355 3023 Dei
379 2955 494 3041 gracie
517 2954 695 3042 Hungaric,
720 2955 902 3043 Dalmacic,
927 2955 1072 3043 (iroacie,
1096 2960 1208 3047 Rame,

87 3067 203 3152 Seruis,
221 3063 373 3153 Gallicis,
390 3065 584 3134 Lodomerie
601 3064 821 3151 cumanieqno
836 3067 907 3134 Rex
922 3065 1071 3134 omuibus
1089 3059 1210 3136 Christi

88 3173 230 3242 fidelibus
256 3179 325 3240 tam
348 3173 555 3260 presentibus
582 3191 682 3258 quam
705 3171 823 3242 suturis
847 3179 1031 3259 presentem
1054 3174 1210 3262 pagiuam

89 3281 281 3370 inspecturis
306 3283 448 3350 salutern
462 3282 496 3348 in
513 3301 562 3366 eo,
589 3281 646 3368 qui
672 3283 763 3350 salus
789 3287 839 3348 est
854 3282 997 3348 omnium
1022 3289 1056 3350 ct
1071 3283 1210 3350 medela.

89 3390 223 3460 Procride
250 3389 418 3458 homiuum
442 3391 609 3476 sagacitas
636 3388 805 3458 adiuuerit
829 3397 862 3456 ct
877 3387 1035 3459 laboriosi
1055 3385 1210 3479 temporis

90 3501 237 3585 angustia
246 3499 370 3588 Spiritu
379 3501 500 3568 Sancto
516 3499 701 3568 lucescente
716 3494 937 3586 hociustituit,
957 3505 993 3566 vt
1002 3495 1138 3584 justicia
1152 3513 1212 3588 per·

90 3609 194 3676 nundi
210 3606 348 3674 climata
363 3606 480 3676 solium
497 3607 601 3691 glorie
616 3612 736 3694 teneat,
757 3609 913 3673 stateram
933 3611 1039 3690 gestet
1053 3605 1088 3674 in
1103 3624 1211 3693 manu,

90 3716 195 3784 lauces
220 3715 390 3803 appendat
414 3736 496 3800 equo
522 3715 704 3798 libramine,
730 3733 789 3802 per
813 3733 911 3799 quam
935 3716 1043 3800 Reges
1065 3719 1212 3800 regnent,

90 3845 148 3908 pax
165 3825 290 3910 vigent,
305 3823 390 3908 elysi
404 3824 581 3910 erigantur,
599 3829 631 3890 ct
646 3821 817 3892 inferiores
833 3843 897 3892 non
915 3821 1143 3910 depredeutur,
1156 3821 1213 3905 jus

90 3951 176 3999 suurn
195 3931 370 4016 vnicuiquc
386 3931 516 4018 tribnat,
534 3938 567 3999 ct
582 3928 665 3998 illud
691 3928 777 4015 quod
793 3929 915 4015 tribuit,
941 3929 984 3996 ad
1003 3935 1149 3996 eternam
1164 3925 1213 3993 rei

91 4041 274 4108 memoriam
302 4037 550 4124 firmitatemque
576 4043 766 4126 perpetuam
791 4037 972 4104 litterarum
996 4033 1140 4124 presidio
1155 4034 1214 4101 lul·

92 4150 160 4216 ciat.
185 4149 273 4216 Hinc
293 4153 355 4232 est,
382 4147 469 4233 quod
493 4146 537 4214 ad
561 4147 786 4214 uniuersorum
811 4145 965 4214 noticiam
992 4145 1107 4212 harum
1130 4142 1216 4210 serie

92 4259 236 4324 rolurnus
254 4256 447 4342 peruenire3
472 4252 559 4340 quod
576 4274 648 4322 cnm
664 4273 723 4320 nos
739 4253 890 4321 fidelibus
907 4252 1071 4340 Capitulis
1093 4252 1216 4320 nostris

93 4365 292 4450 dilectisque,
320 4363 540 4430 Chanadieusi
566 4361 691 4430 scilicet
716 4367 749 4428 et
766 4359 939 4429 Orodieusi
962 4360 1080 4428 litteris
1096 4360 1216 4426 nostris

93 4472 307 4541 mediantibus
324 4491 387 4538 vno
412 4479 525 4538 tenore
542 4469 744 4537 dedissemus
761 4467 796 4533 iu
812 4465 987 4556 mandatis,
1015 4473 1050 4534 ut
1066 4467 1129 4556 ipsi
1148 4467 1217 4536 ido·

92 4599 163 4648 neos
180 4581 272 4647 viros
290 4577 449 4646 discretos
465 4579 505 4646 de
521 4598 633 4646 eorum
650 4575 806 4644 socictate
823 4574 987 4644 mitterent
1002 4596 1061 4662 pro
1077 4574 1218 4642 testimo·
