3112 5148
80 1018 234 1107 napaei
247 1019 473 1107 kctptnlunnot
498 1022 769 1109 bizouyoo'pleoolc‚
794 1029 874 1110 loopy
890 1023 1059 1090 Audorm'k
1078 1029 1110 1091 ts
1126 1027 1196 1092 to'bb

76 1129 136 1190 ndo
149 1126 236 1192 burri
259 1125 456 1213 uurjobhctpy
476 1127 646 1192 romscot
662 1131 746 1193 cecil
761 1126 901 1212 foldaek
924 1131 1024 1196 resset
1042 1154 1063 1194 a
1080 1130 1195 1198 Garun

179 1232 308 1299 macc
322 1255 365 1298 ez.
383 1233 530 1299 bertedeld
545 1233 746 1321 opctscpnat
761 1233 953 1321 dtenpcdttlc.
975 1237 1073 1306 1242.

393 1409 777 1494 ‚cuc

172 1587 357 1676 Capitulum
368 1585 517 1653 Ecclesie
532 1587 708 1655 Nitriensis
727 1587 877 1656 omuibus
894 1587 1014 1656 Christi
1029 1588 1189 1674 fidelibus,

74 1692 111 1758 st
133 1713 212 1778 quos
235 1712 375 1780 presens
401 1693 556 1780 scriptum
581 1693 715 1779 venerit,
732 1695 873 1762 salntem
890 1694 923 1760 iu
937 1714 1015 1762 vero
1040 1696 1192 1763 salutari.

73 1798 118 1864 td
131 1800 354 1868 uniuersorum
376 1800 529 1868 noticiam
545 1807 656 1867 tenore
681 1801 886 1887 presencium
911 1801 1063 1868 uolumus
1079 1820 1190 1888 perne-

73 1905 143 1992 nire,
169 1907 258 1990 quod
271 1907 457 1992 Audomyk
472 1908 556 1974 filius
573 1907 714 1993 Audree,
742 1915 775 1974 et
790 1907 950 1974 Martinus
972 1907 1057 1974 ‘silius
1075 1909 1189 1993 Puyue

73 2012 107 2080 de
130 2015 209 2082 uilla
226 2014 367 2099 Koreai,
384 2017 556 2083 Borseusis
572 2013 680 2082 Oastri
698 2013 896 2100 jobagioues
920 2035 981 2100 pro
997 2035 1043 2099 se,
1059 2017 1141 2084 Bors
1158 2028 1190 2084 et

72 2119 178 2188 Barleo
202 2119 280 2188 filiis
296 2120 430 2206 Bothus,
455 2140 514 2188 nec
538 2143 603 2190 uon
629 2142 689 2209 pro
706 2123 808 2189 Falch
823 2121 890 2188 filio
909 2121 1058 2189 Farcasii
1081 2121 1123 2191 de
1138 2144 1190 2191 ea-

72 2226 135 2295 dem
150 2249 261 2297 coram
277 2230 373 2297 nobis
389 2231 605 2315 personaliter
621 2229 799 2314 constituti,
820 2229 984 2313 quandam
994 2231 1188 2316 particulam

71 2342 144 2402 terre
161 2337 203 2404 (lc
219 2343 308 2404 terra
323 2336 514 2423 Thulmach,
540 2357 638 2423 quam
655 2339 697 2404 ab
716 2337 868 2405 Ecclesia
892 2337 1004 2405 Sancti
1018 2337 1187 2405 Benedicti

71 2462 133 2509 cum
146 2443 214 2511 litis
231 2445 371 2512 materia
381 2446 609 2532 proponebant
621 2445 776 2529 alienare,
788 2443 1034 2513 considerantes
1043 2443 1186 2527 taudem,

70 2551 310 2638 resculpens,
335 2551 395 2618 sed
413 2553 457 2620 ad
476 2551 661 2620 Ecclesiam
685 2553 860 2639 pertinere,
887 2555 1093 2638 prenotatam
1117 2551 1188 2616 reli-

70 2665 198 2742 querunt
222 2657 329 2724 eidem
354 2677 428 2725 cnm
445 2657 593 2727 omuibus
609 2659 677 2727 suis
692 2659 900 2744 vtilitotibos,
925 2675 1024 2725 uuam
1043 2675 1187 2724 marcam

69 2763 185 2849 argenti
209 2765 344 2833 racione
368 2785 588 2851 expensarum
612 2767 811 2853 recipientes
828 2765 870 2834 ab
890 2764 1005 2832 eadem
1029 2771 1187 2852 perpetuo

69 2890 117 2937 sen
131 2873 269 2956 pacifice
277 2872 521 2959 possidendam.
541 2873 770 2942 Promitteutes
786 2873 937 2941 similiter
947 2869 1102 2959 expedire
1113 2891 1186 2959 par·

68 2979 188 3046 ticulum
203 2985 291 3046 terre
301 2985 526 3068 pretaxatam,
542 2981 572 3046 si
588 3001 648 3068 per
658 2979 847 3066 quempiam
856 2997 1012 3065 processu
1028 2979 1184 3064 temporis

67 3091 296 3154 recantetur.
324 3088 362 3153 In
380 3087 471 3154 cuius
487 3086 535 3152 rei
560 3087 748 3155 memoriam
767 3091 936 3172 presentes
961 3085 1087 3154 litteras
1112 3105 1185 3155 cou-

69 3194 214 3259 cessimus
245 3192 348 3278 sigilli
377 3193 481 3260 nostri
511 3193 687 3262 munimine
719 3195 910 3278 roboratas,
944 3212 1030 3262 anuo
1053 3193 1186 3261 Domini

68 3297 175 3366 mcc·
184 3300 316 3368 Lx011⁰
341 3307 461 3386 quarta
474 3301 559 3369 feria
587 3310 663 3390 post
689 3302 776 3368 diem
801 3301 1012 3369 ascensionis
1040 3300 1183 3385 Domini,

67 3405 212 3491 llagistro
229 3409 396 3478 Demetrio
414 3409 560 3478 Ecclesie
584 3415 694 3479 nostre
710 3411 845 3479 Lectore
861 3409 1030 3478 existente.

67 3598 191 3662 thedone
208 3603 388 3672 bitrhtrtylm
407 3621 425 3657 a
437 3613 516 3659 verte
530 3606 755 3673 selyemasintron
775 3609 885 3674 fflggett
897 3605 988 3674 peccet
1008 3606 1146 3674 elvessett,
1167 3623 1185 3660 a

372 3693 456 3746 budai
469 3695 520 3746 kir.
531 3695 657 3746 kamarai
670 3692 860 3762 levtltlrban.)

93 4671 191 4710 ΙθΙΙῘΙ.
207 4669 288 4711 ΠΜ.
304 4671 375 4711 ΕΜ.
395 4681 433 4695 “
452 4673 524 4710 Dm..
541 4667 577 4707 12.
