3122 5154
623 860 678 927 65.

100 1033 155 1100 IV.
170 1035 247 1102 Btla
262 1039 437 1125 kircilpuak
456 1041 686 1127 priottoptomo
709 1068 730 1108 α
750 1044 839 1108 horsi
862 1046 1017 1132 ocrrdripelc
1043 1047 1212 1134 (hospites)

462 1149 717 1235 szooodsrtpoot.
742 1153 837 1216 1240.

193 1348 272 1413 Rcla
295 1347 358 1413 Dei
384 1347 499 1431 gracia
523 1347 683 1432 Vngaric,
711 1349 893 1432 Dalmacie,
920 1349 1070 1434 Croacie,
1097 1351 1209 1433 Rome,

95 1451 206 1539 Seruio,
224 1455 375 1536 Gallioie,
392 1454 584 1522 Lodomerie
596 1455 818 1542 Cumanicque
834 1460 904 1524 Rex
924 1457 1073 1524 omnibus
1090 1457 1211 1526 Christi

95 1559 236 1628 fidelibus
261 1581 397 1648 presens
420 1562 577 1648 scriptum
603 1563 798 1648 inspecturis
823 1563 963 1632 salutem
990 1569 1021 1628 ct
1037 1583 1131 1630 omne
1156 1566 1210 1633 bo-

93 1689 169 1734 num.
186 1669 291 1736 Tanto
307 1668 631 1754 RegieGelsitudinis
648 1671 718 1736 alta
737 1671 1001 1756 prouidenciaac
1018 1671 1209 1757 prouidendi

93 1779 239 1846 discrecio
250 1779 427 1862 magnifica
438 1778 479 1844 de
494 1785 581 1846 stato
599 1790 631 1844 et
642 1778 781 1845 utilitate
798 1780 961 1866 hospitum
977 1783 1010 1846 in
1027 1800 1085 1848 suo
1095 1781 1208 1864 Regno

93 1887 356 1980 commorancium
373 1886 545 1972 benignius
556 1886 653 1954 debet
669 1885 835 1972 ordinare,
856 1893 978 1972 quanto
995 1889 1063 1972 iugi
1080 1889 1207 1955 illorum

91 1993 239 2062 sammon
257 1996 371 2064 honori
387 1994 490 2080 Regio
506 1997 695 2080 oportunius
711 1995 874 2062 assistitur
890 1997 1026 2081 opcione
1043 1993 1207 2062 seruiendi

91 2103 237 2188 pleniore.
264 2103 447 2190 Eapropter
471 2103 514 2168 ad
540 2104 693 2172 noticiam
717 2105 942 2170 uniuersorum
965 2105 1112 2171 volumus
1137 2124 1208 2190 per·

90 2209 201 2291 uenire,
217 2210 305 2294 quod
315 2211 507 2278 accedentes
517 2211 560 2276 ad
577 2219 722 2279 nostram
738 2213 939 2298 presenciam
950 2212 1094 2297 hospites
1104 2212 1206 2278 nostri

91 2328 149 2384 tam
165 2317 315 2401 Hungari
331 2317 617 2402 quamTcutonici
632 2319 666 2384 in
683 2319 837 2386 suburbio
854 2319 953 2384 castri
968 2319 1009 2384 de
1024 2317 1106 2386 Bors
1123 2338 1205 2382 oom-

90 2432 256 2512 norantcs,
273 2426 470 2494 unanimiter
495 2435 527 2494 et
543 2425 707 2494 humiliter
724 2428 819 2496 nobis
830 2427 1064 2514 supplicarunt,
1090 2432 1126 2490 ut
1145 2443 1204 2490 nos

89 2543 200 2602 statum
210 2536 396 2619 eorundem,
414 2537 553 2620 qualiter
569 2543 602 2603 et
612 2537 645 2602 in
661 2537 778 2620 quibus
788 2537 885 2602 nobis
901 2541 958 2600 aut
968 2533 1088 2630 Oomiti
1099 2533 1205 2600 Castri

88 2643 245 2710 desereire
261 2649 443 2729 teneantur,
469 2642 620 2711 ordinare
635 2652 668 2712 et
683 2644 867 2712 ordinatum
892 2642 1074 2728 exprimere
1090 2641 1202 2727 digna·

87 2772 195 2818 remur.
212 2751 281 2818 Nos
298 2751 398 2836 igitur
414 2752 558 2837 ipsorum
574 2751 769 2837 peticionem
779 2751 1012 2820 racionabilem
1033 2756 1064 2817 et
1079 2749 1201 2832 vtilcm,

88 2869 114 2924 el
129 2859 259 2928 honoris
272 2859 372 2944 Regij
389 2859 590 2926 commodum
608 2861 849 2944 contingentem
869 2857 1086 2942 attendentes,
1105 2860 1203 2926 talem

87 2967 128 3034 cis
143 2967 363 3034 concessimus
378 2965 574 3050 libertatem,
601 2972 636 3032 vt
652 2967 746 3035 nobis
763 2967 985 3052 expedicionis
1001 2973 1112 3036 nostre
1126 2971 1203 3034 tem-

88 3094 158 3160 pore
173 3075 309 3142 militem
335 3093 434 3140 unum
450 3073 646 3142 ornamentis
672 3075 868 3142 militaribus
890 3076 1026 3142 honcste
1051 3094 1202 3160 prepara-

87 3193 147 3250 tum
162 3203 203 3250 ex
220 3189 349 3248 centurn
374 3180 601 3248 mansionibus
616 3181 743 3250 mittere
763 3187 945 3268 teneantur,
970 3183 1014 3249 ad
1028 3183 1120 3249 nulla
1136 3183 1203 3250 alia

88 3289 249 3375 pronubis
265 3286 413 3372 obligati.
438 3287 555 3354 Comiti
571 3307 650 3354 vcro
667 3286 774 3355 Gastri
790 3289 890 3356 semel
905 3295 1032 3356 tantum
1046 3289 1081 3354 in
1106 3310 1200 3374 anno

87 3397 230 3464 videlicet
260 3395 295 3460 in
323 3393 505 3460 Natiuitate
529 3393 660 3461 Domini
685 3416 784 3462 vnum
814 3397 972 3482 pecudem
1002 3398 1201 3483 pascualem,

86 3512 203 3571 eentum
219 3521 335 3589 panes,
351 3501 523 3570 duodecim
538 3502 693 3590 gallinas,
710 3501 881 3572 duodecim
901 3505 1036 3572 cubulos
1053 3502 1200 3588 ceruisie,

86 3621 113 3680 et
135 3613 279 3698 quelibet
303 3609 430 3677 mansio
445 3629 544 3676 unum
561 3610 713 3676 eubulum
739 3631 868 3678 annone
891 3611 969 3678 dare
996 3611 1199 3679 tenebuntur.

85 3722 157 3788 Item
171 3720 333 3802 volumus,
360 3715 448 3802 quod
464 3717 497 3782 in
515 3717 624 3783 causis
650 3716 783 3784 minutis
804 3739 825 3784 a
841 3737 900 3786 suo
926 3717 1128 3786 solummodo
1144 3719 1202 3784 vil-

84 3829 139 3896 lico
153 3823 367 3894 decommuni
383 3823 558 3892 eorundem
575 3842 735 3892 consensu
746 3823 895 3892 ordinato
908 3823 1109 3908 iudicentur;
1127 3845 1200 3890 cau-

85 3957 146 4004 sam
161 3945 280 4018 autem,
307 3952 370 4016 que
387 3931 431 3998 ad
447 3931 616 4016 sanguinis
633 3929 834 4015 effusionem,
861 3935 913 3998 uel
930 3931 1147 4018 perdicionem
1164 3933 1200 3998 li-

85 4044 210 4112 bertatis
225 4041 365 4110 alicuius
383 4059 517 4125 uergere
534 4039 649 4126 possit,
667 4037 783 4106 Comes
799 4037 907 4108 Castri
922 4045 1074 4126 presente
1089 4038 1198 4106 villico

84 4153 242 4220 iudicabit.
257 4150 474 4220 concedimus
491 4149 605 4236 eciam,
623 4157 657 4216 vt
672 4149 705 4215 in
721 4150 891 4235 presencia
908 4148 1048 4216 Cerialis
1065 4145 1199 4214 Comitis

16 4303 17 4324 2
83 4260 270 4347 respondere
295 4259 329 4326 in
346 4259 434 4342 nullo
450 4264 631 4325 teneantur.
657 4261 739 4324 Item
756 4259 789 4324 in
809 4257 980 4342 presencia
1004 4255 1121 4322 iudicis
1147 4274 1199 4322 ex-

16 4373 17 4460 }
83 4371 177 4435 nauci
200 4368 293 4434 nulla
309 4385 443 4454 prorsus
459 4386 518 4451 pro
546 4384 648 4434 causa
663 4365 791 4450 possint
817 4362 995 4448 conueniri,
1022 4363 1081 4436 sed
1098 4364 1126 4429 si
1142 4363 1198 4432 θο-

85 4497 145 4542 rnes
169 4483 228 4542 aut
251 4475 381 4544 villicus
407 4473 506 4542 alicui
530 4473 573 4540 de
598 4471 765 4540 extrancis
790 4471 901 4554 agenti
926 4476 1038 4538 contra
1060 4471 1150 4560 ipsos
1165 4470 1199 4534 in

83 4583 224 4652 iacienda
250 4583 379 4654 iusticia
404 4582 577 4670 negligens
604 4581 700 4652 suerit
726 4587 783 4649 aut
799 4577 962 4666 remissus,
990 4579 1061 4668 ipsc
1090 4598 1197 4642 coram
