3134 5158
863 831 938 902 Μ.

340 1038 363 1104 I
366 1038 400 1104 V.
418 1038 495 1103 Boia
518 1038 619 1123 kirtly
635 1036 737 1102 Domo
752 1041 782 1100 e's
799 1035 979 1101 Ratoldooir
994 1035 1082 1118 ficit,
1099 1057 1119 1098 a
1134 1033 1220 1098 nelcr'k
1244 1035 1307 1098 oda
1332 1033 1464 1098 adcurri-

515 1157 635 1232 npozott
650 1145 798 1210 Barchon
814 1143 970 1208 stretton
985 1144 1163 1228 maperdar'tr'.
1181 1141 1277 1206 1255.

447 1342 529 1410 Bela
546 1341 607 1408 Dei
633 1341 744 1426 gracia
766 1339 941 1427 Hungarie,
968 1339 1149 1422 Dalmacie,
1173 1337 1318 1423 Oroatis,
1344 1339 1462 1419 Reme,

339 1449 460 1536 Seruis,
473 1449 622 1536 Gallicis,
634 1447 834 1534 Lodomerie,
848 1447 1068 1530 (inmaniaque
1078 1447 1148 1514 Rex
1162 1445 1312 1513 omnibus
1328 1463 1462 1529 presen-

339 1565 390 1626 tes
406 1559 532 1626 litteras
546 1556 738 1644 inspecturis
758 1557 894 1624 salntem
912 1558 946 1623 in
964 1557 1107 1624 omnium
1128 1555 1305 1621 saluatorc.
1321 1552 1375 1619 Ad
1391 1553 1464 1618 vni·

339 1685 507 1734 uersurum
533 1667 687 1732 noticiam
719 1673 830 1734 tenore
859 1669 1063 1752 presencium
1088 1665 1235 1732 volumus
1265 1661 1461 1749 pervenire:

340 1775 515 1858 quodcum
531 1781 604 1861 post
626 1793 789 1842 recessum
804 1775 1013 1841 Tartarorum
1035 1791 1095 1857 pro
1111 1769 1303 1838 revocandis
1326 1769 1460 1854 juribus

339 1883 525 1950 Castrorum
548 1882 691 1949 indebite
721 1881 889 1968 occupatis
922 1899 981 1967 per
1004 1888 1105 1948 totum
1130 1881 1277 1965 Regnum
1311 1887 1464 1945 nostrum

340 1991 487 2058 diuersos
498 1991 626 2076 judices
643 1989 855 2073 misissemus,
871 1988 953 2056 inter
969 1995 1079 2056 cetera
1095 2007 1191 2074 super
1206 1994 1293 2054 terra
1305 1987 1461 2052 Barchan

339 2099 516 2181 nominata,
533 2117 594 2181 qne
609 2097 783 2164 Nitriensis
803 2097 910 2164 Gastri
925 2096 1042 2180 inerat,
1063 2101 1174 2162 contra
1197 2094 1280 2162 tilios
1303 2095 1410 2160 Darne
1426 2103 1462 2160 et

340 2205 479 2274 Renoldi
497 2225 555 2292 per
576 2206 772 2290 j0bagiones
794 2205 941 2290 ejusdem
956 2203 1062 2271 Caeni
1077 2204 1110 2268 in
1125 2203 1294 2290 presencia
1310 2201 1462 2286 Magistri

340 2317 494 2400 Prannay
509 2313 632 2380 dudicis
650 2311 745 2380 Curia
761 2311 891 2380 domine
907 2313 1030 2397 Regine
1045 2310 1178 2379 domitis
1198 2309 1385 2392 Nitriensis,
1413 2309 1462 2374 dr-

340 2423 419 2490 lecti
434 2431 466 2490 et
490 2421 594 2488 tidelis
610 2422 720 2500 nostri,
746 2440 841 2504 qoem
856 2419 900 2486 ad
924 2419 1059 2486 eundem
1076 2418 1269 2486 Comitatnm
1293 2437 1353 2502 pro
1369 2435 1462 2482 reso-

341 2532 455 2600 candis
468 2532 593 2618 juribus
609 2531 716 2596 Castri
731 2531 764 2596 in
777 2529 919 2614 jndicem
935 2528 1170 2616 deputanimns,
1187 2527 1228 2594 lis
1244 2537 1276 2594 et
1286 2524 1459 2592 contencio

340 2640 448 2706 inerat
473 2640 649 2724 suscitata;
674 2639 732 2723 filij
758 2644 866 2704 antem
891 2635 1048 2704 dictorum
1073 2635 1219 2718 Rennldi,
1245 2641 1277 2700 et
1292 2635 1397 2700 Darne
1423 2633 1461 2698 in

340 2748 477 2814 termino
502 2768 560 2834 per
585 2749 702 2814 dictum
718 2744 910 2830 Magistrum
934 2744 1129 2810 Prannainm
1155 2742 1333 2826 assignato,
1361 2759 1462 2826 super

341 2855 522 2922 donatione
548 2854 633 2920 dicte
664 2864 748 2921 terre
772 2854 922 2920 Barchon
947 2872 1005 2939 per
1034 2871 1094 2920 nos
1119 2851 1152 2916 in
1182 2847 1462 2936 permutacionem

341 2970 426 3029 terre
451 2962 564 3028 Buohir
590 2963 636 3030 eis
652 2961 752 3046 iacta,
775 2979 895 3028 nouum
918 2965 1112 3027 euranernnt
1134 2957 1227 3024 nobis
1251 2955 1462 3043 priuilegium

343 3069 507 3154 exhibere,
523 3069 556 3135 in
572 3091 634 3155 quo
652 3071 840 3153 habebatur,
857 3069 943 3153 quod
958 3077 1048 3135 terra
1062 3067 1187 3152 Bootis,
1213 3084 1310 3151 quam
1327 3065 1463 3131 Simone

343 3177 481 3246 condam
506 3181 596 3247 Bano
624 3187 733 3248 notam
758 3177 959 3248 infidelitatis
984 3177 1184 3259 incurrente,
1216 3176 1285 3242 Rex
1310 3170 1463 3240 Andreas

342 3291 437 3372 pater
460 3293 569 3356 noster
593 3287 696 3354 felicis
718 3285 958 3356 recordacionis
982 3285 1138 3352 Ladinlao
1162 3321 1206 3332 -
1225 3319 1261 3332 -
1279 3319 1324 3330 -
1341 3280 1462 3348 Comiti

342 3393 515 3461 Bachiensi
541 3395 728 3480 contuierat,
756 3401 788 3461 et
803 3395 845 3461 ab
861 3391 976 3462 eodem
991 3393 1116 3460 Gemite
1130 3389 1285 3460 Ladinlao
1305 3396 1461 3476 parentes

342 3503 485 3588 ipsorum
510 3503 647 3571 Renoidi
672 3503 795 3570 seilicet
821 3511 853 3570 et
877 3505 982 3570 Dame
1008 3503 1145 3570 tiliorum
1171 3509 1304 3587 propter
1329 3520 1462 3567 suornm

341 3610 549 3677 seruitiorum
561 3610 821 3695 merita,fnerant
833 3612 1006 3694 consecuti,
1025 3619 1057 3678 et
1071 3629 1131 3676 nos
1141 3609 1284 3678 Jchanni
1294 3609 1359 3676 filio
1376 3609 1463 3676 eius-

341 3717 416 3785 dem
433 3718 573 3786 Simonis
589 3719 669 3784 Bani
688 3719 938 3786 misericorditer
958 3717 1176 3803 reddidimus;
1201 3719 1282 3784 etin
1299 3723 1464 3804 permota-

342 3827 467 3895 eionem
494 3827 639 3912 ejusdem
655 3833 739 3893 terre
754 3827 866 3894 Bnehk
890 3827 937 3894 eis
953 3833 1074 3894 terram
1090 3827 1238 3894 Barchan
1265 3823 1464 3893 dederamus

343 3935 584 4022 supradictam
611 3938 875 4022 supplicaverunt
901 3956 979 4020 ergo
996 3936 1099 4020 nobis,
1124 3943 1159 4002 ut
1175 3933 1312 4002 eandem
1340 3941 1463 4000 terrarn

342 4042 491 4110 Barchan
507 4043 554 4110 eis
580 4041 741 4111 dimittere
758 4043 974 4129 dignaremur.
1000 4043 1067 4110 Nos
1083 4043 1194 4126 itaque
1212 4041 1328 4127 jutioie
1344 4041 1464 4126 gressi-

342 4153 401 4218 bus
412 4151 615 4238 adherentes,
633 4151 718 4219 dietc
729 4151 884 4237 Magistro
897 4151 1059 4217 l’rannaio
1076 4149 1225 4216 dedimus
1240 4149 1273 4216 in
1284 4147 1462 4234 mandatis,

342 4268 454 4327 uttam
469 4259 590 4326 dictam
606 4268 724 4326 terram
735 4259 858 4344 Buchk,
876 4278 972 4344 quam
982 4267 1102 4326 terram
1111 4257 1259 4325 Barchon
1270 4256 1464 4344 inspiceret,

343 4365 403 4454 (et)
419 4369 448 4436 si
473 4375 560 4436 esset
583 4369 710 4452 equalis
738 4369 936 4456 permutatio
960 4369 1044 4434 inter
1070 4367 1211 4453 easdem,
1236 4372 1312 4432 tunc
1338 4363 1462 4430 dictam

341 4484 460 4542 terram
484 4475 633 4544 Barchon
657 4477 779 4545 eisdem
803 4475 879 4563 tiiijs
904 4479 1008 4542 Dame
1033 4485 1065 4543 et
1088 4472 1259 4544 Rennldini
1286 4473 1465 4540 dimitteret

343 4583 478 4670 pacifice
494 4585 733 4668 possidendam.
754 4585 816 4664 Qui
831 4586 914 4654 sicut
929 4586 1022 4654 nobis
1038 4587 1215 4672 rescripsit,
1232 4581 1359 4672 prefata
1370 4589 1463 4648 terra
