3122 5154
833 261 996 363 ...1.1.2...

354 456 492 525 salutem
510 459 542 523 in
559 457 708 523 Domino.
735 456 786 523 Ad
812 457 1037 524 universorum
1066 455 1219 524 noticiam
1248 457 1395 522 volumus
1411 473 1477 540 per-

351 565 472 649 venire,
505 564 591 649 quod
617 564 811 632 constitutus
836 565 870 630 in
895 563 998 632 nostri
1024 565 1194 650 presencia
1218 563 1376 630 Martinus
1393 561 1479 630 ilius

351 675 452 759 Botyz
481 672 617 740 (inmitis
637 691 791 741 unacum
819 672 900 739 Peta
914 671 981 740 lilio
997 671 1177 757 Fermeney
1201 672 1243 740 de
1262 672 1342 740 nilla
1357 671 1478 756 Nemti,

352 781 405 865 qui
432 801 489 866 pro
505 779 621 847 Buken
638 777 764 847 Gemite
780 787 925 864 uenerat,
950 797 1045 864 quem
1062 779 1168 848 dictus
1184 780 1343 848 Martinus
1367 800 1479 848 coram

350 889 573 956 illustrissimo
590 887 669 954 Bela
685 888 747 953 Dei
772 887 887 972 gracia
902 889 992 970 Rege
1013 886 1181 972 Hungaric
1206 889 1239 954 in
1256 907 1390 954 censam
1415 893 1478 952 tru-

350 1003 442 1062 xerat
456 1015 515 1082 pro
541 995 667 1064 duobus
693 994 818 1082 predijs
836 995 989 1062 videlicet
1014 996 1145 1082 lleyreb
1169 1004 1202 1063 et
1217 997 1344 1080 Luder,
1370 1001 1404 1062 ct
1427 1016 1478 1076 eo,

350 1103 439 1186 quod
453 1103 558 1169 dictus
575 1103 690 1170 Buken
706 1123 766 1189 pro
782 1103 900 1170 Prisda
916 1103 1007 1169 Bano
1023 1103 1238 1190 fideiusserat,
1263 1124 1321 1190 pro
1337 1123 1401 1188 quo
1417 1104 1478 1169 Bu·

352 1212 417 1278 ken
433 1213 535 1296 Botyz
552 1218 584 1277 et
610 1211 695 1295 patri
711 1209 790 1276 dicti
807 1209 937 1278 Martini
953 1210 1167 1296 fideiusserat,
1195 1219 1228 1278 ct
1248 1211 1336 1277 dicta
1360 1209 1479 1296 predia

351 1341 410 1405 pro
427 1320 498 1405 ipso
514 1315 628 1386 Bukon
652 1317 754 1384 fuisse
770 1317 919 1404 perdita3
945 1319 1067 1386 dictem
1084 1339 1160 1386 vero
1177 1339 1310 1386 cerream
1325 1317 1478 1386 dominus

349 1429 418 1494 lter
444 1425 504 1491 tali
530 1426 626 1493 modo
651 1425 862 1510 adiudicauit‚
890 1435 924 1494 vt
947 1426 1053 1493 dictus
1070 1427 1229 1502 Martinus
1250 1429 1378 1512 juraret
1401 1445 1478 1492 cum

351 1533 521 1601 duodecim
537 1533 723 1600 hominibus
740 1553 849 1600 coram
866 1533 972 1600 nobis.
991 1534 1137 1601 Tandem
1148 1534 1365 1601 mediantibus
1381 1534 1479 1602 bonis

349 1642 428 1708 uiris
444 1641 488 1707 ad
503 1641 621 1708 bonam
638 1661 752 1726 pacem
769 1639 971 1708 deuenerunt
985 1642 1044 1709 tali
1060 1641 1165 1728 modo,
1190 1642 1277 1724 quod
1292 1640 1398 1708 dictus
1416 1641 1478 1706 Bu-

350 1751 416 1816 ken
443 1772 501 1837 pro
518 1749 642 1837 predijs
668 1747 841 1816 antedictis
868 1759 900 1817 et
915 1773 973 1838 pro
989 1751 1199 1819 fideiussione
1225 1751 1313 1818 dicto
1331 1749 1479 1818 blattina

350 1859 491 1924 solueret
516 1865 643 1924 centurn
661 1879 797 1944 marces,
825 1879 906 1944 quas
923 1859 1029 1926 dictus
1045 1859 1204 1926 Martinus
1227 1859 1397 1925 confessus
1414 1864 1479 1940 est,

346 1984 384 2031 se
413 1985 522 2032 eoram
547 1965 643 2030 nobis
669 1965 873 2048 integraliter
897 1965 1059 2052 recepisse
1083 1966 1125 2031 ab
1141 1964 1272 2031 Hendre
1297 1963 1481 2048 degenere

347 2073 465 2157 Nemty
483 2071 608 2138 (inmite
624 2070 665 2137 de
681 2072 784 2158 cho,
802 2072 857 2155 qui
873 2093 932 2159 pro
948 2071 1035 2140 dicto
1052 2071 1167 2138 Buken
1185 2091 1298 2139 socero
1315 2089 1373 2138 suo
1389 2069 1481 2136 dixit

348 2201 384 2247 se
399 2199 508 2247 eoram
523 2180 618 2247 nobis
635 2179 782 2248 soluisse.
807 2165 848 2246 Et
864 2181 912 2246 sic
928 2181 1033 2247 dietus
1049 2181 1164 2248 Buken
1181 2200 1202 2246 a
1217 2179 1326 2247 debito
1342 2185 1480 2245 centum

347 2307 530 2354 marcarum
556 2287 618 2354 luit
633 2288 761 2355 omnino
778 2289 970 2374 expeditus3
998 2289 1108 2372 itaque
1126 2307 1186 2358 nce
1211 2289 1283 2374 ipse
1299 2288 1481 2374 Martinus,

346 2418 406 2466 nec
423 2395 524 2482 aliqui
541 2395 695 2463 heredum
706 2396 760 2463 uel
769 2397 1083 2480 consanguineorum
1099 2397 1212 2483 ipsius,
1232 2394 1336 2462 dictos
1354 2395 1482 2463 Bulren

346 2507 399 2574 uel
416 2505 575 2590 Prisdam,
601 2505 654 2572 uel
671 2505 813 2591 ipsorum
831 2504 979 2588 heredes,
1003 2527 1061 2590 pro
1078 2504 1202 2589 predijs
1217 2503 1390 2590 sepedictis
1418 2507 1483 2571 uel

345 2613 554 2681 fideiussione
580 2613 621 2679 de
647 2619 753 2680 cetero
780 2619 929 2699 poterunt
954 2613 1136 2680 molestare.
1163 2613 1204 2677 Et
1227 2631 1268 2677 ne
1286 2629 1383 2696 snper
1411 2612 1484 2678 boc

345 2720 521 2807 dubitetur,
547 2739 607 2788 nos
623 2720 666 2786 ad
694 2720 888 2805 peticionem
905 2717 984 2784 dicti
1004 2719 1136 2786 Martini
1161 2717 1327 2804 sepedicto
1353 2719 1486 2785 Buken

347 2848 481 2915 presens
507 2828 663 2915 scriptum
690 2827 886 2896 contulimus
912 2827 1022 2910 sigillo
1048 2834 1158 2894 nostro
1181 2826 1356 2909 munitum,
1382 2845 1486 2894 anno

343 2936 472 3002 Domini
499 2937 671 3003 millesimo
697 2933 855 3018 CO⁰XL⁰,
880 2951 994 3000 mense
1019 2933 1185 3012 Octobris,
1211 2931 1366 3017 Gurgone
1381 2931 1485 3002 Can-

343 3051 423 3128 torc,
450 3043 620 3111 'l'beodore
644 3041 732 3130 (lgy)
752 3041 904 3127 Custode,
930 3041 1105 3108 Salomone
1130 3042 1262 3108 Deccno
1287 3041 1489 3128 ceterisque

342 3172 441 3236 quam
466 3153 612 3240 pluribus
637 3152 758 3218 ibidem
784 3151 1008 3218 existentibus.
1036 3151 1155 3216 Datum
1180 3169 1238 3235 per
1262 3168 1379 3216 manus
1405 3151 1490 3220 Ma·

339 3262 432 3347 gistri
447 3260 570 3328 Thorne
587 3260 731 3327 Lectoris
747 3256 1117 3342 Quinqueecclesiensis.

338 3457 397 3530 (lV.
411 3457 635 3527 Btlakirdlynalr
661 3459 771 3514 latr-ki
794 3454 955 3524 megerdsltb
977 3453 1205 3525 priilegiumrlbdl,
1228 3456 1296 3508 nunt
1322 3455 1407 3510 nttb
1436 3463 1492 3515 98.

850 3563 887 3600 sa.
900 3548 945 3615 a).

773 3831 1027 3850 Μ
