3134 5158
541 341 699 441 -.3..9.1.--

81 537 198 605 debitum
224 537 444 625 perducamus
460 539 619 608 ellectum.
635 538 751 606 Petilio
768 537 927 625 siquidem
945 547 1055 608 vestra
1080 539 1174 608 nobis

80 644 200 712 erlibita
217 647 417 731 continebat,
443 645 529 734 quod
546 668 618 714 oum
634 647 832 715 venerabilis
850 645 950 714 irater
967 697 973 713 .
993 699 1001 712 .
1020 698 1027 714 .
1045 649 1175 736 Episco-

78 773 125 839 pus
146 759 175 818 et
200 804 262 820 ...
288 756 489 842 Propositus,
515 755 742 824 archidiaconi
769 762 802 822 et
825 753 978 822 Canonici
998 755 1175 842 Agricnsas

76 883 169 930 omnes
183 863 254 930 fare
268 863 415 932 redditus
431 871 463 932 et
478 871 651 951 proventus
667 864 887 931 Ecclesiarum
912 871 1092 933 vestrarum
1107 866 1175 934 suis

75 971 168 1039 usibus
178 969 324 1041 indebite
333 973 548 1061 applicantes,
567 981 599 1041 et
614 973 708 1040 vobis
718 973 848 1039 nonnisi
864 972 1037 1058 quamdam
1047 981 1176 1042 tenuem

74 1080 224 1148 sterilem
250 1088 377 1166 partem
403 1081 444 1148 do
460 1082 604 1168 decimis,
633 1081 851 1150 oblationibus
877 1088 909 1148 et
929 1082 1176 1150 obventionibus

74 1189 186 1256 illarum
203 1210 265 1276 pro
282 1210 340 1258 suo
356 1189 447 1256 libito
464 1191 675 1276 conferentes,
693 1189 831 1257 dirersis
841 1189 1085 1276 gravaminibus
1102 1191 1176 1258 aliis

74 1319 120 1366 ros
134 1297 320 1384 afficerent,
337 1297 441 1366 felicis
452 1299 684 1368 recordationis
696 1301 721 1365 1.
733 1301 824 1386 Pape
839 1297 1050 1386 predecessor
1058 1305 1175 1386 noster,

74 1405 205 1493 partibus
222 1426 378 1474 coramse
394 1408 574 1474 litterarum
590 1426 720 1474 suarum
732 1406 924 1474 auctoritate
939 1407 1055 1490 citatis,
1074 1407 1176 1494 primo

75 1514 213 1582 dilectum
239 1516 342 1582 filium
358 1516 547 1601 Magistrum
564 1514 730 1584 Ubaldum
746 1515 987 1582 Subdiaconum
1012 1523 1044 1581 et
1064 1514 1177 1604 Gapal-

72 1624 169 1688 lanum
184 1630 330 1690 nostrum
346 1619 515 1708 deputavit
530 1623 563 1688 in
580 1621 763 1690 huiusmodi
779 1622 910 1708 negotio
927 1623 1117 1710 auditorem,
1145 1629 1179 1690 et

73 1734 201 1822 tandem,
227 1731 306 1818 quia
321 1731 418 1798 nimis
444 1737 514 1798 erat
532 1731 613 1819 ipsis
629 1731 777 1818 partibus
803 1729 935 1799 difficile
953 1730 1041 1818 apud
1059 1730 1177 1798 Sedem

72 1843 284 1926 Apostolieam
310 1839 450 1926 litigare,
476 1842 588 1909 volens
605 1861 715 1908 earum
731 1860 864 1926 parcere
887 1839 1052 1910 laboribus
1077 1845 1110 1906 et
1124 1859 1177 1906 ex-

72 1949 180 2037 pensis,
197 1967 257 2036 per
267 1948 392 2015 litteras
402 1965 478 2014 suas
488 1947 615 2015 dilectis
629 1947 703 2014 liliis
721 1995 768 2012 ...
784 1947 907 2014 Abbati
920 1945 960 2014 de
969 1949 1051 2035 Seps
1062 1947 1178 2016 Cister-

73 2057 178 2124 oiensis
195 2056 338 2142 Ordinis,
366 2063 398 2122 ot
415 2106 422 2121 .
440 2105 447 2120 .
465 2105 472 2120 .
490 2055 591 2122 Priori
606 2057 756 2121 Fratrum
772 2055 1015 2124 Prodicatorum
1031 2057 1072 2125 de
1087 2059 1178 2124 Pote-

73 2165 133 2250 hoc,
149 2187 188 2233 ao
205 2215 213 2230 .
232 2217 240 2230 .
258 2217 266 2232 .
283 2165 453 2250 Proposito
463 2163 574 2230 Sancti
587 2162 716 2230 Martini
734 2163 878 2248 chipes
895 2165 955 2231 sub
971 2173 1060 2234 certa
1073 2165 1178 2234 forma

73 2273 183 2342 dictum
208 2273 369 2340 commisit
394 2271 559 2358 negotium
585 2271 806 2338 ordinandum.
836 2269 898 2349 Qui
924 2273 985 2339 rite
1008 2273 1041 2338 in
1065 2273 1177 2342 eodem

72 2383 192 2468 negotio
208 2380 431 2469 procedentes,
448 2387 480 2448 et
495 2381 674 2448 litterarum
686 2379 904 2468 predictarum
920 2381 1024 2448 torma
1034 2391 1176 2467 seruata,

72 2513 171 2560 carum
187 2491 381 2559 auctoritate
391 2497 539 2574 quartam
555 2497 680 2577 partem
697 2489 856 2557 dictarum
866 2487 1176 2575 decimarumvobis,

71 2622 132 2668 rum
147 2599 182 2668 id
199 2601 240 2668 de
266 2601 336 2667 iure
361 2599 520 2666 communi
537 2603 710 2684 competat,
736 2619 794 2685 pro
811 2597 1045 2666 sustentatione
1069 2604 1177 2667 vestra

70 2709 310 2796 inperpetuum
336 2705 570 2774 sententialiter
594 2707 820 2790 assignarunt,
846 2711 878 2772 et
902 2705 1003 2773 aliam
1027 2713 1177 2792 quartam

70 2819 189 2885 illarum
205 2816 239 2882 in
255 2816 327 2883 loco
342 2821 410 2882 tuto
427 2813 599 2882 cuiuslibet
613 2812 782 2901 parrochie
798 2833 855 2900 pro
874 2814 1018 2899 fabricis,
1043 2815 1177 2882 lumina·

69 2925 119 2992 riis
133 2931 165 2993 ot
181 2921 380 2993 ornamentis
398 2921 607 2990 ecclesiarum
623 2921 766 3006 ipsarum
781 2921 898 3008 deponi
914 2919 1052 2990 fideliter
1068 2921 1176 2990 decer-

68 3039 181 3118 nentes,
199 3031 365 3100 residuum
382 3030 579 3098 decimamm
595 3029 823 3116 predictarum,
850 3029 979 3097 otduas
998 3036 1107 3117 partes
1122 3032 1177 3099 ob-

67 3143 219 3210 lationum
233 3141 268 3208 in
284 3140 437 3226 denariis,
453 3160 532 3208 auro
548 3139 601 3206 vel
614 3146 758 3224 argento,
779 3159 842 3223 qne
858 3139 1115 3226 aparrochianis
1126 3141 1178 3208 vel

68 3253 135 3320 aliis
153 3249 275 3320 Christi
300 3248 451 3317 fidelibus
471 3267 512 3315 ex
530 3267 733 3333 quacumque
757 3248 933 3314 earundem
957 3247 1177 3334 ecclesiarum,

66 3363 102 3428 ab
118 3382 158 3428 ea
173 3361 291 3446 quibus
310 3357 394 3445 (igy)
412 3357 597 3442 offeruntur,
614 3357 759 3444 exceptis
775 3377 870 3442 pane,
887 3357 1037 3425 carnibus
1054 3364 1087 3424 et
1102 3377 1176 3424 can·

64 3469 151 3554 delis,
177 3488 241 3554 que
255 3467 365 3536 omnia
381 3487 452 3534 oum
469 3467 569 3534 tertia
594 3473 688 3552 parte
714 3464 899 3533 huiusmodi
925 3466 1126 3535 oblationum
1144 3467 1179 3534 in

65 3577 212 3662 denariis,
239 3583 272 3644 et
296 3597 375 3644 auro
401 3576 452 3644 rel
478 3581 613 3662 argento
629 3573 718 3641 iacta
732 3573 824 3642 vobis
850 3574 977 3660 cedant,
1004 3575 1076 3642 dari
1091 3573 1177 3642 dicto

64 3687 221 3774 Episcopo
246 3689 479 3772 preceperunt,
506 3703 604 3771 super
618 3681 750 3768 reliquis
766 3700 844 3749 vero
860 3689 981 3751 certam
1006 3683 1178 3752 ordinatio·

62 3815 129 3862 nem
145 3793 320 3863 ediderunt
335 3793 617 3862 iuxtalitterarum
632 3793 860 3860 continentiam
871 3792 1066 3876 earundem3
1084 3797 1178 3878 prout

62 3903 294 3990 impetentibus
320 3901 438 3970 litteris
464 3900 620 3968 dictorum
641 3899 781 3967 iudicum
805 3901 959 3968 coniectis
983 3899 1111 3983 exinde,
1137 3919 1177 3966 ao

62 4033 167 4081 eorum
183 4012 305 4098 sigillis
320 4009 469 4097 signatis,
494 4009 624 4098 plenius
649 4009 767 4077 dicitur
784 4009 949 4078 contineri.
975 4011 1044 4077 Nos
1067 4007 1177 4094 itaque

61 4124 174 4192 restris
188 4121 484 4211 supplicationibus
500 4120 656 4204 inclinati,
673 4117 857 4187 huiusmodi
873 4138 1059 4206 processum
1081 4126 1112 4185 et
1128 4139 1175 4187 or-

62 4229 269 4316 dinationem,
286 4231 370 4299 siout
385 4249 444 4318 per
460 4229 591 4298 eosdem
607 4226 732 4296 iudices
743 4227 878 4316 provide
897 4226 976 4294 facti
987 4231 1072 4316 sunt,
1087 4230 1183 4295 ratos

62 4345 91 4405 et
105 4343 215 4407 firmos
241 4340 408 4422 habentes,
436 4329 492 4404 eos
518 4336 709 4404 auctoritate
724 4335 914 4423 Apostolioa
939 4333 1175 4418 confirmamus,

61 4447 262 4535 etpresentis
275 4446 387 4534 scripti
396 4443 579 4532 patrocinio
594 4445 836 4512 communimus.
853 4441 944 4509 Nulli
960 4457 1037 4529 crgo
1048 4441 1176 4512 omnino

62 4555 224 4625 hominum
234 4555 332 4623 liceat
339 4556 424 4622 hauc
434 4554 588 4643 paginam
597 4559 707 4622 nostre
717 4551 969 4620 confirmationis
988 4551 1176 4638 intringere,

62 4664 108 4730 rel
126 4665 159 4733 ei
174 4683 259 4732 ausu
274 4663 444 4732 temerario
458 4662 630 4731 contraire.
648 4661 683 4729 Si
699 4661 771 4748 quis
788 4665 895 4727 autem
905 4661 967 4729 hoc
983 4666 1175 4750 attemptare
