3148 5156
859 271 926 338 454

329 467 398 534 alia
414 470 487 536 iura
502 467 641 554 predicti
653 469 760 536 Castri
775 469 921 536 indebite
932 477 1096 556 occupata
1111 477 1315 558 recocarent,
1330 472 1462 539 etioba-

328 577 460 659 gionum
479 575 586 644 (lustri
602 583 720 660 terras,
736 597 837 662 super
852 577 971 662 quibus
987 584 1114 645 nonest
1129 579 1313 663 contencio,
1331 585 1463 664 atquae

329 705 351 748 a
368 683 484 752 Castro
502 683 660 753 hactenus
676 686 812 771 pacifice
828 692 1010 771 tenuerunt,
1032 707 1054 753 a
1069 687 1166 754 terris
1183 687 1398 756 castrensium
1414 709 1464 754 re·
1570 739 1571 750 τ

329 793 545 878 ambularent,
563 801 594 860 et
606 794 731 862 eisdem
748 794 978 878 iobagicnibus
990 794 1098 862 Castri
1109 793 1341 881 relinquerent,
1358 815 1464 863 nouas
1570 821 1571 826 ¹

329 907 433 970 metas
459 904 553 969 iuxta
576 907 703 971 ueteres
731 902 901 988 elenando,
928 923 969 972 ne
994 902 1035 970 de
1063 909 1173 970 cetero
1188 903 1315 988 questio
1335 906 1463 973 moueri
1570 921 1571 952 r

328 1010 433 1094 possit
449 1010 655 1094 aliquatenus
670 1011 711 1078 de
723 1010 857 1078 eisdem.
875 1010 990 1096 Igitur,
1003 1011 1088 1079 sicut
1103 1010 1189 1078 idem
1203 1012 1360 1097 Magister
1371 1012 1464 1079 Obulr
1570 1043 1571 1088 o

329 1124 404 1202 post
428 1117 488 1185 hec
513 1119 556 1186 ad
572 1139 633 1187 nos
648 1119 780 1187 rediens
797 1119 919 1206 retulit,
937 1125 1042 1188 terras
1059 1120 1236 1204 Desnicbe,
1261 1120 1463 1206 Burconocb,
1570 1103 1571 1148 3

333 1225 447 1292 Pulrur
463 1233 495 1292 et
511 1225 660 1294 Lunheta
676 1232 882 1311 nuncupatas
899 1227 1026 1294 inuenit
1040 1245 1098 1311 per
1113 1227 1288 1294 Martinam
1305 1227 1465 1296 Comitem

329 1333 432 1400 lilium
448 1333 549 1418 Tusk,
574 1334 779 1418 iobagionenr
796 1333 875 1400 dicti
893 1335 1011 1419 Castri,
1029 1337 1070 1401 ab
1088 1336 1224 1419 antiquo
1241 1335 1377 1422 pacifice
1392 1357 1465 1422 pes·

329 1443 449 1539 sideri,
475 1464 574 1530 super
589 1463 680 1529 quas,
700 1449 795 1528 prout
811 1443 999 1512 mandatum
1016 1466 1037 1510 a
1052 1445 1147 1512 nobis
1163 1444 1332 1531 habuerat,
1358 1465 1463 1512 nouas

331 1558 435 1621 metas
462 1553 539 1620 fecit
564 1553 690 1621 eleuari
705 1553 798 1620 iuxta
814 1558 954 1621 ueteres.
997 1553 1141 1632 Quarum
1170 1555 1271 1622 eciam
1302 1561 1463 1621 terrarum

333 1668 427 1746 mete,
444 1667 541 1748 prout
555 1661 641 1728 idem
658 1662 816 1746 Magister
827 1661 920 1729 Chala
936 1663 998 1729 sub
1014 1661 1126 1746 sigillo
1138 1661 1348 1730 Ohasrnensis
1367 1661 1464 1748 Capi·

332 1770 394 1836 tuli
418 1769 513 1836 nobis
539 1771 574 1835 in
599 1769 730 1854 seriptis
754 1767 969 1854 presentauit,
993 1769 1054 1836 boc
1080 1770 1195 1838 ordine
1218 1771 1463 1854 distinguntur:

331 1875 452 1964 Incipit
479 1878 564 1945 enim
580 1875 687 1961 prima
702 1883 790 1946 meta
804 1883 890 1945 terre
904 1877 1072 1946 Desnicha
1092 1881 1126 1946 in
1143 1879 1252 1964 capite
1276 1879 1378 1944 riuuli
1394 1877 1465 1944 Pri-

330 1987 417 2070 byn;
442 1986 518 2052 inde
534 1986 701 2054 asscendit
716 1987 759 2053 ad
784 1987 872 2054 uiam
888 1987 931 2052 ad
946 1993 1064 2053 metam
1091 1988 1153 2055 sub
1169 1985 1271 2054 tribus
1289 1986 1467 2054 arboribus

333 2097 509 2183 per-tccfo5
532 2101 564 2162 et
579 2113 639 2178 ρετ
654 2115 725 2161 eam
742 2095 832 2162 uiam
848 2097 941 2163 iuxta
956 2101 1076 2162 terram
1094 2093 1222 2162 Gordus
1240 2095 1334 2162 uadit
1350 2115 1467 2162 uersus

333 2205 491 2270 orientem
509 2223 612 2288 usque
632 2203 674 2269 ad
690 2208 809 2270 metam
834 2210 992 2290 terream;
1018 2203 1092 2271 inde
1118 2205 1289 2271 declinans
1315 2203 1407 2272 eadit
1432 2205 1467 2270 in
1570 2239 1571 2242 τ

332 2311 478 2396 uallem,
510 2332 573 2396 quc
600 2310 690 2378 ducit
711 2311 852 2379 riuulum
877 2310 1045 2379 Dernicha
1068 2313 1102 2378 in
1128 2319 1215 2380 meta
1240 2319 1349 2380 terrea
1373 2313 1469 2380 iuxta

332 2440 472 2505 aqnam3
503 2421 581 2488 inde
605 2441 666 2507 per
691 2420 827 2488 eandem
853 2440 971 2506 aquam
999 2424 1105 2506 uergit
1130 2420 1266 2488 inferius
1290 2440 1396 2506 usqne
1420 2420 1468 2488 ad

332 2533 448 2614 locum,
474 2529 528 2596 ubi
546 2529 614 2596 exit
631 2529 673 2596 ad
689 2549 839 2614 maguam
857 2528 945 2596 uiam
962 2530 995 2596 in
1013 2537 1116 2616 meta3
1140 2550 1199 2617 per
1224 2529 1329 2617 ipsam
1356 2537 1468 2597 autem

331 2639 431 2724 uiam,
444 2638 676 2724 quediscernit
694 2639 816 2705 limites
832 2637 1200 2722 GangetGreesencha,
1219 2637 1363 2705 uaditad
1376 2657 1468 2704 mon-

330 2754 396 2814 tem
414 2749 457 2813 ad
482 2753 603 2813 metam
620 2745 681 2814 sub
697 2747 813 2813 arbore
837 2749 942 2831 τείρεις
968 2745 1046 2813 inde
1066 2747 1236 2815 descendit
1257 2749 1409 2831 ineaput
1425 2745 1466 2811 ri-

332 2855 402 2920 uuli
419 2855 536 2940 Ripan,
558 2857 613 2922 ubi
641 2861 692 2922 est
716 2859 805 2921 meta
830 2874 869 2921 ex
887 2861 980 2939 parte
996 2854 1226 2940 meridionali3
1251 2853 1468 2939 pereundam

332 2963 475 3032 riuulum
488 2963 658 3032 descendit
674 2984 788 3031 uersus
800 2963 1008 3048 occidentem,
1026 2968 1058 3028 et
1074 2963 1168 3030 tradit
1184 2961 1342 3049 usquead
1358 2963 1469 3032 locum

331 3074 386 3139 ubi
404 3072 472 3138 exit
496 3074 539 3139 ad
562 3074 680 3140 siccam
697 3073 835 3156 vallem,¹
852 3093 914 3158 que
940 3073 1029 3138 ducit
1049 3072 1092 3138 ad
1116 3077 1258 3140 montem
1287 3072 1330 3139 ad
1347 3077 1470 3138 metam

331 3189 491 3267 terream3'
515 3181 557 3250 de
581 3189 692 3250 monte
716 3183 889 3251 deseendit
911 3203 970 3269 per
994 3201 1094 3248 unam
1119 3182 1241 3249 vallem
1265 3185 1298 3249 in
1324 3182 1469 3249 riuulum

331 3287 455 3374 Pribin,
473 3308 637 3374 perquem
658 3291 832 3356 reuertitur
844 3291 887 3356 ad
898 3295 996 3376 caput
1012 3289 1167 3375 eiusdem,
1184 3289 1239 3358 nbi
1257 3290 1364 3376 prima
1380 3302 1472 3355 meta

333 3397 396 3464 luit
407 3397 571 3482 inchoata,
591 3399 702 3482 ibique
713 3399 919 3466 terminatur.
937 3399 1017 3466 Item
1038 3399 1144 3482 prima
1156 3405 1245 3463 meta
1260 3397 1471 3464 terrePukur

332 3503 449 3591 incipit
465 3525 562 3590 super
585 3508 689 3592 ripam
706 3507 849 3575 fluminis
864 3507 1053 3593 Zoploucha
1071 3507 1105 3575 in
1120 3506 1221 3590 ualle,
1245 3526 1308 3590 que
1326 3505 1419 3572 ducit
1435 3505 1471 3571 iu

331 3615 425 3682 aliud
442 3613 562 3682 flumen
578 3617 711 3683 nomine
727 3615 856 3702 Peluur3
874 3623 907 3683 ct
922 3635 982 3700 per
997 3617 1090 3682 illurn
1102 3614 1195 3681 uadit
1210 3613 1347 3680 inferius
1365 3632 1473 3696 usque

331 3724 373 3789 ad
390 3723 509 3809 locum,
527 3725 583 3792 ubi
599 3725 750 3809 predicta
762 3723 1035 3810 aquazopuneha
1050 3724 1141 3791 eadit
1157 3723 1191 3788 in
1206 3721 1337 3804 Puram,
1363 3729 1396 3786 ct
1411 3743 1473 3806 ρετ

330 3832 539 3917 Zopunoham
565 3833 740 3901 reuertitur
765 3835 799 3899 in
822 3831 1006 3918 predictam
1023 3833 1155 3916 uallem,
1180 3831 1237 3897 ubi
1256 3831 1366 3914 prima
1381 3837 1474 3898 meta

330 3943 393 4008 luit
408 3943 540 4028 incepta
560 3963 601 4009 ex
618 3948 712 4028 parte
728 3949 812 4008 terre
831 3941 1015 4010 Michaelis.
1041 3942 1123 4008 Item
1139 3941 1245 4028 prima
1261 3945 1347 4006 meta
1363 3941 1474 4006 cuius·

331 4051 406 4117 dam
423 4051 586 4136 particule
596 4059 693 4138 terre,
711 4071 774 4135 que
784 4053 913 4119 Lonctu
929 4057 1075 4136 uocatur,
1096 4051 1214 4137 incipit
1229 4069 1288 4135 per
1304 4049 1473 4133 quendam

330 4179 461 4228 cursum
487 4179 582 4244 aque,
607 4160 663 4244 qui
687 4159 729 4227 de
744 4159 877 4228 flumine
891 4157 1009 4228 Lunha
1025 4161 1102 4245 exit,
1129 4167 1160 4225 et
1176 4165 1310 4246 separat
1327 4177 1348 4222 a
1364 4157 1474 4244 pisea-

329 4270 454 4338 toribus
464 4268 572 4340 (lustri
584 4268 809 4355 dresseniohe,
827 4271 884 4355 qui
901 4277 934 4336 et
949 4289 1065 4354 parum
1078 4273 1164 4335 terre
1174 4267 1290 4334 circuit
1305 4267 1340 4334 in
1352 4287 1472 4355 campo

330 4397 389 4462 ρτο
406 4379 554 4446 sessione
569 4379 770 4464 piscatorum
786 4397 926 4462 suorum,
945 4385 978 4444 et
995 4378 1088 4446 iuxta
1103 4377 1222 4445 siluam
1240 4375 1420 4446 reuertitur
1434 4377 1472 4444 in

331 4485 463 4552 fluuium
482 4487 714 4572 supradictum.
738 4487 822 4556 Item
847 4489 955 4574 prima
970 4496 1058 4556 meta
1083 4492 1170 4554 terre
1185 4485 1402 4553 Bursonouch
1423 4486 1474 4551 in-

331 4595 411 4680 cipit
427 4599 460 4666 in
477 4603 584 4663 ruente
601 4595 703 4683 Garig
720 4597 753 4664 in
778 4619 841 4666 una
857 4605 945 4667 meta
962 4599 1021 4666 sub
1039 4598 1157 4664 arbore
1173 4595 1278 4681 τιάρας
1303 4599 1335 4660 et
1351 4592 1478 4662 deinde
