3198 5160
851 331 1008 432 Q

476 531 546 614 ligo
564 531 692 597 liarcus
708 527 845 596 Totuius
863 527 1068 597 Consiliator.

473 637 543 722 Ego
560 636 723 705 Mamilius
741 637 874 723 Georgii
893 633 1100 704 Consiliator.

474 743 545 829 ligo
563 745 690 811 Marcus
707 743 809 811 Aurio
826 743 1033 812 Consiliator.

475 855 545 938 ligo
563 853 758 923 rnomasiuo
775 853 970 922 llauroceno
988 849 1196 918 Consiliator.

477 963 546 1048 ugo
563 963 721 1030 Nicolaus
738 961 892 1041 Quirinus
909 959 1114 1030 Consiliator.

368 1073 438 1157 Ego
456 1069 619 1138 Corradus
631 1069 766 1139 Ducaiis
777 1067 882 1137 Arriae
893 1069 1101 1136 Venetiarum
1118 1064 1345 1132 Cancellarius
1365 1063 1417 1129 his
1432 1086 1500 1131 om·

368 1180 462 1247 nibus
488 1178 629 1264 interfui,
657 1179 746 1246 etde
773 1176 927 1246 mandato
953 1175 1058 1263 ipsius
1084 1173 1208 1242 domini
1229 1171 1331 1240 Ducis
1368 1172 1499 1258 scripsi,

368 1288 539 1374 complevi,
564 1287 715 1355 roboravi
731 1295 791 1354 eto.

565 1467 690 1531 (sartan,
705 1467 843 1534 Illyricum
857 1466 970 1521 sacrum
983 1435 1086 1518 vsuuu.
1101 1467 1161 1520 noo.
1176 1465 1244 1517 suov
1257 1465 1296 1528 n.)

801 1751 1057 1760 ...ομ-..Μ-

373 2385 461 2454 ciat
475 2384 594 2470 ltroipi
602 2381 875 2450 Momohmcctcrack
890 2383 1028 2446 tcatco'oci
1039 2381 1313 2468 birtolosztdlpdro
1333 2379 1501 2465 coroa-tlozo'

789 2489 951 2576 olcmotnya.
976 2490 1072 2554 1260.

479 2689 548 2755 Nos
574 2684 632 2752 Cir.
657 2684 816 2771 Magister
840 2683 1098 2752 'lanamioorum
1123 2683 1223 2769 Regis
1246 2689 1278 2750 et
1304 2685 1351 2752 St
1378 2685 1498 2752 Comes

373 2793 578 2864 Zaladiensis
603 2813 661 2880 per
675 2797 822 2861 tenorem
838 2793 1043 2880 presencium
1068 2791 1186 2876 quibus
1202 2789 1336 2877 expedit
1350 2791 1501 2860 declara-

371 2925 456 2992 mus,
471 2903 641 2988 quodcum
657 2902 842 2987 altercacio,
861 2901 1017 2986 quainter
1032 2899 1149 2968 fratres
1159 2907 1297 2986 nostros,
1316 2901 1500 2986 Mycaelem

372 3009 498 3080 scilicet
524 3008 682 3078 Comitem
706 3027 747 3077 ex
771 3029 836 3076 una
852 3013 955 3096 parte,
981 3017 1014 3076 et
1030 3007 1253 3076 Lanceredum
1278 3007 1437 3076 Comitem
1458 3029 1500 3075 ox

373 3117 478 3186 altera
495 3136 592 3204 snper
617 3115 780 3185 divisione
795 3116 1039 3202 possessionum
1065 3123 1179 3185 exorta
1202 3118 1332 3184 inerunt
1348 3115 1447 3204 (lgy),
1465 3123 1502 3183 ut

372 3225 456 3293 inter
472 3225 562 3313 ipsos
579 3226 672 3314 pacis
688 3223 908 3311 tranquillitas
923 3245 981 3295 scu
1005 3223 1179 3294 concordia
1197 3223 1437 3312 reformaretur,
1455 3223 1500 3290 ad

373 3327 517 3400 nostram
527 3341 735 3402 accesserunt
751 3335 974 3420 presenciam3
992 3333 1047 3418 qni
1062 3331 1139 3400 licet
1148 3331 1275 3399 diucius
1291 3350 1389 3400 uoces
1399 3353 1501 3419 super

373 3441 460 3507 iacto
478 3446 687 3526 mutuusscnt,
704 3445 814 3508 tamen
830 3439 873 3508 ad
888 3439 1029 3508 inuicem
1045 3438 1228 3509 omnimode
1247 3439 1424 3505 secundum
1440 3461 1499 3527 pa-

372 3547 420 3616 cis
446 3545 643 3615 instanciam
659 3547 890 3633 discesserunt,
916 3547 1026 3614 taliter
1041 3553 1152 3614 tamon
1170 3545 1291 3612 iactum
1316 3549 1500 3632 possessio·

372 3673 449 3722 num
475 3653 679 3734 ordinantes,
704 3661 741 3720 ut
765 3655 920 3742 deinceps
944 3655 978 3721 in
1004 3654 1094 3722 nullo
1119 3653 1253 3720 racione
1279 3657 1500 3740 possessionis

372 3763 536 3854 prodictus
561 3761 597 3828 L.
624 3761 782 3828 Comitem
807 3761 1012 3846 Mychaelem
1038 3767 1216 3848 pretaxare
1243 3761 1296 3827 uel
1324 3762 1500 3831 molestare

370 3873 490 3942 debeat
506 3871 558 3938 uel
573 3876 749 3958 presumat,
776 3891 849 3937 cnm
866 3871 998 3938 omnino
1015 3869 1102 3937 idem
1122 3869 1239 3937 Comes
1256 3870 1298 3938 M.
1317 3871 1502 3938 racionabi-

372 3983 447 4051 liter
470 3981 514 4050 sit
539 3985 713 4049 excusatus
740 3985 773 4047 et
797 3987 970 4068 separatus
995 3981 1029 4046 in
1056 3979 1217 4048 diuisione
1243 3981 1500 4066 possessionum.

371 4089 636 4158 Inter--bat
660 4090 765 4157 eciam
781 4087 897 4157 Comes
915 4089 967 4172 L.,
994 4095 1030 4155 ut
1053 4089 1196 4172 quadam
1220 4093 1309 4154 terra
1325 4090 1389 4156 sita
1414 4092 1503 4158 inter

372 4200 562 4267 Drannaam
588 4203 621 4263 et
635 4198 770 4283 Moram,
797 4217 861 4282 que
876 4204 1064 4266 nosceretur
1080 4233 1124 4245 -
1140 4233 1183 4246 -
1205 4234 1245 4246 -
1261 4203 1367 4264 -ter
1382 4197 1500 4266 codem

373 4307 469 4374 modo
479 4343 739 4356 -----
752 4306 796 4373 ad
811 4305 918 4392 ipsum
928 4311 1041 4392 posset
1052 4303 1224 4392 pertinere,
1243 4305 1384 4390 qualiter
1394 4307 1500 4374 eciam

373 4415 490 4481 attinet
514 4414 558 4479 ad
583 4415 741 4481 Comitem
766 4413 959 4500 Mycaelem,
985 4433 1082 4499 super
1098 4433 1161 4496 quo
1187 4413 1291 4478 eciam
1318 4413 1434 4480 Comes
1456 4417 1499 4480 ll.

374 4519 581 4602 contradixit,
599 4527 632 4586 et
647 4519 810 4588 iusticiam
827 4505 920 4588 suam
936 4519 1180 4588 racionabiliter
1200 4519 1445 4606 demonstrauit,
1462 4531 1499 4588 ut

373 4623 407 4688 in
424 4625 511 4690 nullo
529 4625 572 4690 ad
589 4627 832 4695 iuridiccionem
853 4627 988 4696 Comitia
1004 4631 1040 4694 L.
1057 4627 1240 4714 pertineret,
1266 4625 1326 4694 sed
1342 4629 1416 4714 ipse
1433 4651 1500 4696 om·
