3102 5160
842 245 962 347 aa.

322 462 386 528 lem
402 469 545 530 nostrum
562 461 696 529 fecimus
720 459 890 528 introduci.
916 461 962 528 Ut
976 465 1084 526 autem
1099 459 1261 547 premissa
1277 461 1387 528 omnia
1404 481 1463 528 ro·

320 569 380 636 bur
390 571 559 656 optineant
567 576 726 656 perpetue
735 568 907 654 firmitatis,
915 589 974 636 nec
986 589 1141 655 processu
1152 569 1309 655 temporis
1319 570 1466 636 ualeant

319 678 362 742 ab
381 676 519 743 alicuius
541 676 675 742 malicia
688 675 821 761 irritari,
847 681 1029 760 presentem
1045 676 1187 742 litteram
1214 675 1461 762 prenominatis

318 784 449 871 populis
465 785 584 851 nostris
600 782 641 851 de
657 785 763 851 Stena
778 782 935 867 dedimus,
953 781 1092 870 duplicis
1109 783 1209 868 sigilli
1227 783 1330 850 nostri
1345 783 1459 850 muni-

318 891 404 957 mine
417 891 613 958 roboratam.
630 892 751 957 Datum
768 909 854 956 anno
872 890 982 974 gracie
998 889 1170 957 millesimo
1182 890 1247 956 00⁰
1258 891 1458 976 XL⁰non05

317 999 391 1066 idus
407 997 541 1086 Aprilis,
558 999 662 1084 Regni
678 1005 787 1066 autem
802 996 905 1064 nostri
925 1017 1011 1064 anno
1027 996 1281 1082 quartodecimo.

318 1214 454 1280 (Eredetie
466 1211 639 1281 bdrbdrtytn,
653 1229 670 1264 a
680 1211 923 1280 sarge-violasaintt
933 1211 1161 1280 selyemasiudron
1175 1213 1259 1280 fttggd
1268 1212 1361 1281 pccstt
1375 1219 1456 1266 tttre·

379 1301 385 1314 ’
564 1303 678 1358 ddlrbvel
691 1321 709 1358 a
720 1305 803 1358 budci
816 1306 867 1355 lrir.
881 1305 1004 1356 marai
1017 1300 1207 1369 levtltdrban)

842 2105 925 2171 200.

317 2284 340 2350 Ι
344 2283 378 2350 V.
395 2284 475 2350 Buta
489 2283 656 2370 loirdlyoak
675 2284 852 2370 adomdnyo
867 2285 929 2350 Pal
952 2287 1131 2372 orezcipbr'ro'
1145 2292 1176 2350 dc
1193 2286 1278 2351 zalal
1287 2282 1455 2372 fdiepcircy

744 2395 901 2458 azdotdra.
917 2389 1015 2455 1249.

432 2587 514 2654 Bela
531 2585 594 2651 Dei
619 2584 734 2670 gracia
753 2583 930 2669 Hungarie,
955 2585 1135 2670 Dalmacie,
1159 2583 1304 2670 Croucie,
1329 2588 1452 2672 Rame,

316 2693 438 2777 Seruio,
457 2692 591 2777 Geticis,
609 2691 813 2776 Lodomerie,
832 2689 1053 2776 Oumanieque
1069 2695 1140 2759 Rex
1156 2694 1304 2760 omnibus
1322 2693 1450 2761 Christi

315 2802 465 2870 fidelibus
482 2801 526 2866 ad
541 2820 624 2894 quos
640 2819 778 2885 presens
795 2799 948 2886 scriptum
965 2801 1149 2886 peruenerit
1166 2803 1305 2869 salutem
1325 2803 1360 2868 in
1378 2825 1450 2871 om·

317 2911 406 2975 nium
423 2909 604 2975 saluatore.
630 2907 715 2972 Aule
731 2907 833 2991 Regic
858 2906 998 2976 fideliter
1025 2910 1241 2995 obsequentes
1265 2918 1355 2978 tanto
1381 2911 1451 2978 lar-

318 3016 402 3101 giori
418 3012 635 3100 prosequendi
645 3020 721 3079 aunt
737 3034 877 3098 munere,
896 3021 1017 3099 quanto
1034 3035 1070 3082 sc
1080 3016 1175 3084 bonis
1191 3017 1309 3104 studijs
1326 3020 1449 3086 ceteris

317 3123 494 3211 preferant,
520 3139 559 3186 ac
584 3121 796 3188 berniciorum
821 3121 1035 3193 exhibicione.
1060 3123 1201 3190 Proinde
1225 3123 1268 3189 ad
1290 3124 1449 3193 noticiam

314 3230 542 3296 uniuersorum
567 3233 633 3292 tam
659 3229 865 3315 presencium
881 3250 979 3314 quam
1004 3236 1206 3316 posterorum
1228 3231 1343 3298 harum
1358 3233 1450 3300 serie

314 3338 465 3404 volumus
493 3336 672 3422 peruenire,
702 3335 789 3420 quod
813 3357 885 3403 cum
908 3337 1030 3404 Paulus
1046 3337 1130 3403 Aule
1154 3343 1265 3404 nostre
1280 3337 1388 3404 Judex
1413 3349 1450 3406 et

316 3443 432 3511 Comes
447 3442 654 3512 Zaladiensis
669 3444 808 3512 dilectus
825 3451 857 3510 et
872 3443 977 3512 fidelis
993 3453 1103 3513 noster
1126 3444 1275 3512 omnibus
1291 3445 1360 3512 suis
1377 3444 1448 3513 die-

315 3553 375 3618 bus
395 3549 458 3616 sibi
473 3567 573 3638 penes
591 3557 737 3618 nostram
754 3550 987 3618 Oelsitudinem
1003 3551 1119 3619 merita
1140 3551 1328 3636 cumulauit,
1355 3555 1449 3636 quod

316 3659 449 3724 diuersa
465 3661 620 3725 virtutum
647 3677 777 3725 suarum
793 3659 938 3744 insignia
962 3660 1130 3745 postulent
1154 3679 1195 3726 ex
1211 3657 1383 3744 condigno,
1410 3669 1449 3728 vt

313 3786 379 3833 non
394 3768 499 3835 solum
515 3787 557 3834 ex
572 3787 694 3852 genere
704 3767 922 3834 seruientium
938 3787 979 3834 ex
994 3769 1297 3854 bonornmoperum
1306 3787 1447 3853 magna-

312 3873 461 3940 nimitate
485 3875 570 3940 inter
593 3873 716 3960 primos
743 3881 776 3939 et
799 3871 973 3960 precipuos
992 3875 1097 3958 Regni
1121 3875 1225 3941 nostri
1244 3879 1445 3942 numeretur.

313 3982 412 4049 Cuius
428 3989 464 4049 vt
479 3981 639 4067 obsequia
647 3982 691 4047 ad
706 3979 971 4048 informacionem
983 3981 1231 4048 succedencium
1249 3980 1284 4046 in
1300 3979 1449 4050 medium

313 4089 525 4173 deducantur,
552 4109 653 4175 opera
677 4089 750 4176 ipsa
764 4108 824 4156 nos
852 4093 1038 4156 ammonent
1063 4096 1096 4156 et
1118 4088 1283 4156 inducunt.
1306 4087 1393 4154 Nam
1410 4097 1450 4156 vt

312 4196 448 4264 virtutes
464 4215 533 4281 sue,
559 4197 677 4280 quibus
693 4197 800 4264 adhuc
815 4196 850 4262 in
874 4195 1010 4262 iuuenili
1026 4201 1114 4262 etate
1137 4195 1348 4282 florescebat,
1376 4195 1451 4264 elu-

311 4311 485 4387 cescerent,
497 4309 659 4370 maturate
671 4302 844 4389 quemdam
859 4303 1026 4370 infidelem
1041 4307 1187 4371 nostmm
1196 4303 1327 4388 Boyzen
1341 4305 1450 4370 nomi·

312 4430 353 4476 ne
368 4410 402 4475 in
417 4411 536 4495 insula,
553 4409 638 4477 vnde
653 4412 735 4498 ipse,
751 4411 840 4479 solus
857 4411 961 4479 solum
981 4411 1082 4477 alium
1097 4429 1210 4497 pugna
1226 4428 1287 4478 sua
1302 4409 1449 4480 viriliter

313 4517 452 4586 obtinuit
468 4517 681 4608 captiuatum.
705 4519 786 4586 ltem
797 4519 832 4586 in
848 4517 1093 4604 expugnacionc
1110 4515 1217 4585 (lustri
1235 4515 1326 4584 Olich
1343 4538 1451 4604 quen·
