3112 5148
543 218 700 328 —u-s-

94 427 132 496 lo
148 436 246 498 nostre
270 428 417 498 dononio
443 432 601 515 perpetue
626 423 789 492 tirmitmis
814 422 913 492 robur
937 423 1102 508 obtineet5
1125 435 1187 490 nee

46 561 47 570 ¹
92 539 162 622 possit
173 539 203 604 in
215 545 389 626 posterum
414 559 475 626 per
490 536 618 622 aliquos
634 537 668 604 in
683 533 812 603 irritum
827 532 987 620 renotari,
1013 538 1184 620 presentes

46 723 47 728 ἵ
92 646 179 714 litores
192 645 292 713 eidem
308 646 349 714 B.
367 645 593 714 concessimus
609 641 750 730 dupliois
765 640 870 726 sigilli
885 640 988 709 nostri
1004 639 1183 708 munimine

92 753 286 841 perlempniter
300 754 493 822 roboratas.
510 753 631 820 Datum
641 771 727 821 enno
736 749 869 819 Domini
880 751 927 816 ii⁰
937 747 1002 816 00⁰
1012 749 1085 815 XL⁰
1095 747 1184 816 11110.

46 861 47 906 l
93 859 179 927 tuno
191 858 353 929 tuendas
371 859 478 947 iunii,
494 858 601 946 Regni
617 863 726 928 eutem
741 855 844 925 nostri
860 875 946 925 anno
962 875 1059 924 nono.

92 1057 191 1123 lusisse
201 1057 380 1128 bdrhtrtydn,
395 1076 413 1112 s
424 1055 601 1127 vituts-sergo
612 1057 838 1126 selyemnsinoron
857 1055 942 1124 itlggd
955 1053 1102 1124 peesdtnek
1113 1057 1183 1106 titre-

245 1148 315 1202 dtke
328 1165 462 1218 magron,
477 1164 495 1200 s
504 1148 586 1200 budsi
598 1147 650 1199 kir.
661 1147 785 1199 kemarei
797 1143 988 1212 levdltdrben.)

92 2063 143 2129 Belo
161 2068 280 2152 inssep
305 2071 339 2130 ds
355 2065 534 2130 szlavoniai
557 2065 619 2132 tcto
637 2090 657 2130 a
677 2061 789 2132 Grebia
813 2067 1042 2154 eemzetsdqbe'li
1061 2067 1188 2132 Adrion

133 2174 258 2257 umbe,
274 2174 390 2259 meipet
404 2196 438 2237 ez
448 2171 624 2239 rolronaitdi
639 2184 708 2256 vett,
721 2172 1004 2259 'mephatdroltatjm
1021 2173 1119 2238 1244.

164 2368 268 2460 B(elo)
279 2369 350 2437 Dei
366 2369 480 2454 gracia
489 2371 566 2436 Dux
581 2373 613 2436 et
628 2368 739 2437 Bonus
754 2369 859 2438 tocius
869 2370 1046 2438 Solanonie
1062 2369 1189 2438 vnlner-

91 2477 184 2545 s'olsm
199 2478 371 2548 modernis
397 2498 494 2563 quom
511 2477 627 2544 futuris
647 2484 818 2565 presentes
842 2478 970 2546 litteras
994 2477 1189 2566 inspecturis

91 2586 192 2653 moen
206 2587 239 2654 in
255 2585 414 2656 Domino.
441 2583 548 2663 Quum
564 2585 648 2652 labit
663 2605 704 2651 ex
720 2585 887 2654 hominum
912 2585 1070 2654 memoria
1094 2594 1127 2652 et
1142 2603 1190 2651 re-

90 2711 136 2758 rum
154 2697 240 2764 turbe
265 2694 405 2782 penitus
430 2692 648 2779 insufficiens3
678 2693 799 2764 ideireo
826 2713 876 2781 ea,
901 2715 964 2780 que
990 2701 1130 2782 aguntur
1155 2695 1189 2761 in

90 2807 209 2894 tenpore,
232 2826 278 2873 ne
305 2803 464 2870 labantur
488 2824 562 2871 eum
587 2809 744 2892 tempore,
770 2804 888 2872 litteris
913 2805 1065 2874 annotari
1090 2809 1124 2870 et
1142 2803 1190 2870 sio

90 2911 216 2995 usquead
233 2919 390 3001 posteros
406 2910 502 2980 illese
521 2911 629 2980 solent
645 2913 819 2980 asserueri.
844 2913 929 2980 Hine
945 2921 1003 2998 est,
1021 2912 1109 2998 qnod
1124 2912 1191 2978 vni·

91 3035 223 3086 ursorum
238 3029 312 3088 tam
329 3021 533 3106 presencium
550 3039 648 3104 quom
663 3019 844 3088 futurorum
859 3025 970 3088 tenore
985 3021 1190 3108 presencium

90 3145 158 3206 qum
170 3129 358 3198 futurorum
375 3133 488 3196 tenore
503 3127 708 3215 presencium
718 3129 789 3196 fieri
805 3130 954 3196 volumus
970 3127 1190 3215 menifestum,

91 3236 151 3316 uei
166 3258 235 3306 oum
252 3235 423 3304 Adrianus
447 3243 568 3303 terrem
587 3235 749 3320 quendum
765 3236 807 3304 de
823 3238 890 3305 suis
906 3237 1054 3322 cognatis
1080 3237 1122 3304 de
1138 3257 1193 3322 ge-

90 3347 229 3414 ueraeione
239 3345 378 3430 (trebie,
391 3343 544 3412 videlieet
552 3345 723 3432 Drngrilo‚
740 3345 877 3433 Brsohe,
895 3347 1020 3434 Zolopu
1038 3353 1071 3414 et
1083 3346 1189 3428 Miles,

92 3454 240 3539 snpeionis
250 3453 351 3522 titulo
363 3459 594 3540 comparesset,
611 3455 704 3544 ipsos
713 3453 780 3520 iam
797 3454 902 3523 dictos
911 3452 1095 3523 venditores
1105 3461 1191 3522 terre

91 3561 204 3640 predicte
219 3581 338 3630 eoram
354 3559 448 3629 nobis
464 3561 588 3647 statuit,
605 3559 661 3646 qui
677 3581 770 3629 suam
780 3561 1004 3632 vendicionem
1017 3563 1096 3631 uiuo
1111 3581 1192 3632 uoee

46 3711 47 3714 =
90 3699 465 3718 -------
480 3667 600 3756 prefati
610 3669 746 3736 Adriani
757 3670 876 3738 lostam
886 3670 988 3739 inisse
1003 3671 1191 3739 retulerunt.

89 3772 163 3854 igilur
175 3777 265 3844 idern
281 3772 448 3842 Adrianus
473 3775 609 3846 instanti
625 3776 740 3844 humili
755 3795 886 3865 precum
903 3777 1066 3846 instancia
1085 3783 1192 3864 postu·

92 3879 307 3968 tritomum,
324 3891 360 3950 vt
374 3881 535 3951 hominem
551 3889 698 3953 nostrum
715 3883 758 3951 ad
773 3883 879 3972 ipsam
895 3891 1015 3953 terram
1038 3883 1193 3970 conspici·

91 3989 176 4057 mlum
191 4013 233 4060 ae
261 3991 390 4060 eunetis
406 3992 501 4060 metis
517 4001 549 4061 et
568 3993 715 4062 terminis
741 3993 1007 4081 distinguendum
1031 3995 1192 4062 transmit-

46 4129 48 4188 p
89 4100 209 4167 tunm
226 4101 301 4166 Nos
312 4117 390 4166 vero
406 4101 622 4186 pet'oionibus
638 4101 741 4188 ipsius
757 4101 1019 4192 obtemperantes
1031 4103 1192 4172 hominem

91 4209 204 4270 menum
221 4207 376 4274 misimus
399 4227 472 4276 oum
487 4207 559 4296 ipso
575 4207 619 4276 ad
635 4209 838 4295 sepedictam
854 4218 976 4279 terrem
992 4209 1194 4299 oonspioien·

91 4305 142 4378 isn
154 4323 185 4382 et
200 4314 301 4382 metis
316 4315 547 4402 separandam.
564 4317 628 4396 Qui
644 4337 718 4384 oum
728 4321 958 4388 eommeteneis
974 4341 1071 4410 snper
1086 4321 1193 4409 ipsam

91 4425 182 4488 terrem
208 4423 393 4492 seeundum
419 4424 685 4493 eonsuetudinem
709 4427 850 4494 transire
874 4429 1078 4516 eonstitntus,
1104 4431 1194 4498 nullo

90 4531 308 4599 romodtoento
320 4551 378 4600 seu
388 4531 592 4620 prohibente,
609 4532 753 4618 undique
765 4541 869 4603 metas
879 4536 1051 4624 elenenset,
1062 4537 1194 4604 rediens
