3134 5158
652 903 729 972 242.

138 1090 262 1154 Atrcci
272 1089 398 1176 priapdk
413 1095 443 1152 e's
458 1113 478 1151 o
493 1089 639 1152 sibenicoi
661 1086 786 1172 pcpsdp
802 1085 883 1147 ldztr‘
898 1083 1086 1167 riczonprok
1108 1083 1256 1166 naepdlla·

569 1200 685 1280 pr'tdso.
709 1193 804 1257 1252.

239 1394 274 1458 ln
291 1393 421 1461 nomine
438 1392 570 1459 Domini
595 1391 695 1460 nostri
713 1393 794 1458 lesu
819 1389 939 1456 Christi
956 1389 1072 1454 Amen.
1099 1389 1193 1454 Anno
1210 1387 1255 1452 ln·

141 1501 338 1568 camecionis
349 1499 519 1585 croculi,
536 1499 723 1567 Indiccione
734 1497 1014 1584 Xl.‚temporibus
1031 1496 1152 1563 domini
1163 1499 1256 1561 lnne

139 1611 233 1698 eoncij
251 1613 345 1698 Pape
360 1611 478 1695 quarti,
506 1629 546 1675 ac
562 1609 684 1676 domini
701 1609 782 1676 Bele
806 1606 949 1674 lllustris
965 1606 1066 1689 Regis
1087 1602 1257 1689 Hungarie

139 1719 194 1785 hoc
217 1726 328 1786 actum
345 1725 404 1786 est.
430 1719 510 1784 Cum
527 1717 710 1804 prophetici
735 1715 893 1782 sermonis
918 1714 1081 1798 eulogium
1107 1731 1189 1799 opus
1213 1711 1256 1778 sit

132 1827 270 1911 justicie,
297 1846 429 1914 paxque
444 1827 617 1910 unicuique
642 1845 703 1892 sue
719 1825 793 1891 iura
808 1822 971 1890 seruando
992 1821 1097 1888 tocius
1112 1821 1255 1886 humane

138 1935 390 2004 cohabitacionis
407 1943 439 2002 et
454 1934 623 2004 societatis
639 1933 803 2000 vinculum
820 1932 935 2000 merito
955 1937 1178 2016 nuncupatur,
1202 1947 1253 1996 nc-

137 2061 222 2110 cesse
236 2049 287 2110 est
303 2043 453 2112 omnihus
468 2043 622 2129 legaliter
637 2042 747 2110 viuere
763 2039 980 2127 cupientibus,
996 2039 1091 2106 huius
1111 2035 1254 2106 salutife-

135 2151 177 2217 ris
192 2153 342 2219 connecti
351 2152 499 2237 vinculis,
517 2159 550 2218 et
566 2153 609 2218 ab
625 2150 697 2217 eius
711 2150 801 2216 cultu
816 2149 905 2216 nullo
916 2155 1061 2234 tempore
1078 2145 1253 2228 declinare,

135 2277 191 2342 qne
214 2257 357 2342 denique
377 2260 511 2345 justicie
525 2279 651 2343 norma,
680 2257 777 2344 quasi
801 2255 931 2342 gemino
957 2255 1041 2324 calle
1065 2253 1253 2341 procedens,

134 2365 198 2433 iure
213 2366 371 2434 videlieet
396 2367 516 2454 scripto
533 2373 566 2433 et
581 2366 869 2434 consuetudinibus
893 2364 1085 2452 approbatis
1110 2361 1154 2430 ad
1175 2360 1254 2427 veri·

22 2533 23 2544 ,
134 2473 206 2540 tutis
231 2474 396 2541 tramitem
422 2475 547 2542 cunctis
573 2474 764 2542 mortalibus
788 2475 851 2542 iter
875 2471 998 2561 pandit.
1025 2470 1111 2550 Quia
1126 2488 1204 2536 vero
1219 2468 1253 2534 in

133 2581 276 2665 pertibus
292 2581 463 2648 Dalmaeic
488 2581 732 2650 consuetudinis
748 2601 891 2666 ususque
913 2579 1044 2664 longeui
1061 2577 1252 2663 auctoritas,

131 2708 226 2773 quam
250 2687 394 2756 maxime
413 2711 473 2777 pro
495 2692 569 2777 lege
593 2699 786 2776 veneratur,
813 2690 936 2758 idcirco
960 2691 1033 2773 Ego
1057 2685 1253 2754 Stanimirus

22 2785 23 2790 ’
133 2797 412 2885 Archipresbyter,
437 2819 503 2865 vna
518 2819 591 2866 cum
607 2801 742 2887 Toleue,
760 2799 890 2867 Joanne
915 2805 948 2866 ot
964 2796 1147 2881 Grisogono
1163 2795 1253 2862 eleri-

22 2987 23 2990 ,
132 2905 186 2988 cis,
202 2923 275 2971 curn
294 2907 392 2993 pleno
409 2907 563 2975 mandato
579 2907 722 2976 uniuersi
738 2907 825 2975 Cleri
840 2905 1061 2974 Sibenicensis
1078 2905 1122 2972 ad
1137 2902 1250 2990 Spala-

22 2999 23 3048 ἶ
131 3017 252 3080 teusem
269 3013 452 3083 Ecclesiam
476 3021 631 3100 tanquam
648 3016 692 3082 ad
717 3024 815 3102 caput
833 3014 1021 3103 Metropolis
1046 3011 1251 3095 accedentes,

22 3119 24 3212 ζ
131 3122 248 3188 ibidem
265 3141 376 3190 coram
391 3125 635 3192 venerabilibus
652 3125 731 3192 uiris
747 3126 874 3192 Thema
889 3123 1128 3191 Archidiacono
1145 3128 1178 3188 et
1195 3122 1252 3188 Oa-

131 3229 231 3314 pitulo
248 3231 362 3298 Sancti
377 3231 508 3319 Domnij
534 3231 682 3318 dicimus,
710 3233 897 3320 profitemur
921 3239 953 3300 ct
977 3229 1250 3316 recognoscimus,

131 3356 186 3404 nos
203 3337 426 3407 omnimodam
451 3339 689 3408 subieccionem
706 3340 825 3408 debere
841 3339 972 3406 domiue
987 3340 1161 3426 'l'reguano
1177 3339 1252 3425 Epi-

131 3463 230 3531 scopo
246 3451 280 3511 et
295 3444 366 3513 eius
381 3447 635 3532 successorihus,
660 3467 800 3515 necnon
816 3447 964 3514 Ecclesie
979 3446 1203 3532 Traguriensi,
1219 3451 1252 3514 et

131 3551 233 3618 cidem
259 3551 345 3619 sieut
375 3552 462 3639 patri
487 3559 519 3620 et
544 3553 721 3624 diocesano
746 3563 858 3624 nostro
886 3561 1070 3622 renerenter
1096 3549 1250 3638 obedire;

130 3659 380 3726 consuetudines
390 3659 555 3746 antiquas,
575 3682 657 3747 quas
673 3663 715 3730 ab
732 3663 994 3732 antecessoribus
1005 3663 1125 3732 nostris
1140 3661 1250 3730 ohser-

130 3771 221 3834 uatas
238 3768 466 3855 comperimus,
483 3789 542 3856 per
557 3790 616 3838 nes
632 3777 664 3838 et
680 3790 739 3858 per
754 3779 883 3839 nostros
898 3791 1104 3840 successores
1119 3790 1250 3856 presen-

130 3873 168 3942 tis
183 3875 298 3962 scripti
314 3876 745 3965 obligaeionepromittimus
764 3878 871 3948 eidem
882 3881 1030 3950 Ecclesia
1038 3878 1250 3964 Traguricnsi

130 3992 286 4070 perpetuo
317 3986 551 4054 obseruandas.
583 3987 747 4075 Imprimis
774 3988 944 4074 videlicet,
980 3987 1250 4072 quociescumque

127 4090 309 4178 Episcopus
326 4091 512 4160 Sibenicum
529 4093 663 4181 uenerit,
689 4095 888 4182 suscipiatur
910 4095 953 4162 ab
969 4095 1249 4182 Archiprcsbitero

127 4204 156 4264 et
181 4198 277 4268 clero
304 4197 450 4267 eiusdem
476 4201 539 4269 loci
565 4203 762 4290 honorifice,
789 4203 874 4272 sicut
899 4203 1009 4288 decet,
1041 4205 1092 4272 eui
1118 4203 1249 4298 quidem

126 4305 296 4395 Episcopo,
324 4315 358 4375 et
382 4309 543 4395 omnihus,
569 4311 624 4396 qui
650 4331 723 4379 eum
739 4332 780 4379 ex
806 4313 874 4380 suis
892 4311 1020 4380 clericis
1044 4314 1249 4398 comitentur,

125 4414 388 4503 Archipresbiter
418 4417 452 4484 in
475 4417 571 4488 domo
596 4440 657 4487 sua
683 4419 864 4508 hospicium
895 4420 958 4509 (et)
984 4421 1249 4508 procuracionem

124 4523 276 4592 exhibeat
289 4531 548 4613 competentem,
572 4529 753 4616 Episcopus
768 4549 856 4616 vero,
877 4531 1033 4615 quamdiu
1060 4530 1105 4596 ibi
1125 4552 1249 4600 moram

124 4629 245 4716 lecerit,
262 4631 591 4720 archipresbiterum,
608 4635 772 4706 Abbatem
788 4643 821 4707 et
837 4643 941 4706 totum
956 4637 1086 4706 elerum
1104 4639 1247 4706 Sibenici
