3198 5160
582 304 743 405 *ea-3—

106 494 226 562 nimode
244 495 377 564 deberet
388 499 571 584 possidere.
589 499 631 564 st
641 499 689 566 sic
705 499 738 565 in
754 503 857 569 nostri
867 505 1040 589 presencia
1056 527 1128 574 enm
1140 508 1225 576 bona

105 603 188 684 pacis
215 604 451 686 tranquillitate
468 607 510 672 ab
537 607 675 674 inuicem
693 615 768 674 runt
793 607 948 696 separati.
976 611 1043 678 Nos
1067 611 1166 698 igitur
1181 617 1224 682 ad

105 710 191 775 buius
216 711 436 779 testimonium
463 715 589 782 litteras
606 721 737 783 nostras
763 719 981 786 concessimus
1002 719 1104 806 sigilli
1121 723 1223 790 nostri

103 817 273 991 ιιιιὲιὲιιι
303 822 485 890 roboratas.
522 824 644 890 Datum
670 824 704 890 in
730 824 811 891 uilla
835 827 949 894 Buzad
977 848 1063 896 anno
1091 831 1222 898 Domini

102 927 141 990 ιι
228 927 310 994 LX0.

100 1121 235 1182 (Eredetie
248 1125 425 1195 bb'rbdrtydn,
445 1145 463 1181 a
476 1127 703 1203 hdrtyaasinegan
720 1133 830 1200 suggere
848 1131 940 1200 peccet
952 1134 1092 1197 elvesaett,
1111 1137 1222 1190 abudai

463 1221 513 1271 lrir.
529 1223 653 1278 kamaraci
666 1219 855 1288 levtlttrban.)

528 1505 791 1518 —muu-

99 2133 222 2197 Lo'ru'ucz
232 2131 348 2217 ja'droi
362 2132 503 2197 e'rselorek
519 2155 557 2196 sa.
568 2131 687 2197 Maricas
696 2131 815 2214 jadrae·
830 2134 1047 2218 apdcaezdrda
1057 2136 1216 2222 aaabdlyo·

380 2243 467 2305 adscit
481 2241 637 2324 tcta-quoad
651 2239 808 2304 readelete.
829 2242 925 2306 1260.

197 2435 282 2515 Quia
294 2437 386 2502 iuxta
397 2454 556 2502 canonum
572 2433 757 2502 sanctiones
770 2435 853 2500 bone
869 2433 919 2500 rei
930 2434 1009 2502 dare
1020 2437 1214 2524 consultum,

96 2543 203 2612 etrite
220 2543 382 2630 presentis
398 2543 535 2610 babetur
552 2541 742 2627 subsidium,
768 2548 800 2608 ιι
821 2549 932 2609 ιιιιιι
948 2545 1215 2614 remunerationis

95 2659 265 2738 expectare
282 2651 422 2719 comitur
436 2652 616 2738 premium;
634 2649 753 2718 ideirco
770 2673 829 2718 nos
846 2653 1040 2720 Laurentius
1063 2653 1124 2720 Dei
1141 2673 1214 2738 gra-

95 2765 138 2828 tia
163 2761 335 2830 ledrensis
352 2761 626 2847 Arcbiepiscopus
647 2780 718 2828 eum
738 2767 849 2829 nostro
872 2760 1026 2847 Capitale
1050 2761 1212 2848 uniuerso,

96 2870 327 2938 deliberatione
353 2869 408 2936 diu
424 2870 508 2936 inter
525 2890 585 2938 nos
602 2869 728 2956 habita,
754 2877 786 2937 et
802 2871 1039 2939 communicato
1057 2891 1128 2938 cnm
1145 2875 1213 2959 plu-

95 2982 178 3050 ribus
194 2977 399 3066 sapientibus
425 2985 458 3044 ct
472 2979 636 3062 religiosis
652 2977 731 3044 viris
747 2979 893 3066 consilio,
921 2979 1097 3066 diligenter
1111 2981 1213 3048 eonsi-

95 3089 253 3174 derautes,
266 3095 298 3156 et
308 3087 428 3155 utiliter
438 3085 655 3173 attendentes,
668 3087 753 3174 quod
764 3109 823 3174 per
834 3087 1042 3156 donationem
1053 3073 1112 3157 Ιιιι
1122 3091 1212 3158 obla-

93 3200 208 3281 tionem
222 3196 411 3282 Monasterij
422 3195 533 3263 Sancti
543 3196 673 3265 Nicolai
685 3196 726 3262 de
736 3195 838 3264 Jadra
848 3197 979 3264 Ordinis
989 3199 1100 3265 Sancti
1111 3198 1212 3269 Bene-

95 3309 177 3391 dicti,
194 3307 281 3392 quod
296 3305 475 3373 Abbatissa
491 3311 590 3388 earet,
601 3325 673 3372 oum
689 3305 838 3372 omnibus
849 3306 944 3373 rebus
961 3307 1029 3374 suis
1039 3307 1214 3374 mobilibus

95 3425 122 3484 et
137 3413 365 3499 immobilibus,
393 3434 490 3500 quam
512 3413 662 3480 uniuerso
681 3414 840 3487 moniales
860 3413 1006 3498 ejusdem
1023 3413 1213 3501 Monasterij

20 3541 21 3546 ’
94 3545 170 3610 pura
186 3531 219 3591 ιι
231 3525 287 3610 pia
302 3522 480 3588 intentione
490 3520 532 3588 de
549 3541 707 3590 censensu
721 3530 931 3608 patronorum
948 3522 1051 3608 ipsius
1070 3519 1213 3590 lecerunt

94 3631 266 3700 liberaliter
284 3637 315 3698 ιι
332 3629 448 3698 devote
465 3631 534 3696 Dec
553 3635 584 3696 et
601 3628 716 3696 Ordiui
736 3629 848 3696 Sancti
864 3629 1017 3695 Damiani
1034 3648 1211 3715 pauperum

95 3739 302 3824 dominarum,
329 3759 390 3806 sua
406 3738 502 3804 simul
519 3738 623 3806 eidem
641 3735 754 3804 Ordiui
775 3757 912 3822 corpora
928 3735 1120 3820 offerentes3
1147 3756 1210 3802 nou

94 3849 190 3915 solnm
208 3849 241 3914 in
258 3845 413 3914 Jadrensi
430 3845 609 3932 provincia,
630 3845 688 3912 sed
705 3845 738 3911 in
754 3849 823 3910 tota
839 3843 1007 3910 Dalmatia
1022 3846 1212 3928 procuratur

94 3964 122 4023 ct
145 3955 323 4040 acquiritur
348 3958 415 4020 tam
439 3955 530 4021 salus
556 3974 736 4040 corporum,
763 3971 859 4038 quam
885 3950 983 4016 etiam
1009 3950 1210 4034 animarum

94 4061 266 4148 predictam
292 4061 515 4148 donacionem,
542 4081 600 4129 seu
628 4061 826 4129 oblationem
849 4061 926 4128 totis
952 4055 1059 4124 cordis
1080 4058 1210 4124 visceri-

93 4169 157 4256 bus,
173 4175 278 4236 ratam
295 4175 327 4236 ιι
352 4175 480 4252 gratam
497 4168 663 4254 habentes,
681 4166 863 4255 predictum
880 4167 1112 4234 Monasterium
1137 4184 1211 4232 eum

94 4277 236 4342 omuibus
260 4276 388 4360 juribus
405 4275 482 4358 suis,
509 4281 541 4340 et
558 4275 716 4344 moniales
742 4294 864 4360 omnes,
891 4293 953 4358 que
969 4293 1054 4340 nunc
1077 4278 1161 4358 sunt,
1179 4277 1212 4340 et

94 4405 148 4468 que
163 4385 206 4452 de
223 4391 330 4450 cetero
347 4404 405 4470 per
420 4389 567 4469 tempora
583 4384 711 4469 luerint,
736 4385 779 4449 ab
800 4383 886 4449 omni
899 4380 1135 4466 J'urisdictione,
1152 4399 1211 4448 sen

93 4491 288 4576 subJectione
300 4489 451 4556 duximus
467 4498 626 4578 perpetuo
643 4490 846 4570 eximendae,
867 4489 967 4556 nichil
984 4487 1112 4555 omnino
1125 4487 1210 4572 juris

94 4601 178 4667 nobis
195 4599 229 4666 in
256 4595 370 4664 eodem
386 4598 584 4666 llonasterio
604 4604 818 4666 reservantes.
844 4597 882 4664 ln
899 4597 990 4682 cujus
1016 4592 1210 4682 donationis,
1312 4605 1314 4610 '
