3122 5154
787 303 943 405 -os-

301 504 519 592 portariorum
536 502 646 588 Regis,
672 501 728 567 vbi
743 501 959 567 terminantur
985 505 1070 566 mete
1085 497 1171 565 dieto
1193 505 1288 565 terre.
1314 496 1435 564 Aetum

302 612 344 678 ab
369 609 603 678 Inoamaeione
626 608 758 676 Domini
787 628 873 676 anuo
898 607 1071 674 millesimo
1103 605 1326 673 ducentesimo
1352 604 1438 670 trine

164 707 170 716 ¹
301 719 383 786 simo
400 727 527 786 octauo.

303 917 406 983 (Merop
418 914 520 982 Mihdiy
534 912 634 981 kirirlyi
646 911 817 980 suemblyubk
831 910 898 964 rtltal
912 911 1073 964 hitelasitatt
1088 913 1198 963 156de
1212 907 1322 964 oetavis
1336 907 1431 960 sitiret·

573 1005 627 1067 bol,
641 1020 658 1055 a
669 1004 751 1056 budai
764 1005 814 1055 kir.
828 999 1152 1068 kamaraiievdltdrban)

733 1291 999 1302 —.--—-——

841 1731 897 1800 41.

309 1919 372 1984 Por
382 1917 552 2004 sebervdri
561 1915 698 2002 fdiapdrr
713 1918 745 1980 ea
756 1937 778 1979 a
793 1912 899 2000 ttroty
915 1912 997 1978 attat
1011 1911 1172 1978 titulato
1184 1911 1319 1978 btrdoolr
1335 1915 1443 1980 stetere

309 2025 454 2112 bizonyos
463 2023 703 2111 fistctbr'rrobrot,
719 2046 740 2086 a
755 2019 918 2087 kbrnrendi
933 2020 1085 2106 uerrdepek
1096 2043 1112 2084 r
1123 2021 1214 2086 Besa
1231 2023 1262 2088 ds
1278 2022 1444 2086 drdektdr-

737 2131 788 2194 sui
801 2129 881 2196 teat.
907 2129 1006 2192 1238.

417 2326 539 2393 Paulus
556 2327 672 2394 Comes
689 2321 844 2392 Albensis
860 2324 1009 2390 omnibus
1034 2323 1280 2408 quibuscunque
1303 2345 1443 2412 presens

311 2438 467 2523 seriptum
493 2441 659 2504 ostensum
674 2433 771 2502 tuerit
786 2433 925 2500 salutem
941 2433 975 2498 in
990 2433 1106 2500 salutis
1123 2433 1288 2518 largitore.
1310 2435 1444 2501 Notieie

312 2543 453 2612 omnium
478 2549 546 2610 tarn
562 2541 766 2629 presenoiun
783 2561 880 2624 quam
896 2539 1076 2606 futurorum
1096 2541 1327 2626 significamus,
1351 2542 1446 2625 quod

313 2674 385 2720 eum
401 2673 460 2719 uos
476 2659 630 2736 preeepto
650 2650 774 2718 domini
789 2649 869 2715 Bele
885 2648 983 2734 Regis
999 2655 1119 2716 terram
1132 2651 1323 2736 populorum
1340 2651 1444 2734 Regis

314 2761 355 2826 de
371 2761 452 2826 uilla
463 2757 634 2844 Cuunend,
651 2759 706 2842 qui
722 2758 868 2843 hospites
879 2757 979 2840 Regis
995 2757 1155 2844 dicuntur,
1176 2757 1288 2825 ordine
1302 2758 1443 2844 Judioia-

314 2869 362 2935 rio
379 2867 548 2934 restituere
560 2865 795 2949 debuissemus,
809 2865 897 2932 Buza
907 2871 940 2930 et
951 2863 1149 2948 Alexander,
1167 2865 1295 2951 Oozma,
1308 2865 1444 2947 Miebal,

314 2977 459 3057 Caumer,
485 2971 602 3054 Jacob,
627 2972 737 3038 Endre
761 2972 795 3050 in
820 2979 932 3040 nostra
957 2973 1129 3057 presencia
1153 2977 1273 3038 terram
1304 2973 1444 3038 duorum

317 3089 499 3148 aratrorum
515 3080 555 3146 de
572 3079 701 3166 populis
718 3080 759 3147 de
776 3077 924 3164 predieta
939 3079 1020 3146 uilla
1037 3079 1198 3146 Ourmend
1213 3079 1443 3166 requisierunt,

314 3194 531 3274 proponentes
547 3193 659 3254 eontra
674 3187 814 3274 populos
831 3188 942 3273 sepius
958 3186 1074 3270 diotos,
1092 3187 1179 3270 quod
1187 3193 1309 3253 terram
1325 3205 1442 3252 eorrrm

315 3296 545 3363 hereditariam
569 3296 729 3364 uiolenter
755 3296 949 3364 detinerent.
976 3297 1093 3382 Populi
1109 3317 1187 3363 uero
1211 3295 1253 3362 de
1270 3297 1350 3362 uilla
1366 3294 1448 3361 Cur-

316 3405 412 3472 mend
438 3407 516 3472 uiris
544 3406 821 3491 supranominatis
847 3407 1032 3472 obioiebant
1057 3406 1214 3492 dieentes,
1243 3406 1329 3489 quod
1354 3413 1450 3470 terra

316 3513 384 3598 ilia,
411 3535 508 3597 quam
525 3515 671 3582 homines
697 3513 816 3600 prefati
836 3515 1053 3600 requirebant,
1078 3521 1165 3581 esset
1190 3521 1278 3580 terra
1303 3520 1447 3580 castren-

316 3621 399 3689 sium
416 3621 456 3688 de
481 3621 561 3686 uilla
577 3624 697 3708 Lapsa.
723 3623 764 3689 nt
780 3643 853 3689 oum
869 3643 929 3694 nos
944 3623 987 3689 ad
1013 3631 1133 3690 terram
1149 3625 1259 3708 Lapsa
1278 3623 1448 3710 peruenis-

318 3749 437 3812 semus,
463 3737 496 3795 et
520 3738 639 3797 terram
665 3729 755 3796 illam
771 3731 1010 3818 oireuissemus,
1027 3731 1116 3797 Buza
1132 3737 1163 3796 et
1189 3729 1306 3797 iratres
1323 3730 1373 3796 sui
1391 3750 1448 3797 su·

318 3837 429 3924 parius
445 3837 602 3904 nominati
627 3838 722 3906 uobis
743 3858 857 3906 uersus
882 3844 1001 3905 terram
1018 3841 1130 3924 Lapsa
1151 3858 1289 3922 magnas
1315 3843 1347 3903 et
1363 3841 1451 3904 auti·

318 3965 399 4028 quas
425 3951 528 4012 metas
545 3943 825 4030 demonstrarunt;
851 3948 999 4014 similiter
1016 3955 1048 4012 et
1064 3947 1177 4032 populi
1204 3945 1245 4011 de
1268 3947 1349 4012 uilia
1364 3944 1448 4010 Our-

319 4050 414 4118 mend
430 4072 544 4120 uersus
560 4061 680 4121 terram
691 4054 777 4121 Buze
791 4061 895 4122 metas
906 4053 1178 4137 demonstrarunt,
1195 4052 1254 4120 sed
1270 4053 1359 4120 solas
1376 4073 1447 4119 non

321 4159 422 4224 binas.
440 4162 568 4226 Etcum
584 4181 644 4229 nos
661 4183 721 4248 per
746 4161 1062 4230 demonstraeionem
1078 4164 1246 4244 utriusque
1265 4161 1369 4245 partis
1384 4169 1452 4226 ter·

320 4285 390 4330 ram
405 4265 496 4330 illam
521 4267 794 4354 oireuiuissemus,
820 4270 1047 4336 terramillam
1064 4269 1190 4337 duobus
1217 4268 1336 4334 aratris
1360 4268 1452 4334 suffi-

320 4389 393 4438 eere
408 4372 626 4454 cognorimus.
652 4375 693 4440 nt
709 4375 769 4440 beo
785 4381 855 4441 erat
872 4375 954 4442 inter
970 4375 1091 4442 Buzam
1115 4382 1148 4442 et
1162 4375 1282 4443 iratres
1306 4395 1383 4442 suos
1401 4395 1449 4442 ex

322 4484 414 4563 parte
430 4496 496 4541 una
511 4483 688 4564 oonteneio,
715 4481 803 4565 quod
819 4482 877 4548 itia
892 4489 980 4549 terra
997 4505 1055 4569 per
1070 4491 1174 4550 metas
1192 4503 1305 4551 uersus
1321 4489 1449 4550 terram

321 4587 433 4670 Lapsa
448 4583 585 4666 leuatae,
602 4593 688 4654 esset
702 4586 746 4653 ad
760 4609 854 4654 usum
870 4587 1015 4674 ipsorum
1032 4590 1206 4678 distinata,
1232 4590 1346 4677 populi
1361 4609 1448 4659 uero
