3102 5160
659 917 735 988 llll.

139 1097 434 1184 Antbeosclrercdri
441 1099 654 1187 lca'ptalanaak
669 1095 937 1186 bizoopadpleoela
946 1099 1026 1188 bopy
1041 1126 1079 1167 az
1088 1099 1175 1168 Electa
1190 1104 1252 1168 beta

10 1209 11 1288 l
139 1205 294 1272 &Tameia
321 1206 498 1289 Olanalcfia
512 1207 580 1272 kizo
594 1207 699 1272 Balad
712 1206 849 1272 birtolcra
863 1213 953 1272 adaco
967 1208 1060 1274 kdto'tt
1084 1209 1257 1297 epyozkedrta

487 1314 777 1400 fopaaatcaa'ttatott.
793 1313 891 1378 1248.

450 1510 937 1578 ABOD

239 1687 422 1776 Capitulum
447 1687 594 1755 Ecclesie
610 1688 762 1755 Albensis
778 1689 940 1757 uniuersis
965 1687 1085 1756 Christi
1100 1688 1252 1758 fidelibus

136 1796 336 1880 presentibus
360 1795 484 1883 pariter
512 1801 544 1862 et
567 1795 683 1864 letaris
708 1804 876 1884 presentes
901 1797 1029 1865 litteras
1060 1797 1257 1883 inspecturis

134 1903 266 1970 salutem
283 1905 317 1969 in
330 1903 483 1974 Domino.
500 1904 715 1971 Uninersitati
731 1911 839 1972 nestro
855 1909 967 1973 tenore
980 1906 1185 1990 presencium
1201 1904 1257 1970 du·

133 2011 236 2077 ximus
251 2009 513 2096 significandum,
530 2013 617 2095 quod
632 2011 751 2079 nobilis
770 2011 819 2077 vir
834 2011 928 2078 likcb
944 2013 1066 2098 Banus,
1084 2012 1200 2080 (lomes
1218 2012 1259 2080 de

133 2117 279 2202 Worosd,
306 2118 349 2184 ad
365 2127 512 2188 nostram
531 2119 748 2205 personaliter
774 2119 958 2188 accedendo
982 2121 1187 2207 presenciam
1202 2120 1256 2187 ob·

133 2224 203 2291 tulit
214 2225 311 2294 nobis
327 2227 455 2294 litteras
473 2227 595 2294 domini
611 2227 711 2314 Regis
727 2229 788 2294 sub
801 2228 864 2295 hac
879 2227 1002 2296 forma:

234 2333 305 2401 Nos
320 2336 357 2402 B.
374 2334 437 2400 Dei
452 2335 566 2419 gracia
575 2335 646 2400 Rex
661 2336 828 2422 Huugarie
843 2337 906 2404 stb.
927 2335 1023 2422 (mint
1037 2336 1256 2404 leutebb184.

10 2467 11 2514 t
130 2437 241 2528 aaa)

235 2549 340 2632 Igitur
354 2549 491 2618 termino
516 2550 678 2637 premisso
695 2549 899 2636 adueniente,
924 2549 1013 2616 idem
1029 2549 1123 2616 likch
1148 2551 1258 2618 Banna

132 2661 241 2720 nostre
266 2675 303 2722 se
327 2657 544 2742 personaliter
568 2659 738 2744 presencie
762 2657 980 2745 presentando
1006 2656 1173 2726 consessus
1198 2663 1259 2742 est,

130 2761 235 2829 dictas
251 2763 369 2848 viginti
385 2785 514 2832 marcas
530 2785 589 2852 per
604 2766 762 2832 'lbomam
779 2765 936 2833 Comitem
951 2765 1054 2833 filium
1070 2765 1129 2833 Osl
1143 2784 1259 2832 memo

130 2875 235 2935 ratum
253 2871 317 2936 sibi
333 2872 483 2956 plenarie
498 2872 600 2940 luisse
616 2874 819 2959 persolutas;
846 2873 963 2958 quibus
979 2877 1148 2940 contentus
1170 2879 1259 2937 ante·

131 2973 253 3042 dictum
270 2978 417 3064 predium
433 2977 538 3046 Belud
554 2979 659 3046 eidem
676 2978 802 3046 Thome
823 2977 941 3046 Comiti
956 2985 987 3046 et
1003 2981 1070 3048 suis
1086 2979 1260 3046 heredibus

129 3083 262 3169 reliquit
279 3095 312 3154 et
326 3086 602 3173 restituitinpace
621 3087 656 3156 in
671 3092 862 3175 perpetuam
875 3087 1128 3174 possidendum
1145 3107 1260 3154 renun-

132 3194 225 3260 cians
241 3195 332 3262 omni
346 3193 409 3260 iuri
426 3200 458 3261 et
473 3195 608 3278 accioni,
634 3215 697 3280 quo
713 3194 885 3262 occasione
912 3193 997 3261 dotia
1018 3202 1050 3261 et
1065 3194 1258 3262 iudiciorum

129 3301 353 3388 predictorum
363 3303 552 3388 contingere
563 3303 723 3389 potuisset
738 3303 945 3386 aliquatenus
956 3322 992 3370 sc
1007 3303 1130 3369 moueri
1146 3309 1261 3369 contra

130 3409 170 3476 T.
187 3409 347 3476 Comitem
362 3409 565 3497 sepedictum
580 3411 634 3476 uel
653 3411 799 3478 eiusdem
815 3429 1032 3478 successores.
1060 3408 1145 3487 Quia
1159 3410 1261 3493 igitur

129 3517 212 3583 fines
238 3536 414 3584 cansarum
438 3517 472 3584 in
499 3517 687 3602 ambignum
711 3516 902 3603 plerumque
927 3523 960 3582 et
978 3517 1011 3600 in
1037 3516 1163 3582 irritam
1180 3513 1260 3580 obli·

130 3623 228 3690 aione
243 3625 436 3709 proualente
452 3626 558 3692 solent
572 3623 686 3708 redigi,
714 3623 779 3690 nisi
793 3622 980 3692 testimonio
997 3623 1262 3690 commendentur

129 3731 326 3816 litterarum,
351 3733 426 3800 ideo
441 3738 607 3819 presentes
624 3733 750 3800 litteras
766 3730 869 3816 sigilli
883 3731 986 3822 nostri
1011 3729 1187 3798 munimine
1211 3749 1260 3794 ro-

134 3839 271 3906 boratas
286 3839 330 3906 ad
345 3841 540 3926 peticionem
555 3841 723 3924 utriusque
740 3840 854 3925 partis,
872 3839 996 3932 Thome
1012 3838 1139 3922 Comiti,
1156 3843 1189 3904 et
1204 3858 1262 3923 pcr

134 3965 210 4014 eum
227 3947 296 4015 sais
311 3949 552 4017 successoribus
569 3948 797 4016 concessimus.
814 3949 909 4015 Anno
919 3945 1051 4014 Domini
1066 3946 1111 4010 lb
1122 3943 1262 4012 CO⁰XL⁰

135 4059 265 4139 octauo,
283 4053 395 4138 quinto
409 4054 495 4140 ydus
512 4055 662 4123 Octobris
672 4057 831 4141 Magistro
840 4054 978 4140 Acbylle
993 4053 1139 4120 Ecclesia
1152 4059 1262 4120 nostre

131 4163 324 4248 Proposito,
351 4163 476 4232 Jacobo
501 4161 653 4250 (lentore,
679 4167 765 4230 Aona
792 4161 944 4247 Custode,
970 4161 1105 4246 Matbya
1129 4163 1262 4228 Decano

129 4269 358 4340 existentibus.

132 4451 275 4516 (Eredatia
286 4445 462 4516 noemmin,
474 4465 491 4502 a
502 4446 595 4517 pacate
605 4451 741 4511 elvcsaett,
755 4463 772 4500 a
782 4447 865 4501 budai
875 4449 927 4501 lrir.
937 4449 1061 4503 kamarai
1071 4447 1249 4503 leveltdrban.

1035 4742 1099 4800 18·
