3148 5156
814 305 972 404 4⁴50...

330 521 466 585 magnas
480 501 593 572 silices
609 503 701 571 iuxta
716 521 835 584 aquam
851 500 1006 588 Loponoh
1023 501 1253 589 supradictam,
1276 511 1309 571 ct
1332 505 1380 572 ibi
1397 512 1460 572 ter-

329 609 482 676 minatur.
529 611 573 676 Ut
588 611 688 694 igitur
703 609 800 678 huius
814 608 894 678 sacti
911 610 1013 678 series
1029 612 1126 680 robur
1141 610 1287 697 optineat
1301 618 1461 698 perpetue

328 717 501 804 firmitatis,
519 719 561 786 ad
576 720 771 806 peticionem
788 718 868 786 dicti
886 718 1018 805 Georgij
1046 725 1213 805 presentes
1239 720 1460 788 concessimus

329 823 455 892 litteras
472 825 635 912 dupplicis
651 824 755 910 sigilli
771 825 948 893 munimine
965 825 1146 894 roboratas.
1178 827 1299 894 Datum
1315 846 1376 913 per
1391 848 1460 894 ma·

328 949 390 998 nus
415 932 564 1016 Magistri
592 930 765 1017 smaragdi
789 932 951 1016 Propositi
975 932 1132 1000 Albensis
1157 933 1325 1019 Ecclesie,
1351 935 1461 1002 Electi

330 1039 558 1126 Colocbcnsis,
583 1041 662 1107 aule
697 1045 806 1109 nostre
832 1039 1128 1124 Vlcetloncellarij
1154 1039 1268 1106 dilecti
1293 1047 1325 1108 et
1350 1041 1461 1108 fidelis

329 1149 441 1234 nostri,
474 1171 560 1217 anno
575 1148 709 1218 Domini
724 1151 771 1218 Μο
786 1149 852 1217 00⁰
876 1148 1147 1235 quinquagesimo
1171 1149 1327 1236 septimo,
1353 1149 1461 1233 Regni

328 1264 436 1326 autern
453 1261 557 1326 nostri
573 1280 661 1328 anno
675 1259 829 1330 vicesimo
845 1257 954 1326 torcio.

329 1457 372 1521 (V.
392 1454 485 1509 Istvtin
499 1455 643 1524 kirilynalr
660 1461 770 1514 letoni
793 1461 954 1526 megeriieitb'
977 1456 1224 1526 privilegiumibbl,
1243 1458 1373 1524 molynols
1394 1459 1460 1525 igcn

328 1545 499 1614 megrcngilt
520 1545 668 1615 peldinyit
690 1549 776 1601 velem
799 1555 818 1601 t.
832 1549 918 1615 Ajkas
940 1547 1043 1614 Kinolp
1065 1547 1173 1615 tigyvbd
1195 1547 1226 1600 tr
1248 1547 1460 1614 Szombthelyen

779 1641 856 1692 mes.
879 1636 1008 1710 nerone.)

327 2575 348 2638 1
356 2574 387 2638 V.
405 2575 533 2642 Scindor·
546 2575 698 2661 pupuoal·
714 2576 819 2642 tamea·
834 2574 953 2639 Daniel
976 2575 1113 2658 goliczai
1137 2573 1310 2660 loircilgkoz,
1334 2575 1415 2661 bopp
1439 2598 1459 2638 o

456 2682 612 2748 kolbolilra
634 2684 749 2768 cyphos
765 2682 976 2767 kbsisaeptbez
1003 2679 1205 2756 oiasaaterjec
1229 2679 1326 2748 1257.

434 2879 622 2948 Alexander
638 2880 822 2966 Episcopus
838 2897 951 2947 servus
968 2898 1133 2948 servorum
1149 2877 1214 2946 Dei
1238 2875 1359 2945 dilecto
1385 2879 1458 2946 filio

327 2987 457 3054 Danieli
467 2987 550 3072 Regi
563 2987 683 3055 Russie
699 2973 848 3058 timorem
858 2986 972 3056 Divini
988 2985 1128 3054 nominis
1144 2991 1177 3053 et
1187 3005 1339 3054 amorem.
1366 2986 1459 3054 Inter

330 3096 406 3182 alia,
424 3117 487 3180 que
503 3095 597 3164 nobis
613 3115 655 3164 ex
664 3095 813 3182 injuncto
822 3096 1036 3183 Apostolatus
1047 3093 1236 3162 incumbunt
1251 3093 1370 3181 officio,
1387 3098 1457 3162 ani·

328 3225 452 3271 marum
469 3225 528 3272 nos
542 3205 695 3274 convenit
708 3204 864 3292 precipue
879 3205 1055 3290 invigilare
1072 3205 1184 3288 saluti,
1202 3211 1238 3270 ut
1256 3224 1314 3272 eas
1331 3204 1459 3288 Regum

329 3309 419 3396 Regi,
437 3311 492 3395 qui
508 3331 566 3380 nos
582 3312 724 3398 illarum,
742 3311 820 3380 licet
835 3311 1024 3396 immeritos,
1043 3311 1146 3380 voluit
1155 3331 1286 3396 preesse
1296 3311 1458 3397 regimini,

329 3417 530 3504 lucrifacere,
553 3439 614 3486 sua
629 3419 722 3488 nobis
747 3426 943 3507 cooperante
967 3419 1085 3504 gratia,
1108 3419 1288 3487 valeamus.
1335 3419 1459 3486 Verum

328 3527 485 3611 quianon
502 3534 550 3596 ost
567 3529 637 3597 Deo
648 3536 816 3618 acceptum
832 3529 1033 3614 obsequium,
1059 3527 1147 3613 quod
1163 3527 1235 3596 sine
1250 3526 1315 3594 fide
1330 3533 1457 3614 presta·

328 3643 389 3723 tur,
407 3656 468 3704 nec
483 3638 668 3722 pervenitur
684 3659 817 3726 operum
842 3638 968 3707 edificio
992 3637 1219 3723 adsalutem,
1243 3636 1331 3722 quod
1356 3657 1458 3724 supra

327 3746 512 3814 firmitatem
529 3745 604 3814 fidei
621 3762 685 3814 non
701 3747 877 3834 consurgit,
895 3746 939 3814 ad
955 3745 1201 3834 propagandam
1217 3765 1289 3812 eam
1307 3750 1340 3812 et
1354 3765 1458 3813 corro-

328 3854 508 3924 borandam
523 3855 557 3922 in
574 3857 736 3928 mentibus
752 3858 905 3942 omnium,
921 3864 953 3924 et
968 3855 1159 3942 specialiter
1174 3855 1299 3938 Regum
1315 3859 1348 3922 ot
1364 3855 1458 3922 Prin-

327 3962 446 4050 cipum,
463 3963 645 4030 intentione
663 3970 733 4031 tota
743 3965 895 4050 omnique
904 3964 1137 4049 sollicitudine,
1153 3983 1194 4030 ao
1204 3963 1295 4030 verbi
1306 3967 1339 4030 et
1349 3961 1458 4048 operis

327 4070 476 4140 efficacia
490 4071 643 4139 laborare
658 4071 822 4159 debemus,
839 4079 876 4141 ut
891 4071 1079 4141 Christiana
1095 4069 1252 4155 religione
1276 4069 1378 4137 latins
1395 4070 1456 4137 dif-

325 4181 402 4249 lnse
417 4200 475 4268 per
490 4181 609 4268 orbem,
626 4179 732 4267 patris
748 4181 854 4249 eterni
879 4181 966 4249 filius
991 4179 1221 4268 multiplicatis
1246 4177 1458 4248 servitoribus

326 4289 457 4374 plenius
472 4287 656 4358 honoretur.
682 4290 769 4358 Sane
786 4297 821 4358 tu
838 4290 916 4358 olim
932 4289 1069 4376 cupiens
1088 4288 1130 4356 sla
1144 4287 1351 4356 infidelitatis
1367 4295 1458 4357 tene-

327 4396 407 4481 bris,
432 4417 494 4482 que
518 4404 692 4484 postquam
718 4399 818 4466 etiarn
843 4405 977 4468 renatus
1009 4397 1099 4466 luisti
1123 4396 1214 4464 fonte
1237 4394 1460 4485 baptismatis,

328 4503 439 4570 oculos
455 4510 510 4571 tue
524 4506 643 4574 montis
658 4507 873 4593 involverant,
897 4508 941 4575 ad
957 4507 1067 4576 lumen
1083 4503 1249 4574 Gatbolicc
1263 4503 1359 4590 fidei,
1386 4508 1460 4575 sine

328 4628 393 4693 qua
407 4629 502 4676 nemo
517 4611 663 4681 salvatur
671 4663 681 4698 ,
708 4622 741 4680 et
765 4613 809 4680 ad
824 4613 1043 4684 obedientiam
1057 4611 1203 4681 Ecclesie
1217 4613 1374 4700 Romane,
1392 4635 1459 4682 non
