3148 5156
585 319 694 417 -.453
721 412 742 420 -

201 516 268 582 Nos
295 515 578 602 CbnlrMagister
603 517 861 586 Tanarnicornm
887 517 1008 586 domiui
1043 521 1144 607 Regis
1168 521 1229 590 stb.

105 621 190 708 (mint
205 624 308 692 altbb
328 626 403 694 328.
420 643 465 692 sa.
481 644 511 692 a.
527 625 540 710 )

202 733 283 800 (inm
299 733 400 818 igitur
415 731 509 800 iustis
534 731 750 818 peticionibus
773 733 975 802 subditorum
1000 737 1045 803 sit
1068 736 1230 824 Principis

107 841 226 908 animus
242 840 468 908 innutabiliter
483 840 702 925 inclinandus,
718 846 753 907 nt
765 838 869 924 ijdem
884 842 941 928 lilij
969 843 1083 929 Heym,
1110 850 1143 910 et
1168 844 1227 928 tilij

107 947 220 1036 Gbeyrl,
237 967 278 1016 ac
294 949 425 1036 cogunti
441 967 551 1016 eornm
576 949 691 1016 Castro
716 951 843 1036 possint
858 948 1026 1019 honestius
1051 951 1226 1036 desernire,

105 1065 213 1126 terram
231 1058 377 1146 ipsorum
394 1055 625 1126 bereditarium
641 1057 834 1126 existentem
850 1059 942 1126 innata
968 1059 1098 1145 llarlru,
1114 1078 1228 1128 secun·

104 1167 169 1235 dnm
183 1172 330 1236 tenorem
346 1164 579 1254 presriptarnm
594 1167 777 1233 litterarum
793 1165 942 1250 Magistri
957 1168 1015 1234 Oh.
1036 1173 1069 1234 et
1084 1167 1121 1234 ll.
1149 1167 1225 1234 Pre-

104 1274 193 1361 positi
208 1271 446 1342 restituendam
461 1270 623 1358 dmimus,
639 1279 671 1338 et
697 1274 817 1340 nostris
842 1273 961 1342 litteris
983 1273 1093 1360 sigillo
1118 1281 1228 1344 nostro

104 1379 215 1469 duplici
230 1380 401 1468 impressis
416 1387 575 1469 perpetuo
591 1380 853 1450 confirmandam.
878 1382 999 1450 Datum
1025 1401 1084 1471 per
1110 1403 1226 1454 manus

104 1489 241 1575 Magistri
267 1487 444 1574 Smaragdi
468 1489 621 1558 Albensis
644 1489 792 1557 Ecclesie
817 1490 977 1576 Prcpositi
1004 1491 1079 1561 unlo
1113 1499 1226 1586 nostre

104 1599 397 1687 tuce-cancellarij,
414 1597 518 1666 Electi
534 1599 568 1666 in
584 1597 875 1684 Arcbiepiscopnm
892 1600 1101 1669 Ooleeensem
1116 1601 1227 1670 dilecti

103 1714 130 1774 ct
143 1705 246 1776 tidelis
260 1707 374 1792 nostri,
391 1725 478 1775 anno
493 1707 624 1776 Domini
640 1707 813 1776 millesimo
829 1707 1049 1778 ducentesimo
1065 1712 1223 1796 quinqua·

104 1818 217 1899 gesimo
233 1817 382 1903 septimo,
399 1822 516 1884 ocmno
531 1814 607 1884 idus
632 1815 724 1904 Julij,
750 1815 855 1901 Regni
880 1824 988 1886 antem
1013 1819 1114 1887 nostri
1140 1837 1227 1886 amno

104 1923 247 1994 uicesimo
262 1923 413 1994 secundo.

104 2122 233 2188 (Erecletic
246 2121 423 2192 blirhlrtytm
435 2125 551 2192 melyrb'l
564 2141 581 2176 a
594 2122 685 2192 kirtly
697 2123 875 2192 pccsetjbnelr
888 2125 1018 2180 tbredblre
1031 2129 1091 2182 atltl
1112 2127 1226 2196 selyem·

282 2215 410 2270 cembron
423 2217 500 2284 ltlgg,
513 2232 530 2268 a
543 2216 625 2270 budei
638 2216 688 2267 kin.
703 2216 827 2267 lrnmarai
840 2215 1028 2286 lereltlrban.)

528 2483 794 2496 m*-

104 3115 153 3178 IV.
167 3118 246 3186 Buta
261 3117 366 3204 birulp
391 3117 519 3184 monson
543 3139 652 3199 cumen,
679 3145 701 3186 c
730 3114 906 3186 &meme-i
929 3119 988 3183 onir
1006 3117 1229 3205 jootctpynnan

303 3225 464 3293 birtukdrn
479 3227 570 3293 muzus
584 3227 778 3312 butdryrindot
791 3237 899 3294 tnrtnt
916 3230 1013 3294 1257.

202 3426 283 3492 Bcla
308 3425 372 3492 Dci
395 3423 509 3511 grauia
534 3425 714 3510 Hungarie,
740 3425 918 3510 Dalmacie,
944 3425 1092 3513 Oroecie,
1117 3427 1228 3511 Rome,

107 3532 215 3618 Seruio,
231 3534 382 3619 Gallicis,
398 3531 600 3619 Lodomcrie,
612 3534 833 3620 Gnmenieqnc
851 3539 921 3603 Rex
937 3537 1093 3620 omnibns,
1110 3538 1228 3620 quibus

107 3651 260 3724 presentes
275 3642 493 3729 ostendentur,
514 3643 658 3712 salutem
682 3643 716 3710 in
741 3646 885 3712 omnium
909 3645 1085 3714 selnetore.
1120 3643 1226 3731 Officii

111 3751 199 3817 nostri
215 3750 361 3820 debitum
378 3751 531 3838 remedijs
547 3751 700 3837 inuigilat
715 3753 942 3839 subiectorum,
958 3752 1036 3837 quia
1051 3751 1127 3820 dnm
1152 3773 1227 3821 con-

111 3859 240 3928 cedimus
265 3859 354 3946 qnod
378 3862 567 3948 postulant,
603 3861 680 3928 dnm
705 3863 934 3929 confirmamus
959 3861 1046 3948 quod
1079 3859 1228 3946 optinent

107 3963 340 4055 (igy„optunt“
354 3967 505 4056 helyett),
522 3988 581 4038 nos
606 3969 640 4036 in
665 3969 808 4054 ipsorum
837 3968 945 4056 qniete
971 3969 1168 4054 quiescimus
1193 3975 1227 4036 et

110 4073 241 4147 louemnr
266 4079 300 4146 in
326 4097 419 4166 pace.
434 4077 577 4146 Proinde
591 4078 635 4150 ad
652 4079 873 4148 uniuersorum
899 4079 1053 4148 noticiam
1077 4080 1227 4150 volumus

109 4188 272 4268 peruenire,
289 4185 375 4273 qnod
394 4207 466 4256 cum
482 4193 558 4274 post
572 4206 737 4258 recessum
762 4190 973 4258 Tartarornm
998 4187 1042 4256 ad
1066 4187 1229 4272 quoslibet

107 4289 267 4361 Comitatus
283 4314 344 4382 pro
369 4293 565 4364 renouandis
589 4295 716 4364 iuribus
742 4297 850 4365 (lustri
877 4293 1022 4364 indebite
1046 4296 1228 4382 occupatis,

107 4394 238 4470 diuersus
253 4399 378 4471 indices
403 4401 625 4490 misissemus,
652 4405 738 4473 inter
762 4411 871 4474 cetera
896 4405 941 4472 ad
966 4405 1162 4473 Comitatum
1187 4403 1229 4472 de

108 4505 277 4578 Gersencbe
293 4511 423 4580 fidelem
439 4518 585 4582 nostrum
600 4513 793 4600 Magistrum
809 4513 905 4582 Ohak
920 4515 1107 4583 Munitorum
1124 4513 1227 4581 -dnxi-

110 4631 168 4683 mus
182 4619 474 4708 transmittendum,
491 4618 608 4690 dentes
623 4621 686 4690 sibi
702 4623 735 4690 iu
752 4623 927 4709 mandetis,
943 4629 978 4689 nt
994 4629 1027 4692 cl
1051 4631 1164 4706 terras,
1189 4643 1229 4692 ac
