3102 5160
590 307 749 409 „put-

116 502 336 590 possitlcndum
355 537 992 554 -----------
1015 504 1110 572 nobis
1134 506 1232 574 firmi-

114 619 157 676 ter
171 608 317 678 ordiuata
340 609 374 675 ln
390 610 506 695 elapsu
521 615 702 695 temporum
729 615 796 675 tam
813 610 1033 697 perseniam,
1060 633 1158 698 quam
1173 633 1232 700 per

111 714 317 800 heredumque
332 734 558 799 successores,
575 721 687 801 posset
700 713 734 780 in
753 713 896 782 deterius
912 717 1102 803 subrumari,
1119 719 1172 786 litt
1188 756 1232 766 —

112 858 381 872 -----
396 821 575 890 munimine
599 821 750 888 duximus
771 821 1012 909 imperpetuum
1032 825 1232 894 communiri.

111 930 222 996 Datum
248 929 290 995 ab
316 928 551 996 Iucarnacione
566 928 699 996 Domini
723 925 1042 1017 M⁰cc⁰xn⁰vn1⁰‚
1058 933 1093 999 in
1117 940 1235 1001 octava

12 1013 13 1062 ³
112 1035 292 1104 rastrum
307 1031 411 1104 neate
426 1035 572 1123 virginis
588 1073 987 1088 -------

188 1251 233 1316 (Aa
247 1251 351 1303 erodeti
364 1248 432 1303 utin
445 1248 516 1303 Rath
527 1248 630 1317 litlroly
642 1253 731 1304 Huzai
745 1251 917 1321 Olruntinytar
929 1255 976 1307 1v.
991 1257 1046 1307 truc
1060 1260 1102 1309 3⁶2.
1117 1257 1147 1324 l.)

622 2160 700 2227 luo.

12 2401 13 2420 2
104 2363 149 2425 tiz
174 2363 359 2447 eezmrqomi
382 2359 596 2446 kdptulcrtnolt
620 2360 894 2446 bizonpscipleuele,
926 2362 1008 2448 kopp
1037 2364 1229 2428 Oudai-uncle

89 4155 152 4219 hoc
169 4171 230 4238 pro
246 4150 332 4218 bono
348 4149 440 4235 pacis
456 4156 488 4216 ct
504 4169 616 4218 amore
632 4150 702 4234 filij,
720 4157 755 4216 ut
770 4149 845 4234 ipsa
861 4169 933 4214 cum
954 4148 1068 4216 codem
1079 4147 1225 4235 predicto

12 4257 13 4332 l
88 4262 168 4343 filio,
194 4265 227 4326 et
242 4257 329 4326 lilius
354 4277 428 4325 cum
452 4256 568 4326 eadem
593 4257 729 4344 pacifice
755 4263 787 4323 et
810 4256 881 4322 sine
906 4256 1018 4339 aliqua
1046 4255 1227 4326 offensione

88 4374 204 4452 posset
230 4365 436 4433 commorari.
467 4365 537 4432 Nos
562 4365 662 4450 igitur
686 4363 729 4430 ad
753 4362 949 4430 instanciam
975 4371 1008 4430 et
1031 4362 1225 4449 peticionem

12 4449 14 4572 l
87 4472 238 4543 eiusdem
254 4471 397 4558 domine,
422 4472 565 4540 filiosuo
590 4470 778 4558 supradicto
796 4471 925 4537 Andros
941 4470 1069 4537 litteras
1094 4478 1225 4540 nostras

85 4581 329 4651 testimoniales
355 4580 575 4648 concessimus
601 4579 702 4666 sigilli
717 4577 820 4645 nostri
845 4577 1020 4644 munimine
1036 4577 1220 4646 roboratas.

103 2469 186 2533 Peter
210 2468 366 2534 conscende
391 2472 519 2553 izceyye
544 2467 689 2531 tithei-ere
713 2473 802 2533 metue
827 2468 860 2532 lo·
883 2470 946 2534 uolt
969 2470 1102 2554 elepitce.
1129 2469 1227 2533 1248.

365 2661 1031 2764 Auen·

204 2861 264 2930 Ph.
281 2859 472 2946 Propositus
488 2867 520 2925 et
537 2856 726 2944 Capitulum
748 2857 982 2944 Strigoniensis
998 2861 1145 2928 Ecclesia
1161 2882 1226 2929 om·
1332 2908 1336 2914 ·

98 2969 191 3038 nibus
208 2974 378 3056 presentes
402 2967 531 3035 litteras
548 2966 744 3052 inspecturis
770 2965 911 3034 salutem
935 2967 970 3033 in
986 2967 1125 3037 Domino
1145 2969 1226 3036 Jesu

97 3077 239 3144 Christo.
266 3073 396 3142 Noticic
412 3075 556 3142 omniurn
572 3081 685 3140 tenore
710 3073 915 3158 presencium
939 3072 1091 3144 duximus
1107 3073 1226 3160 signifi·

96 3184 247 3266 candum,
272 3181 359 3268 quod
376 3181 509 3248 domina
525 3179 726 3248 Ondurnuch
743 3179 878 3249 Comitis
895 3180 935 3246 de
951 3200 1071 3266 genere
1087 3182 1225 3269 (inpiam,

95 3293 211 3358 relicta
226 3289 317 3356 Petri
330 3288 465 3356 Comitis
480 3288 540 3374 filij
550 3289 672 3372 Fnurh‚
689 3289 724 3354 in
739 3294 852 3356 nostre
868 3287 1226 3376 constitutapresencia

93 3397 268 3486 proposuit
283 3406 316 3465 et
332 3397 483 3466 confessa
499 3405 557 3482 est,
586 3395 673 3482 quod
689 3397 793 3466 atilio
809 3415 868 3464 suo
885 3397 1019 3464 Andrea
1044 3417 1154 3466 coram
1170 3421 1224 3468 no·

94 3510 141 3575 bis
158 3515 238 3573 tunc
253 3512 414 3590 presente,
432 3525 527 3590 quem
543 3503 585 3571 de
601 3503 715 3574 eodem
724 3505 821 3571 Petro
838 3502 963 3572 Comite
976 3513 1145 3590 genuerat,
1163 3527 1225 3593 pro

93 3616 169 3681 dote
183 3631 248 3678 sua
261 3613 384 3698 recepit
400 3611 571 3680 duodecim
598 3630 725 3678 marcas
741 3612 881 3698 argentj‚
907 3621 939 3678 et
955 3612 1119 3680 residuum
1136 3613 1224 3681 debi-

91 3724 124 3806 tj‚
155 3719 191 3786 in
201 3737 267 3802 quo
283 3717 461 3786 secundum
479 3717 585 3803 Regni
601 3717 868 3786 consuetudinem
882 3739 941 3804 pro
953 3719 1028 3787 dote
1046 3741 1107 3789 sua
1117 3720 1224 3786 eidem

91 3829 278 3911 tenebatur,
304 3825 487 3893 liberaliter
511 3833 612 3892 totum
633 3827 769 3892 remisit.
795 3827 846 3892 lta
861 3834 980 3912 tamen,
1007 3829 1093 3910 quod
1120 3847 1224 3912 neque

91 3938 182 4002 dicta
207 3934 350 4017 domina,
376 3954 438 4001 nec
453 3934 574 4019 aliquis
601 3934 641 4002 de
655 3933 907 4018 consanguineis
932 3933 1078 4000 eiusdem
1102 3933 1225 4002 dictum

90 4043 259 4111 Andrean
275 4062 335 4129 pro
352 4041 429 4108 dote
445 4043 634 4128 supradicta
650 4043 762 4108 valeat
772 4043 973 4126 inposterum
985 4042 1167 4108 molestare.
1185 4043 1227 4108 Et
1249 4119 1253 4128 Ι
