3102 5160
631 901 707 972 iso.

100 1083 122 1147 Ι
127 1083 164 1148 V.
179 1085 255 1151 Be'ln
269 1085 449 1174 mpod,
465 1109 486 1151 a
502 1085 644 1172 Mykolns'
658 1085 770 1151 osaldd
788 1084 915 1172 Mykola
930 1086 1062 1152 62⁶2st
1078 1086 1229 1171 tcirpyazd

488 1195 721 1280 podopiomm
736 1189 833 1258 1247.

203 1387 273 1457 Nos
287 1387 408 1458 Comes
424 1387 582 1458 Nicolons
598 1388 641 1456 de
650 1389 738 1456 Zeoh
753 1387 861 1458 Jndex
878 1388 975 1459 Curio
990 1389 1112 1458 domini
1126 1388 1228 1459 Lodo-

93 1498 159 1564 niei
174 1493 237 1564 Dei
263 1495 378 1584 gnosio
393 1497 495 1584 Regis
510 1496 691 1583 Hungasie,
717 1496 962 1581 comitatusque
978 1497 1020 1568 de
1039 1497 1170 1566 Turonis
1185 1506 1228 1566 ne-

91 1626 178 1674 nens
193 1607 362 1693 honorem,
378 1605 496 1674 domos
512 1625 572 1693 pro
588 1605 757 1694 memoris,
774 1606 861 1692 qnod
876 1626 949 1675 enm
965 1607 1057 1674 iuxta
1065 1605 1228 1675 eontinen-

91 1713 179 1780 oism
196 1713 343 1800 priorum
358 1713 541 1782 litterarum
557 1719 742 1783 nostrorum
758 1714 889 1782 modnm
906 1720 939 1782 et
954 1714 1091 1783 formam
1110 1712 1227 1800 jndioij

89 1823 198 1890 nostri
212 1822 482 1910 exprimenoium,
499 1821 649 1891 Andreas
666 1822 752 1890 filins
767 1823 854 1891 Petri
874 1821 916 1890 de
931 1822 1066 1909 iiykols
1090 1821 1124 1888 in
1140 1821 1227 1890 facto

89 1931 242 2000 eiusdem
268 1932 487 2019 possessionis
512 1953 571 2002 sne
586 1931 723 2020 Mykolo
739 1939 856 2000 voeste
880 1933 923 2000 ab
938 1953 1015 2021 uno,
1035 1938 1069 2000 et
1082 1931 1227 2000 Briooins

89 2041 132 2109 de
147 2039 290 2110 Zondon
304 2041 339 2107 in
355 2061 490 2110 oausam
506 2047 664 2110 attractos
689 2041 840 2110 similiter
854 2041 888 2109 in
904 2040 991 2110 isoio
1006 2041 1226 2128 possessionis

87 2146 243 2236 predicte
259 2147 394 2218 Zondou
409 2150 576 2218 nominate
591 2151 809 2219 instromenta
825 2169 937 2219 eorum
952 2155 1066 2220 eontra
1081 2167 1156 2217 sese
1173 2169 1225 2216 ex-

86 2257 209 2323 hibere
232 2255 423 2326 debuissent
447 2277 558 2327 eoram
576 2259 691 2346 nobis3
721 2257 855 2326 tandem
880 2259 952 2346 ipso
975 2258 1114 2327 termino
1129 2255 1225 2324 edue-

83 2365 203 2432 niente
217 2365 283 2432 stb.
299 2401 343 2415 -
358 2403 402 2414 -
418 2403 461 2418 -
477 2398 521 2416 -·-
535 2367 640 2456 primo
656 2366 743 2434 idem
758 2365 909 2435 Andreas
935 2364 1100 2451 quoddam
1126 2363 1223 2450 prini-

82 2475 216 2558 ieginm
231 2473 436 2542 Serenissimi
453 2475 614 2564 Prinoipis
628 2471 751 2545 domini
766 2475 845 2544 Belo
860 2475 951 2566 olym
966 2472 1107 2541 Illnstris
1122 2471 1223 2557 Regis

80 2581 264 2667 Hnngerie
287 2582 376 2649 clare
401 2583 567 2669 memorie,
599 2603 701 2652 norea
725 2603 786 2652 sno
810 2584 902 2652 bullo
927 2579 1164 2666 oonsignatum,
1189 2578 1225 2645 in

79 2711 174 2757 anno
186 2688 322 2757 Domini
336 2690 382 2757 ΒΡ
392 2690 458 2759 00⁰
467 2689 540 2758 XI»⁰
555 2689 695 2777 septimo
710 2691 795 2759 inter
804 2697 914 2760 oeteis
930 2690 964 2758 in
973 2689 1061 2758 festo
1079 2685 1225 2774 predicte

77 2797 309 2885 possessionis
325 2797 461 2884 Mykola
486 2805 672 2868 emanatom
689 2806 722 2868 et
737 2799 921 2868 oonieetnm
945 2797 1041 2867 nobis
1057 2803 1223 2884 presenta-

75 2907 135 2974 nit
154 2909 367 2993 Demnmqne
382 2906 528 2994 prefatus
543 2907 689 2977 Briooins
706 2907 868 2997 quosdam
891 2905 1019 2975 litteras
1035 2903 1221 2993 priuilegia·

73 3015 124 3082 Ies
136 3013 292 3102 Capituli
303 3013 452 3082 Eoolesie
463 3016 652 3102 Nytrinnsis
662 3018 696 3085 in
709 3037 795 3086 snno
806 3014 942 3084 Domini
956 3016 1002 3082 ΒΡ
1012 3012 1104 3082 000⁰
1114 3011 1223 3079 XXX⁰

72 3123 225 3210 septimo
252 3121 419 3190 oonieotos
446 3123 696 3194 demonstrsois.
726 3123 950 3214 (Elhslesztis
974 3122 1009 3208 nj
1034 3119 1221 3208 idezdssel.)

71 3233 204 3300 Datum
221 3230 257 3298 in
273 3229 437 3317 Visegrsd
463 3239 579 3303 octauo
604 3233 659 3303 die
677 3233 807 3302 termini
834 3229 999 3322 prenotati
1013 3248 1044 3296 o.
1062 3229 1103 3297 D.
1123 3227 1220 3297 1356.

253 3428 393 3496 (Eredstio
407 3433 522 3500 papiron
536 3449 553 3486 s
565 3433 649 3488 budsi
661 3433 713 3488 kir.
728 3433 850 3485 komnroi
863 3425 1054 3494 lsvdltdrbsn.)

512 3717 782 3728 ..η-*-
