3112 5148
788 275 946 378 ..n-0*

306 490 378 538 mus
394 475 538 540 statuere
553 469 638 539 inter
652 469 752 556 ipsos.
775 471 845 538 Nos
862 489 941 539 vero
957 471 1169 558 perserutatis
1179 471 1270 558 prius
1286 471 1441 540 volunta·

306 575 394 646 tibus
414 584 448 644 et
472 574 710 645 intentionibus
733 583 952 662 utrorumque,
980 577 1093 646 habitu
1118 577 1203 646 inter
1228 598 1289 646 nos
1316 579 1441 648 frares

307 685 459 770 diligenti
474 691 626 770 tractatu,
652 684 714 752 boc
728 685 876 755 velumus
893 691 926 752 et
941 684 1138 771 precipimus
1158 685 1219 754 sub
1236 685 1347 754 debite
1363 705 1438 772 pre·

308 793 377 862 stiti
392 793 575 878 iuramenti,
593 799 626 860 et
639 791 814 860 statuimus
830 793 892 859 sub
905 791 1173 862 interminacione
1188 793 1334 861 subiecte
1349 812 1441 878 pene

306 903 458 988 partibus
474 901 599 984 absque
615 901 704 970 omni
727 901 992 970 contradictione
1007 909 1040 968 et
1054 901 1294 971 reclamacione
1314 901 1349 968 in
1364 919 1437 988 per·

307 1017 442 1096 potuum
457 1008 708 1076 obseruandum.
734 1008 886 1094 Inprimis
903 1027 981 1093 erge
999 1009 1150 1076 volumus
1170 1015 1204 1076 et
1227 1008 1440 1096 precipimus,

308 1117 435 1186 utvilla
449 1117 492 1184 de
501 1116 621 1202 Ostrog
637 1136 710 1183 cum
726 1115 879 1182 omuibus
890 1115 959 1182 suis
973 1117 1187 1202 pertinenciis
1202 1123 1319 1184 etcum
1334 1116 1439 1182 omui·

310 1227 371 1293 bus
388 1224 614 1294 adiacentibus
630 1225 725 1296 terris
741 1224 784 1292 sit
798 1223 833 1290 in
845 1224 901 1308 Jus
917 1221 1004 1310 (igy)
1021 1231 1055 1292 et
1069 1225 1271 1310 proprietate
1286 1223 1442 1292 Ecclesia

307 1333 420 1401 Sancti
434 1333 578 1418 Domnij‚
594 1333 643 1399 ita
657 1330 745 1418 quod
760 1338 864 1399 toturn
879 1330 1005 1416 integre
1020 1331 1200 1416 possideat,
1222 1330 1309 1398 sicut
1323 1349 1440 1416 posse·

308 1439 357 1506 dit
372 1447 518 1526 tempore
534 1440 575 1506 (l.
592 1438 841 1526 Archiepiscopi
857 1457 961 1523 usque
978 1437 1022 1504 ud
1040 1439 1217 1506 aduentum
1238 1435 1362 1504 domiui
1379 1439 1443 1504 lte-

308 1546 360 1632 gis
386 1547 466 1614 Bele
491 1546 589 1614 nullis
613 1547 799 1633 privilegijs
824 1566 882 1614 seu
897 1547 1121 1614 instrumentis
1145 1544 1439 1634 preiudicantibus,

311 1660 468 1740 quantum
483 1653 518 1720 iu
533 1654 596 1722 hoc
620 1654 727 1721 eidem
742 1653 888 1720 Ecclesia
907 1653 939 1719 in
956 1659 1158 1739 perpetuum.
1185 1651 1251 1720 Sed
1268 1652 1346 1737 quia
1359 1652 1442 1719 olim

312 1761 439 1844 questio
455 1760 517 1828 fuit
542 1762 626 1830 inter
641 1762 824 1829 Ecclesiam
841 1761 1070 1846 Spalatcnsem
1085 1767 1119 1826 et
1136 1759 1300 1826 civitatem
1316 1759 1442 1842 Tragu-

311 1871 452 1936 ricusem
477 1889 575 1955 super
599 1869 795 1936 territorium
820 1866 862 1934 de
877 1867 972 1934 Biaci
996 1875 1030 1934 et
1044 1865 1157 1934 Sancti
1177 1866 1306 1950 Vitalis,
1332 1865 1441 1952 ipsam

314 1976 518 2057 questionem
542 1974 753 2060 relinquimus
778 1973 1005 2042 indiscussam.
1023 1975 1106 2040 Item
1122 1973 1283 2056 uolumus,
1308 1978 1344 2038 ut
1359 1974 1441 2040 'Pra-

316 2081 485 2168 gurienses
502 2082 627 2148 nullum
642 2081 807 2148 inimicum
824 2081 1067 2166 Spalatensium
1082 2079 1250 2166 recipiant,
1266 2079 1441 2166 retineant,

316 2188 386 2258 siue
401 2185 535 2254 foveant
550 2209 609 2274 per
633 2208 669 2256 se
685 2189 737 2255 vel
753 2207 812 2274 per
828 2187 928 2254 alium
945 2187 1033 2274 apud
1047 2208 1084 2270 se
1099 2185 1284 2254 molientem
1299 2185 1443 2252 insidias

312 2298 366 2364 vel
394 2294 585 2364 intercutem
610 2295 753 2383 dampna
777 2295 1047 2382 Spalatensibus;
1079 2303 1113 2362 et
1137 2293 1197 2362 hec
1222 2293 1339 2361 eadem
1366 2293 1442 2378 pari

315 2411 429 2470 tenore
443 2403 655 2489 spalatenses
672 2401 1131 2487 observareTraguriensibus
1151 2407 1332 2470 teneantur.
1357 2401 1442 2466 Item

313 2513 474 2596 volumus,
491 2519 647 2579 utomnea
658 2519 744 2578 terre
759 2510 1014 2597 patrimoniales,
1032 2529 1095 2593 que
1105 2518 1181 2598 sunt
1196 2510 1280 2576 iuter
1297 2507 1443 2576 coutiuiu

314 2619 524 2704 Spalatensia
540 2626 573 2686 et
586 2617 821 2704 liuguriensia
845 2617 1057 2684 restituantur
1084 2615 1223 2691 dominis
1242 2614 1310 2682 suis
1337 2615 1444 2682 saluis

316 2723 504 2792 rationibus
530 2725 709 2792 debitorum
725 2727 779 2792 vel
795 2725 988 2793 societatum
1013 2724 1048 2790 iu
1063 2725 1310 2809 quibuscunque
1332 2723 1443 2805 rebus,

316 2849 381 2912 que
396 2831 506 2899 omnia
521 2849 581 2899 suo
605 2831 720 2899 ordine
735 2832 787 2898 vel
799 2832 875 2916 jure
890 2832 1077 2899 decurrant
1102 2832 1217 2898 Adhuc
1233 2831 1388 2915 volumus,
1407 2835 1446 2895 ut

317 2937 429 3004 omnia
443 2936 588 3022 dampna
601 2939 731 3020 utrique
746 2938 832 3024 parti
848 2957 1053 3024 quocumque
1069 2935 1166 3006 modo
1182 2937 1288 3020 illata,
1308 2935 1378 3003 siue
1394 2935 1446 3001 in·

316 3042 399 3108 iurie
414 3043 586 3112 commisse
600 3043 740 3111 invicem
764 3043 978 3133 dimittantur,
1004 3046 1074 3113 siue
1090 3046 1126 3112 in
1151 3045 1346 3130 hominibus,
1372 3042 1447 3110 siue

317 3150 350 3216 in
367 3153 475 3235 rebus,
500 3161 533 3217 et
547 3173 724 3236 numquam
748 3153 855 3238 possit
870 3153 912 3219 de
928 3161 1035 3221 cetero
1051 3173 1073 3220 a
1095 3151 1245 3239 partibus
1269 3171 1366 3238 super
1389 3149 1446 3216 his

318 3255 446 3342 questio
471 3259 635 3325 concitari.
663 3258 764 3326 Salua
779 3259 813 3325 in
830 3261 991 3329 ‘omnibus
1017 3259 1175 3328 fidelitate
1200 3266 1233 3326 et
1255 3258 1450 3327 reuerentia

320 3363 447 3431 Corone
462 3365 568 3449 Regni
583 3363 758 3450 Hungarie.
778 3366 824 3433 Ut
840 3375 950 3434 autem
964 3369 1027 3434 hec
1042 3375 1167 3436 statuta
1182 3367 1331 3434 salubria
1345 3365 1451 3433 robur

320 3479 477 3557 perpetue
492 3472 662 3540 obtineant
672 3473 843 3558 firmitatis,
861 3477 1022 3559 volumus,
1039 3483 1075 3541 ut
1091 3493 1284 3560 quecunque
1297 3471 1450 3560 parcium

319 3576 473 3645 rebbellis
498 3586 531 3644 et
547 3578 741 3646 inobediens
768 3581 844 3647 huic
860 3581 1093 3669 composicioni
1112 3581 1266 3664 extiterit,
1290 3577 1451 3647 iaciendo

319 3689 434 3752 eontra
458 3685 607 3772 predicta
631 3688 684 3754 vel
708 3687 843 3773 aliquod
867 3691 1104 3775 predictorum,
1136 3697 1285 3756 teneatur
1315 3687 1452 3757 nomine

319 3811 404 3878 pene
420 3793 547 3861 soluere
574 3794 730 3862 ducentas
752 3815 883 3864 marcas
898 3798 1038 3882 argenti,
1063 3797 1222 3864 medietas
1238 3815 1376 3882 quarum
1402 3795 1452 3862 ad

320 3899 525 3969 obedientem
535 3913 662 3989 partem
676 3901 837 3989 deveniat,
855 3905 961 3972 altera
970 3904 1129 3972 medietas
1138 3905 1218 3972 fisco
1229 3903 1329 3988 Regis
1340 3903 1452 3990 appli-

321 4015 428 4093 cetur,
446 4017 479 4076 et
494 4031 581 4096 pena
599 4011 706 4080 soluts
721 4011 930 4080 nihilomiuus
946 4012 1169 4100 suprascripta
1191 4011 1301 4079 omnia
1316 4029 1454 4096 semper

320 4109 415 4180 tirma
432 4119 497 4184 sint
512 4125 545 4186 et
559 4127 643 4188 rata.
668 4121 713 4188 Ut
728 4127 838 4188 autem
853 4118 913 4186 hec
929 4119 1039 4187 omniu
1058 4121 1191 4188 valeant
1214 4116 1455 4184 inviolabiliter

324 4217 501 4308 observari,
519 4223 639 4308 sigillis
649 4225 817 4309 utriusque
827 4227 930 4311 partis
947 4233 1130 4312 presentem
1141 4225 1298 4311 paginam
1311 4223 1455 4291 fecimus

321 4328 522 4394 communiri.
