<?xml version="1.0" encoding="UTF-8"?>
<!DOCTYPE html PUBLIC "-//W3C//DTD XHTML 1.0 Transitional//EN"
    "http://www.w3.org/TR/xhtml1/DTD/xhtml1-transitional.dtd">
<html xmlns="http://www.w3.org/1999/xhtml" xml:lang="en" lang="en">
 <head>
  <title>
</title>
<meta http-equiv="Content-Type" content="text/html;charset=utf-8" />
  <meta name='ocr-system' content='tesseract 3.04.00' />
  <meta name='ocr-capabilities' content='ocr_page ocr_carea ocr_par ocr_line ocrx_word'/>
</head>
<body>
  <div class='ocr_page' id='page_1' title='image "./codexdiplomatic15wenzgoog_0508.png"; bbox 0 0 3148 5156; ppageno 0'>
   <div class='ocr_carea' id='block_1_1' title="bbox 642 299 796 404">
    <p class='ocr_par' dir='ltr' id='par_1_1' title="bbox 642 299 796 404">
     <span class='ocr_line' id='line_1_1' title="bbox 642 299 796 404; baseline 0 -36"><span class='ocrx_word' id='word_1_1' title='bbox 642 299 796 404; x_wconf 45' lang='lat'>331—</span> 
     </span>
    </p>
   </div>
   <div class='ocr_carea' id='block_1_2' title="bbox 153 498 1417 592">
    <p class='ocr_par' dir='ltr' id='par_1_2' title="bbox 153 498 1417 592">
     <span class='ocr_line' id='line_1_2' title="bbox 153 498 1417 592; baseline 0.003 -21"><span class='ocrx_word' id='word_1_2' title='bbox 153 503 213 591; x_wconf 84' lang='lat' dir='ltr'>filij</span> <span class='ocrx_word' id='word_1_3' title='bbox 230 498 344 590; x_wconf 80' lang='lat' dir='ltr'>Egidij</span> <span class='ocrx_word' id='word_1_4' title='bbox 365 499 528 568; x_wconf 76' lang='lat' dir='ltr'>ctl’ulcus</span> <span class='ocrx_word' id='word_1_5' title='bbox 543 499 702 586; x_wconf 77' lang='lat' dir='ltr'><strong>sepedicti</strong></span> <span class='ocrx_word' id='word_1_6' title='bbox 718 500 948 587; x_wconf 83' lang='lat' dir='ltr'>obligauerunt</span> <span class='ocrx_word' id='word_1_7' title='bbox 962 522 1009 587; x_wconf 90' lang='lat' dir='ltr'>se,</span> <span class='ocrx_word' id='word_1_8' title='bbox 1027 503 1100 572; x_wconf 89' lang='lat' dir='ltr'>utsi</span> <span class='ocrx_word' id='word_1_9' title='bbox 1116 523 1176 592; x_wconf 90' lang='lat' dir='ltr'>per</span> <span class='ocrx_word' id='word_1_10' title='bbox 1191 525 1284 590; x_wconf 83' lang='lat' dir='ltr'>quos</span> <span class='ocrx_word' id='word_1_11' title='bbox 1408 505 1417 513; x_wconf 83' lang='grc'><strong>“</strong></span> 
     </span>
    </p>
   </div>
   <div class='ocr_carea' id='block_1_3' title="bbox 152 607 1283 1878">
    <p class='ocr_par' dir='ltr' id='par_1_3' title="bbox 152 607 1283 1878">
     <span class='ocr_line' id='line_1_3' title="bbox 155 607 1283 700; baseline -0.001 -18"><span class='ocrx_word' id='word_1_12' title='bbox 155 631 286 697; x_wconf 81' lang='lat' dir='ltr'>cunque</span> <span class='ocrx_word' id='word_1_13' title='bbox 311 609 459 678; x_wconf 74' lang='lat' dir='ltr'>delinere</span> <span class='ocrx_word' id='word_1_14' title='bbox 483 627 542 676; x_wconf 87' lang='lat' dir='ltr'>sue</span> <span class='ocrx_word' id='word_1_15' title='bbox 558 607 784 696; x_wconf 86' lang='lat' dir='ltr'>generacionis</span> <span class='ocrx_word' id='word_1_16' title='bbox 808 607 1043 680; x_wconf 79' lang='lat' dir='ltr'>descendentes</span> <span class='ocrx_word' id='word_1_17' title='bbox 1069 611 1141 700; x_wconf 89' lang='lat' dir='ltr'>ipse</span> <span class='ocrx_word' id='word_1_18' title='bbox 1165 614 1283 682; x_wconf 88' lang='lat' dir='ltr'>Priucb</span> 
     </span>
     <span class='ocr_line' id='line_1_4' title="bbox 156 717 1282 810; baseline 0 -20"><span class='ocrx_word' id='word_1_19' title='bbox 156 722 272 790; x_wconf 81' lang='lat' dir='ltr'>Comes</span> <span class='ocrx_word' id='word_1_20' title='bbox 289 725 324 788; x_wconf 90' lang='lat' dir='ltr'>et</span> <span class='ocrx_word' id='word_1_21' title='bbox 348 719 400 787; x_wconf 88' lang='lat' dir='ltr'>sui</span> <span class='ocrx_word' id='word_1_22' title='bbox 416 717 553 786; x_wconf 88' lang='lat' dir='ltr'>heredes</span> <span class='ocrx_word' id='word_1_23' title='bbox 569 737 668 804; x_wconf 87' lang='lat' dir='ltr'>super</span> <span class='ocrx_word' id='word_1_24' title='bbox 692 717 933 805; x_wconf 75' lang='lat' dir='ltr'>composicione</span> <span class='ocrx_word' id='word_1_25' title='bbox 957 726 1132 808; x_wconf 80' lang='lat' dir='ltr'>prenotata</span> <span class='ocrx_word' id='word_1_26' title='bbox 1150 722 1282 810; x_wconf 81' lang='lat' dir='ltr'>impete·</span> 
     </span>
     <span class='ocr_line' id='line_1_5' title="bbox 155 823 1282 916; baseline 0.002 -18"><span class='ocrx_word' id='word_1_27' title='bbox 155 835 275 914; x_wconf 87' lang='lat' dir='ltr'>rentur,</span> <span class='ocrx_word' id='word_1_28' title='bbox 303 827 368 916; x_wconf 90' lang='lat' dir='ltr'>ipsi</span> <span class='ocrx_word' id='word_1_29' title='bbox 383 834 416 896; x_wconf 88' lang='lat' dir='ltr'>ct</span> <span class='ocrx_word' id='word_1_30' title='bbox 431 823 482 896; x_wconf 89' lang='lat' dir='ltr'>sui</span> <span class='ocrx_word' id='word_1_31' title='bbox 497 828 634 898; x_wconf 87' lang='lat' dir='ltr'>heredes</span> <span class='ocrx_word' id='word_1_32' title='bbox 650 828 869 914; x_wconf 83' lang='lat' dir='ltr'>heredumque</span> <span class='ocrx_word' id='word_1_33' title='bbox 885 849 1091 900; x_wconf 81' lang='lat' dir='ltr'>successores</span> <span class='ocrx_word' id='word_1_34' title='bbox 1108 831 1282 901; x_wconf 81' lang='lat' dir='ltr'>defendere</span> 
     </span>
     <span class='ocr_line' id='line_1_6' title="bbox 155 937 1280 1028; baseline -0.002 -18"><span class='ocrx_word' id='word_1_35' title='bbox 155 948 188 1010; x_wconf 86' lang='lat' dir='ltr'>et</span> <span class='ocrx_word' id='word_1_36' title='bbox 201 940 334 1028; x_wconf 89' lang='lat' dir='ltr'>penitus</span> <span class='ocrx_word' id='word_1_37' title='bbox 350 937 503 1026; x_wconf 83' lang='lat' dir='ltr'>expedire</span> <span class='ocrx_word' id='word_1_38' title='bbox 518 939 721 1009; x_wconf 85' lang='lat' dir='ltr'>tenebuntur.</span> <span class='ocrx_word' id='word_1_39' title='bbox 747 941 790 1007; x_wconf 82' lang='lat' dir='ltr'>st</span> <span class='ocrx_word' id='word_1_40' title='bbox 805 939 834 1006; x_wconf 92' lang='lat' dir='ltr'>si</span> <span class='ocrx_word' id='word_1_41' title='bbox 848 941 1056 1026; x_wconf 75' lang='lat' dir='ltr'>negligentes</span> <span class='ocrx_word' id='word_1_42' title='bbox 1072 942 1125 1010; x_wconf 91' lang='lat' dir='ltr'>uel</span> <span class='ocrx_word' id='word_1_43' title='bbox 1145 941 1230 1008; x_wconf 77' lang='lat' dir='ltr'>tardi</span> <span class='ocrx_word' id='word_1_44' title='bbox 1246 941 1280 1008; x_wconf 91' lang='lat' dir='ltr'>in</span> 
     </span>
     <span class='ocr_line' id='line_1_7' title="bbox 154 1045 1280 1139; baseline -0.002 -21"><span class='ocrx_word' id='word_1_45' title='bbox 154 1047 357 1139; x_wconf 87' lang='lat' dir='ltr'>protegendo</span> <span class='ocrx_word' id='word_1_46' title='bbox 371 1046 557 1132; x_wconf 83' lang='lat' dir='ltr'>existerent,</span> <span class='ocrx_word' id='word_1_47' title='bbox 584 1054 617 1114; x_wconf 90' lang='lat' dir='ltr'>et</span> <span class='ocrx_word' id='word_1_48' title='bbox 633 1045 745 1116; x_wconf 89' lang='lat' dir='ltr'>decem</span> <span class='ocrx_word' id='word_1_49' title='bbox 762 1055 795 1116; x_wconf 87' lang='lat' dir='ltr'>et</span> <span class='ocrx_word' id='word_1_50' title='bbox 811 1058 936 1138; x_wconf 87' lang='lat' dir='ltr'>septem</span> <span class='ocrx_word' id='word_1_51' title='bbox 952 1071 1079 1119; x_wconf 78' lang='lat' dir='ltr'>mareas</span> <span class='ocrx_word' id='word_1_52' title='bbox 1097 1051 1280 1134; x_wconf 78' lang='lat' dir='ltr'>retundent,</span> 
     </span>
     <span class='ocr_line' id='line_1_8' title="bbox 154 1155 1280 1245; baseline -0.001 -20"><span class='ocrx_word' id='word_1_53' title='bbox 154 1165 187 1225; x_wconf 90' lang='lat' dir='ltr'>et</span> <span class='ocrx_word' id='word_1_54' title='bbox 201 1178 288 1245; x_wconf 88' lang='lat' dir='ltr'>pene</span> <span class='ocrx_word' id='word_1_55' title='bbox 297 1155 416 1242; x_wconf 87' lang='lat' dir='ltr'>viginti</span> <span class='ocrx_word' id='word_1_56' title='bbox 432 1175 613 1224; x_wconf 77' lang='lat' dir='ltr'>mersurum</span> <span class='ocrx_word' id='word_1_57' title='bbox 629 1156 852 1224; x_wconf 80' lang='lat' dir='ltr'>subiacebunt.</span> <span class='ocrx_word' id='word_1_58' title='bbox 869 1160 906 1226; x_wconf 94' lang='lat' dir='ltr'>In</span> <span class='ocrx_word' id='word_1_59' title='bbox 923 1158 1016 1225; x_wconf 88' lang='lat' dir='ltr'>ouius</span> <span class='ocrx_word' id='word_1_60' title='bbox 1034 1159 1081 1226; x_wconf 89' lang='lat' dir='ltr'>rei</span> <span class='ocrx_word' id='word_1_61' title='bbox 1092 1158 1280 1226; x_wconf 85' lang='lat' dir='ltr'>memorium</span> 
     </span>
     <span class='ocr_line' id='line_1_9' title="bbox 153 1263 1281 1354; baseline -0.001 -20"><span class='ocrx_word' id='word_1_62' title='bbox 153 1274 187 1334; x_wconf 88' lang='lat' dir='ltr'>et</span> <span class='ocrx_word' id='word_1_63' title='bbox 200 1271 395 1354; x_wconf 76' lang='lat' dir='ltr'>perpetuom</span> <span class='ocrx_word' id='word_1_64' title='bbox 419 1263 602 1332; x_wconf 72' lang='lat' dir='ltr'>firmitatem</span> <span class='ocrx_word' id='word_1_65' title='bbox 628 1264 672 1332; x_wconf 81' lang='lat' dir='ltr'>ad</span> <span class='ocrx_word' id='word_1_66' title='bbox 686 1264 882 1350; x_wconf 87' lang='lat' dir='ltr'>peticionem</span> <span class='ocrx_word' id='word_1_67' title='bbox 897 1267 1063 1352; x_wconf 82' lang='lat' dir='ltr'>utriusque</span> <span class='ocrx_word' id='word_1_68' title='bbox 1087 1267 1191 1354; x_wconf 82' lang='lat' dir='ltr'>pertis</span> <span class='ocrx_word' id='word_1_69' title='bbox 1211 1287 1281 1354; x_wconf 90' lang='lat' dir='ltr'>pre·</span> 
     </span>
     <span class='ocr_line' id='line_1_10' title="bbox 153 1371 1277 1456; baseline -0.001 -13"><span class='ocrx_word' id='word_1_70' title='bbox 153 1381 265 1443; x_wconf 87' lang='lat' dir='ltr'>sentes</span> <span class='ocrx_word' id='word_1_71' title='bbox 281 1373 500 1444; x_wconf 89' lang='lat' dir='ltr'>concessimus</span> <span class='ocrx_word' id='word_1_72' title='bbox 524 1372 650 1438; x_wconf 77' lang='lat' dir='ltr'>litteras</span> <span class='ocrx_word' id='word_1_73' title='bbox 667 1371 768 1456; x_wconf 83' lang='lat' dir='ltr'>sigilli</span> <span class='ocrx_word' id='word_1_74' title='bbox 783 1373 886 1441; x_wconf 89' lang='lat' dir='ltr'>nostri</span> <span class='ocrx_word' id='word_1_75' title='bbox 903 1373 1080 1441; x_wconf 89' lang='lat' dir='ltr'>munimine</span> <span class='ocrx_word' id='word_1_76' title='bbox 1096 1375 1277 1442; x_wconf 72' lang='lat' dir='ltr'>roboratas.</span> 
     </span>
     <span class='ocr_line' id='line_1_11' title="bbox 153 1480 1279 1570; baseline -0.003 -17"><span class='ocrx_word' id='word_1_77' title='bbox 153 1487 276 1553; x_wconf 64' lang='lat' dir='ltr'>Datum</span> <span class='ocrx_word' id='word_1_78' title='bbox 302 1503 389 1551; x_wconf 79' lang='lat' dir='ltr'>auno</span> <span class='ocrx_word' id='word_1_79' title='bbox 413 1481 544 1550; x_wconf 88' lang='lat' dir='ltr'>Domini</span> <span class='ocrx_word' id='word_1_80' title='bbox 570 1480 742 1548; x_wconf 78' lang='lat' dir='ltr'><strong>M⁰GG⁰L⁰</strong></span> <span class='ocrx_word' id='word_1_81' title='bbox 758 1483 906 1570; x_wconf 88' lang='lat' dir='ltr'>septimo,</span> <span class='ocrx_word' id='word_1_82' title='bbox 929 1485 1030 1552; x_wconf 87' lang='lat' dir='ltr'>tercio</span> <span class='ocrx_word' id='word_1_83' title='bbox 1059 1503 1164 1553; x_wconf 86' lang='lat' dir='ltr'>nonas</span> <span class='ocrx_word' id='word_1_84' title='bbox 1189 1483 1279 1568; x_wconf 80' lang='lat' dir='ltr'>blaij.</span> 
     </span>
     <span class='ocr_line' id='line_1_12' title="bbox 152 1589 1279 1680; baseline -0.004 -19"><span class='ocrx_word' id='word_1_85' title='bbox 152 1593 314 1678; x_wconf 71' lang='lat' dir='ltr'>Magistro</span> <span class='ocrx_word' id='word_1_86' title='bbox 338 1590 519 1676; x_wconf 74' lang='lat' dir='ltr'>smaragdo</span> <span class='ocrx_word' id='word_1_87' title='bbox 536 1589 683 1657; x_wconf 84' lang='lat' dir='ltr'>Ecclesie</span> <span class='ocrx_word' id='word_1_88' title='bbox 699 1591 870 1677; x_wconf 88' lang='lat' dir='ltr'>Proposito</span> <span class='ocrx_word' id='word_1_89' title='bbox 894 1593 969 1660; x_wconf 80' lang='lat' dir='ltr'>sule</span> <span class='ocrx_word' id='word_1_90' title='bbox 984 1593 1086 1680; x_wconf 84' lang='lat' dir='ltr'>Regie</span> <span class='ocrx_word' id='word_1_91' title='bbox 1104 1593 1279 1660; x_wconf 78' lang='lat' dir='ltr'>Vide-Oen-</span> 
     </span>
     <span class='ocr_line' id='line_1_13' title="bbox 154 1697 1278 1786; baseline 0.001 -17"><span class='ocrx_word' id='word_1_92' title='bbox 154 1700 302 1785; x_wconf 83' lang='lat' dir='ltr'>cellario‚</span> <span class='ocrx_word' id='word_1_93' title='bbox 321 1698 479 1785; x_wconf 80' lang='lat' dir='ltr'>Gregorio</span> <span class='ocrx_word' id='word_1_94' title='bbox 490 1697 638 1786; x_wconf 80' lang='lat' dir='ltr'>cantore,</span> <span class='ocrx_word' id='word_1_95' title='bbox 657 1698 781 1767; x_wconf 81' lang='lat' dir='ltr'>Mutbiu</span> <span class='ocrx_word' id='word_1_96' title='bbox 792 1699 942 1786; x_wconf 78' lang='lat' dir='ltr'>Custode,</span> <span class='ocrx_word' id='word_1_97' title='bbox 960 1701 1131 1771; x_wconf 85' lang='lat' dir='ltr'>Ambrosio</span> <span class='ocrx_word' id='word_1_98' title='bbox 1146 1705 1278 1770; x_wconf 81' lang='lat' dir='ltr'>Deeauo</span> 
     </span>
     <span class='ocr_line' id='line_1_14' title="bbox 153 1808 381 1878; baseline -0.018 0"><span class='ocrx_word' id='word_1_99' title='bbox 153 1808 381 1878; x_wconf 84' lang='lat' dir='ltr'>existentibus.</span> 
     </span>
    </p>
   </div>
   <div class='ocr_carea' id='block_1_4' title="bbox 152 1986 1279 2152">
    <p class='ocr_par' dir='ltr' id='par_1_4' title="bbox 152 1986 1279 2152">
     <span class='ocr_line' id='line_1_15' title="bbox 152 1986 1279 2062; baseline 0.001 -18"><span class='ocrx_word' id='word_1_100' title='bbox 152 1990 298 2058; x_wconf 82' lang='lat' dir='ltr'>(Eredetie</span> <span class='ocrx_word' id='word_1_101' title='bbox 308 1986 482 2055; x_wconf 67' lang='lat' dir='ltr'>bllrbtrtydn,</span> <span class='ocrx_word' id='word_1_102' title='bbox 496 1991 622 2056; x_wconf 79' lang='lat' dir='ltr'>melyuelr</span> <span class='ocrx_word' id='word_1_103' title='bbox 632 1989 790 2043; x_wconf 69' lang='lat' dir='ltr'>berne-ebld</span> <span class='ocrx_word' id='word_1_104' title='bbox 803 1992 1028 2058; x_wconf 77' lang='lat' dir='ltr'>selyemssinbron</span> <span class='ocrx_word' id='word_1_105' title='bbox 1038 1993 1149 2061; x_wconf 82' lang='lat' dir='ltr'>idggdtt</span> <span class='ocrx_word' id='word_1_106' title='bbox 1160 1991 1279 2062; x_wconf 73' lang='lat' dir='ltr'>peesetje</span> 
     </span>
     <span class='ocr_line' id='line_1_16' title="bbox 390 2081 1052 2152; baseline 0.009 -20"><span class='ocrx_word' id='word_1_107' title='bbox 390 2083 527 2143; x_wconf 75' lang='lat' dir='ltr'>elucescit,</span> <span class='ocrx_word' id='word_1_108' title='bbox 540 2096 557 2133; x_wconf 79' lang='grc' dir='ltr'>ι</span> <span class='ocrx_word' id='word_1_109' title='bbox 569 2081 653 2134; x_wconf 74' lang='lat' dir='ltr'>budui</span> <span class='ocrx_word' id='word_1_110' title='bbox 665 2081 717 2134; x_wconf 82' lang='lat' dir='ltr'>kir.</span> <span class='ocrx_word' id='word_1_111' title='bbox 730 2082 852 2136; x_wconf 79' lang='lat' dir='ltr'>ksmsrrd</span> <span class='ocrx_word' id='word_1_112' title='bbox 864 2081 1052 2152; x_wconf 76' lang='lat' dir='ltr'>levelttrben)</span> 
     </span>
    </p>
   </div>
   <div class='ocr_carea' id='block_1_5' title="bbox 584 2371 851 2384">
    <p class='ocr_par' dir='ltr' id='par_1_5' title="bbox 584 2371 851 2384">
     <span class='ocr_line' id='line_1_17' title="bbox 584 2371 851 2384; baseline 0.004 -2"><span class='ocrx_word' id='word_1_113' title='bbox 584 2371 851 2384; x_wconf 55' lang='lat' dir='ltr'>m·-</span> 
     </span>
    </p>
   </div>
   <div class='ocr_carea' id='block_1_6' title="bbox 680 2839 757 2909">
    <p class='ocr_par' dir='ltr' id='par_1_6' title="bbox 680 2839 757 2909">
     <span class='ocr_line' id='line_1_18' title="bbox 680 2839 757 2909; baseline -0.026 -1"><span class='ocrx_word' id='word_1_114' title='bbox 680 2839 757 2909; x_wconf 74' lang='lat'>332.</span> 
     </span>
    </p>
   </div>
   <div class='ocr_carea' id='block_1_7' title="bbox 149 3019 1371 3303">
    <p class='ocr_par' dir='ltr' id='par_1_7' title="bbox 149 3019 1371 3303">
     <span class='ocr_line' id='line_1_19' title="bbox 150 3019 1275 3110; baseline -0.002 -23"><span class='ocrx_word' id='word_1_115' title='bbox 150 3019 183 3087; x_wconf 78' lang='grc' dir='ltr'><strong><em>Δ</em></strong></span> <span class='ocrx_word' id='word_1_116' title='bbox 189 3019 357 3108; x_wconf 65' lang='grc' dir='ltr'>,ν’ὠόιτάή</span> <span class='ocrx_word' id='word_1_117' title='bbox 379 3021 591 3109; x_wconf 72' lang='lat' dir='ltr'>kdptalonnak</span> <span class='ocrx_word' id='word_1_118' title='bbox 606 3023 874 3110; x_wconf 73' lang='lat' dir='ltr'>bitonysdqleucle,</span> <span class='ocrx_word' id='word_1_119' title='bbox 897 3023 977 3110; x_wconf 75' lang='lat' dir='ltr'>bopy</span> <span class='ocrx_word' id='word_1_120' title='bbox 992 3021 1079 3103; x_wconf 61' lang='lat' dir='ltr'>Ele,</span> <span class='ocrx_word' id='word_1_121' title='bbox 1098 3019 1214 3087; x_wconf 73' lang='grc' dir='ltr'>ΜιἹεΖόε</span> <span class='ocrx_word' id='word_1_122' title='bbox 1229 3042 1275 3084; x_wconf 87' lang='lat' dir='ltr'>cc·</span> 
     </span>
     <span class='ocr_line' id='line_1_20' title="bbox 149 3127 1371 3301; baseline -0.002 -105"><span class='ocrx_word' id='word_1_123' title='bbox 149 3128 343 3214; x_wconf 78' lang='lat' dir='ltr'>mesuckfia,</span> <span class='ocrx_word' id='word_1_124' title='bbox 358 3129 467 3196; x_wconf 77' lang='lat' dir='ltr'>Fenus</span> <span class='ocrx_word' id='word_1_125' title='bbox 485 3130 718 3218; x_wconf 80' lang='lat' dir='ltr'>pannonbulms&#39;</span> <span class='ocrx_word' id='word_1_126' title='bbox 732 3127 1073 3301; x_wconf 72' lang='lat' dir='ltr'>upd7tnak28091&#39;rdi9</span> <span class='ocrx_word' id='word_1_127' title='bbox 1096 3127 1195 3194; x_wconf 72' lang='lat' dir='ltr'>adora</span> <span class='ocrx_word' id='word_1_128' title='bbox 1209 3150 1275 3194; x_wconf 81' lang='lat' dir='ltr'>ma·</span> <span class='ocrx_word' id='word_1_129' title='bbox 1366 3155 1371 3170; x_wconf 88' lang='lat'><strong>·</strong></span> 
     </span>
     <span class='ocr_line' id='line_1_21' title="bbox 611 3237 817 3303; baseline -0.01 -1"><span class='ocrx_word' id='word_1_130' title='bbox 611 3237 693 3303; x_wconf 73' lang='lat' dir='ltr'>radt,</span> <span class='ocrx_word' id='word_1_131' title='bbox 718 3237 785 3303; x_wconf 79' lang='lat'>185</span> <span class='ocrx_word' id='word_1_132' title='bbox 809 3284 817 3300; x_wconf 89' lang='lat'><strong>.</strong></span> 
     </span>
    </p>
   </div>
   <div class='ocr_carea' id='block_1_8' title="bbox 149 3433 1276 4720">
    <p class='ocr_par' dir='ltr' id='par_1_8' title="bbox 149 3433 1276 4720">
     <span class='ocr_line' id='line_1_22' title="bbox 259 3433 1275 3524; baseline 0 -22"><span class='ocrx_word' id='word_1_133' title='bbox 259 3435 329 3505; x_wconf 84' lang='lat' dir='ltr'>Nos</span> <span class='ocrx_word' id='word_1_134' title='bbox 345 3433 531 3522; x_wconf 78' lang='lat' dir='ltr'>Capitulum</span> <span class='ocrx_word' id='word_1_135' title='bbox 546 3433 694 3502; x_wconf 78' lang='lat' dir='ltr'>Ecclesie</span> <span class='ocrx_word' id='word_1_136' title='bbox 709 3434 864 3505; x_wconf 79' lang='lat' dir='ltr'>Albensis</span> <span class='ocrx_word' id='word_1_137' title='bbox 889 3434 1005 3504; x_wconf 82' lang='lat' dir='ltr'>demus</span> <span class='ocrx_word' id='word_1_138' title='bbox 1023 3457 1083 3524; x_wconf 88' lang='lat' dir='ltr'>pro</span> <span class='ocrx_word' id='word_1_139' title='bbox 1108 3434 1275 3517; x_wconf 82' lang='lat' dir='ltr'>memoris,</span> 
     </span>
     <span class='ocr_line' id='line_1_23' title="bbox 150 3541 1276 3633; baseline -0.002 -21"><span class='ocrx_word' id='word_1_140' title='bbox 150 3542 239 3631; x_wconf 83' lang='lat' dir='ltr'>quod</span> <span class='ocrx_word' id='word_1_141' title='bbox 264 3563 338 3612; x_wconf 87' lang='lat' dir='ltr'>cum</span> <span class='ocrx_word' id='word_1_142' title='bbox 362 3543 441 3611; x_wconf 79' lang='lat' dir='ltr'>Elec</span> <span class='ocrx_word' id='word_1_143' title='bbox 465 3541 552 3612; x_wconf 86' lang='lat' dir='ltr'>tilius</span> <span class='ocrx_word' id='word_1_144' title='bbox 567 3543 703 3612; x_wconf 79' lang='lat' dir='ltr'>Comitis</span> <span class='ocrx_word' id='word_1_145' title='bbox 718 3545 848 3614; x_wconf 79' lang='lat' dir='ltr'>bdcclei</span> <span class='ocrx_word' id='word_1_146' title='bbox 872 3546 977 3633; x_wconf 90' lang='lat' dir='ltr'>primo</span> <span class='ocrx_word' id='word_1_147' title='bbox 997 3546 1031 3612; x_wconf 88' lang='lat' dir='ltr'>in</span> <span class='ocrx_word' id='word_1_148' title='bbox 1056 3543 1141 3614; x_wconf 83' lang='lat' dir='ltr'>festo</span> <span class='ocrx_word' id='word_1_149' title='bbox 1164 3543 1276 3614; x_wconf 74' lang='lat' dir='ltr'>Sancti</span> 
     </span>
     <span class='ocr_line' id='line_1_24' title="bbox 149 3651 1273 3740; baseline -0.005 -18"><span class='ocrx_word' id='word_1_150' title='bbox 149 3653 325 3722; x_wconf 74' lang='lat' dir='ltr'>Leurencii</span> <span class='ocrx_word' id='word_1_151' title='bbox 349 3651 383 3720; x_wconf 91' lang='lat' dir='ltr'>in</span> <span class='ocrx_word' id='word_1_152' title='bbox 407 3651 580 3740; x_wconf 82' lang='lat' dir='ltr'>presencie</span> <span class='ocrx_word' id='word_1_153' title='bbox 603 3659 734 3739; x_wconf 81' lang='lat' dir='ltr'>nostre,</span> <span class='ocrx_word' id='word_1_154' title='bbox 759 3653 889 3721; x_wconf 79' lang='lat' dir='ltr'>Abbete</span> <span class='ocrx_word' id='word_1_155' title='bbox 913 3653 955 3721; x_wconf 91' lang='lat' dir='ltr'>de</span> <span class='ocrx_word' id='word_1_156' title='bbox 980 3654 1042 3722; x_wconf 83' lang='lat' dir='ltr'>Jaz</span> <span class='ocrx_word' id='word_1_157' title='bbox 1066 3659 1100 3720; x_wconf 87' lang='lat' dir='ltr'>et</span> <span class='ocrx_word' id='word_1_158' title='bbox 1124 3653 1273 3721; x_wconf 81' lang='lat' dir='ltr'>Johsuue</span> 
     </span>
     <span class='ocr_line' id='line_1_25' title="bbox 150 3759 1275 3849; baseline -0.005 -20"><span class='ocrx_word' id='word_1_159' title='bbox 150 3761 221 3830; x_wconf 87' lang='lat' dir='ltr'>tilio</span> <span class='ocrx_word' id='word_1_160' title='bbox 237 3759 388 3846; x_wconf 81' lang='lat' dir='ltr'>Gregorii</span> <span class='ocrx_word' id='word_1_161' title='bbox 404 3761 654 3846; x_wconf 78' lang='lat' dir='ltr'>consanguineis</span> <span class='ocrx_word' id='word_1_162' title='bbox 680 3761 748 3830; x_wconf 92' lang='lat' dir='ltr'>suis</span> <span class='ocrx_word' id='word_1_163' title='bbox 763 3761 970 3849; x_wconf 88' lang='lat' dir='ltr'>presentibus</span> <span class='ocrx_word' id='word_1_164' title='bbox 995 3766 1027 3827; x_wconf 91' lang='lat' dir='ltr'>et</span> <span class='ocrx_word' id='word_1_165' title='bbox 1045 3759 1275 3828; x_wconf 87' lang='lat' dir='ltr'>consencienti-</span> 
     </span>
     <span class='ocr_line' id='line_1_26' title="bbox 150 3867 1275 3957; baseline -0.004 -21"><span class='ocrx_word' id='word_1_166' title='bbox 150 3869 214 3938; x_wconf 91' lang='lat' dir='ltr'>bus</span> <span class='ocrx_word' id='word_1_167' title='bbox 239 3867 398 3938; x_wconf 80' lang='lat' dir='ltr'>ducentcs</span> <span class='ocrx_word' id='word_1_168' title='bbox 423 3888 551 3938; x_wconf 78' lang='lat' dir='ltr'>marcus</span> <span class='ocrx_word' id='word_1_169' title='bbox 576 3869 781 3938; x_wconf 79' lang='lat' dir='ltr'>denariorum</span> <span class='ocrx_word' id='word_1_170' title='bbox 804 3870 976 3957; x_wconf 79' lang='lat' dir='ltr'>Regelium</span> <span class='ocrx_word' id='word_1_171' title='bbox 1000 3889 1073 3936; x_wconf 85' lang='lat' dir='ltr'>cum</span> <span class='ocrx_word' id='word_1_172' title='bbox 1095 3867 1275 3954; x_wconf 80' lang='lat' dir='ltr'>pondercc</span> 
     </span>
     <span class='ocr_line' id='line_1_27' title="bbox 149 3976 1275 4048; baseline 0 -4"><span class='ocrx_word' id='word_1_173' title='bbox 149 3977 242 4048; x_wconf 75' lang='lat' dir='ltr'>Fauo</span> <span class='ocrx_word' id='word_1_174' title='bbox 259 3977 388 4046; x_wconf 74' lang='lat' dir='ltr'>Abbcte</span> <span class='ocrx_word' id='word_1_175' title='bbox 404 3977 516 4046; x_wconf 79' lang='lat' dir='ltr'>Sancti</span> <span class='ocrx_word' id='word_1_176' title='bbox 532 3978 662 4048; x_wconf 77' lang='lat' dir='ltr'>Martini</span> <span class='ocrx_word' id='word_1_177' title='bbox 679 3978 720 4046; x_wconf 87' lang='lat' dir='ltr'>de</span> <span class='ocrx_word' id='word_1_178' title='bbox 735 3981 834 4048; x_wconf 83' lang='lat' dir='ltr'>Sacro</span> <span class='ocrx_word' id='word_1_179' title='bbox 844 3980 953 4046; x_wconf 86' lang='lat' dir='ltr'>Monte</span> <span class='ocrx_word' id='word_1_180' title='bbox 968 3976 1136 4046; x_wconf 81' lang='lat' dir='ltr'>Pannonie</span> <span class='ocrx_word' id='word_1_181' title='bbox 1150 3984 1275 4044; x_wconf 78' lang='lat' dir='ltr'>mutus·</span> 
     </span>
     <span class='ocr_line' id='line_1_28' title="bbox 151 4085 1274 4175; baseline -0.002 -19"><span class='ocrx_word' id='word_1_182' title='bbox 151 4094 201 4156; x_wconf 78' lang='lat' dir='ltr'>tus</span> <span class='ocrx_word' id='word_1_183' title='bbox 226 4085 436 4175; x_wconf 88' lang='lat' dir='ltr'>postmodum</span> <span class='ocrx_word' id='word_1_184' title='bbox 459 4087 609 4157; x_wconf 73' lang='lat' dir='ltr'>intencio</span> <span class='ocrx_word' id='word_1_185' title='bbox 635 4087 688 4155; x_wconf 89' lang='lat' dir='ltr'>die</span> <span class='ocrx_word' id='word_1_186' title='bbox 703 4089 913 4157; x_wconf 83' lang='lat' dir='ltr'>Pentecostes</span> <span class='ocrx_word' id='word_1_187' title='bbox 938 4094 1014 4175; x_wconf 88' lang='lat' dir='ltr'>post</span> <span class='ocrx_word' id='word_1_188' title='bbox 1028 4087 1146 4155; x_wconf 79' lang='lat' dir='ltr'>festum</span> <span class='ocrx_word' id='word_1_189' title='bbox 1162 4085 1274 4154; x_wconf 78' lang='lat' dir='ltr'>Sancti</span> 
     </span>
     <span class='ocr_line' id='line_1_29' title="bbox 153 4194 1275 4283; baseline -0.003 -17"><span class='ocrx_word' id='word_1_190' title='bbox 153 4194 324 4266; x_wconf 72' lang='lat' dir='ltr'>laurencii</span> <span class='ocrx_word' id='word_1_191' title='bbox 340 4194 488 4282; x_wconf 88' lang='lat' dir='ltr'>proxime</span> <span class='ocrx_word' id='word_1_192' title='bbox 513 4215 714 4282; x_wconf 87' lang='lat' dir='ltr'>consequens</span> <span class='ocrx_word' id='word_1_193' title='bbox 730 4195 817 4264; x_wconf 91' lang='lat' dir='ltr'>idem</span> <span class='ocrx_word' id='word_1_194' title='bbox 836 4197 914 4265; x_wconf 80' lang='lat' dir='ltr'>Elec</span> <span class='ocrx_word' id='word_1_195' title='bbox 937 4196 971 4264; x_wconf 89' lang='lat' dir='ltr'>in</span> <span class='ocrx_word' id='word_1_196' title='bbox 987 4196 1089 4266; x_wconf 89' lang='lat' dir='ltr'>nostri</span> <span class='ocrx_word' id='word_1_197' title='bbox 1104 4194 1275 4283; x_wconf 79' lang='lat' dir='ltr'>presencie</span> 
     </span>
     <span class='ocr_line' id='line_1_30' title="bbox 155 4302 1275 4393; baseline -0.002 -20"><span class='ocrx_word' id='word_1_198' title='bbox 155 4303 322 4392; x_wconf 82' lang='lat' dir='ltr'>octoginta</span> <span class='ocrx_word' id='word_1_199' title='bbox 336 4323 465 4371; x_wconf 80' lang='lat' dir='ltr'>merces</span> <span class='ocrx_word' id='word_1_200' title='bbox 476 4305 509 4372; x_wconf 91' lang='lat' dir='ltr'>iu</span> <span class='ocrx_word' id='word_1_201' title='bbox 524 4303 784 4392; x_wconf 91' lang='lat' dir='ltr'>redempcionem</span> <span class='ocrx_word' id='word_1_202' title='bbox 803 4305 972 4391; x_wconf 81' lang='lat' dir='ltr'>cujusdem</span> <span class='ocrx_word' id='word_1_203' title='bbox 982 4302 1199 4393; x_wconf 89' lang='lat' dir='ltr'>possessionis</span> <span class='ocrx_word' id='word_1_204' title='bbox 1215 4321 1275 4371; x_wconf 88' lang='lat' dir='ltr'>sue</span> 
     </span>
     <span class='ocr_line' id='line_1_31' title="bbox 155 4411 1275 4500; baseline 0 -22"><span class='ocrx_word' id='word_1_205' title='bbox 155 4411 240 4500; x_wconf 83' lang='lat' dir='ltr'>spud</span> <span class='ocrx_word' id='word_1_206' title='bbox 263 4411 384 4480; x_wconf 89' lang='lat' dir='ltr'>Priuch</span> <span class='ocrx_word' id='word_1_207' title='bbox 403 4449 795 4462; x_wconf 86' lang='lat'>———————</span> <span class='ocrx_word' id='word_1_208' title='bbox 818 4413 964 4500; x_wconf 79' lang='lat' dir='ltr'>obligate</span> <span class='ocrx_word' id='word_1_209' title='bbox 989 4413 1052 4481; x_wconf 91' lang='lat' dir='ltr'>sibi</span> <span class='ocrx_word' id='word_1_210' title='bbox 1068 4411 1185 4480; x_wconf 76' lang='lat' dir='ltr'>iterato</span> <span class='ocrx_word' id='word_1_211' title='bbox 1208 4431 1275 4479; x_wconf 90' lang='lat' dir='ltr'>mu-</span> 
     </span>
     <span class='ocr_line' id='line_1_32' title="bbox 154 4521 1273 4611; baseline -0.001 -22"><span class='ocrx_word' id='word_1_212' title='bbox 154 4521 238 4589; x_wconf 76' lang='lat' dir='ltr'>tuari</span> <span class='ocrx_word' id='word_1_213' title='bbox 252 4522 464 4611; x_wconf 82' lang='lat' dir='ltr'>supplicauit,</span> <span class='ocrx_word' id='word_1_214' title='bbox 481 4521 633 4610; x_wconf 78' lang='lat' dir='ltr'>obligans</span> <span class='ocrx_word' id='word_1_215' title='bbox 649 4523 712 4591; x_wconf 89' lang='lat' dir='ltr'>sibi</span> <span class='ocrx_word' id='word_1_216' title='bbox 728 4522 851 4591; x_wconf 80' lang='lat' dir='ltr'>dictam</span> <span class='ocrx_word' id='word_1_217' title='bbox 865 4521 1106 4611; x_wconf 89' lang='lat' dir='ltr'>possessionem</span> <span class='ocrx_word' id='word_1_218' title='bbox 1117 4521 1178 4589; x_wconf 93' lang='lat' dir='ltr'>Vrs</span> <span class='ocrx_word' id='word_1_219' title='bbox 1193 4541 1273 4589; x_wconf 90' lang='lat' dir='ltr'>nun·</span> 
     </span>
     <span class='ocr_line' id='line_1_33' title="bbox 158 4631 1274 4720; baseline 0.004 -24"><span class='ocrx_word' id='word_1_220' title='bbox 158 4638 306 4718; x_wconf 79' lang='lat' dir='ltr'>cupetum</span> <span class='ocrx_word' id='word_1_221' title='bbox 322 4633 383 4700; x_wconf 82' lang='lat' dir='ltr'>sub</span> <span class='ocrx_word' id='word_1_222' title='bbox 399 4651 485 4720; x_wconf 79' lang='lat' dir='ltr'>pene</span> <span class='ocrx_word' id='word_1_223' title='bbox 502 4631 690 4700; x_wconf 73' lang='lat' dir='ltr'>concionum</span> <span class='ocrx_word' id='word_1_224' title='bbox 707 4640 740 4701; x_wconf 88' lang='lat' dir='ltr'>ct</span> <span class='ocrx_word' id='word_1_225' title='bbox 755 4632 994 4719; x_wconf 80' lang='lat' dir='ltr'>obligaciouum</span> <span class='ocrx_word' id='word_1_226' title='bbox 1007 4649 1047 4698; x_wconf 82' lang='lat' dir='ltr'>ec</span> <span class='ocrx_word' id='word_1_227' title='bbox 1064 4631 1274 4701; x_wconf 89' lang='lat' dir='ltr'>terminorum</span> 
     </span>
    </p>
   </div>
   <div class='ocr_carea' id='block_1_9' title="bbox 0 0 1578 5156">
    <p class='ocr_par' dir='ltr' id='par_1_9' title="bbox 0 0 1578 5156">
     <span class='ocr_line' id='line_1_34' title="bbox 0 0 1578 5156; baseline 0 0"><span class='ocrx_word' id='word_1_228' title='bbox 0 0 1578 5156; x_wconf 95' lang='lat' dir='ltr'> </span> 
     </span>
    </p>
   </div>
  </div>
 </body>
</html>
