3148 5156
859 321 1032 424 ...Q-1

380 519 465 608 quod
478 527 594 588 terram
605 519 637 585 in
648 519 772 586 Zbelou
782 539 883 608 prope
893 517 1119 588 Worosdiuum
1130 519 1290 586 utiliorem
1304 539 1375 586 esse
1392 525 1496 586 castro

379 628 581 713 noscebatur,
608 649 678 696 curn
696 627 799 694 eciam
822 648 879 715 pro
896 647 944 712 eo,
962 627 1047 714 quod
1067 626 1272 714 priuilegium
1294 626 1447 714 Capituli,
1465 627 1495 692 in

379 758 442 824 qno
458 740 560 804 eciam
578 739 642 804 alie
659 746 743 804 terre
759 739 896 806 illiorum
913 736 990 804 Selk
1007 737 1261 822 continebantur,
1289 737 1416 804 irritare
1432 759 1495 804 non

377 847 499 932 liceret,
527 846 610 914 sicut
634 846 811 912 dicebatur.
836 848 905 912 Nos
929 853 1036 912 eutem
1063 846 1166 934 ipsam
1193 846 1386 932 particulam
1411 852 1496 912 tcrre

379 951 575 1021 adulterum
592 953 760 1020 dimidium
777 959 919 1020 aratrum
936 952 1147 1022 sufficientem
1170 951 1313 1020 inlibris
1333 973 1405 1019 cum
1421 953 1497 1036 alijs

377 1063 472 1130 terris
489 1062 520 1128 in
536 1063 710 1148 priuilegio
737 1062 794 1130 illo
810 1061 1049 1130 continentibus
1071 1061 1156 1150 (lgy)
1173 1059 1295 1130 eisdem
1321 1061 1396 1128 liliis
1415 1062 1495 1128 Selk

378 1172 569 1238 auctoritate
600 1172 801 1258 presencium
827 1171 1017 1255 reliquimus
1047 1171 1080 1239 in
1110 1176 1298 1259 perpetuum
1328 1169 1495 1258 possiden-

378 1276 472 1362 dam;
490 1286 523 1344 et
538 1287 657 1346 terram
674 1279 868 1346 adulterum
884 1277 1053 1346 dimidium
1069 1286 1210 1345 aratrum
1230 1277 1446 1346 sufficientem
1464 1279 1495 1344 in

377 1385 497 1452 Zbeleu
523 1393 630 1453 castro
663 1385 849 1471 reliquimus
880 1387 1028 1454 similitor
1052 1387 1084 1454 in
1118 1393 1316 1472 perpetuum.
1349 1387 1391 1453 Et
1416 1387 1497 1472 quia

377 1493 483 1579 ipsum
511 1495 714 1580 priuilegium
731 1496 869 1583 Capituli
887 1495 1119 1582 Zagrabiensis
1145 1517 1242 1581 super
1257 1493 1344 1564 facto
1365 1495 1496 1561 illarum

376 1609 544 1690 terrarum,
572 1603 657 1688 quod
681 1603 739 1690 filij
756 1603 835 1671 Sells
852 1611 1127 1690 presentauerant,
1152 1603 1185 1671 in
1203 1603 1351 1671 menibus
1374 1603 1497 1670 nostris

376 1710 561 1780 nolentibus
584 1712 679 1781 uobis
695 1711 832 1799 contigit
855 1713 1011 1798 lacerari3
1035 1719 1179 1779 tenorem
1200 1709 1305 1798 ipsius
1328 1709 1496 1797 priuilegij

376 1816 416 1885 de
432 1821 533 1889 uerbo
558 1820 600 1886 ad
625 1820 761 1887 uerbum
787 1819 977 1886 transscribi
1000 1820 1033 1886 in
1048 1827 1229 1908 presentem
1255 1817 1411 1905 pagiuam
1437 1840 1495 1885 no-

376 1935 476 1994 stram
492 1926 637 2012 fecimus,
653 1949 694 1995 ne
710 1927 787 2013 filijs
802 1928 882 1995 Selk
898 1927 1257 2014 aliquodrpreiudieium
1273 1947 1331 2014 per
1344 1926 1406 1995 hoc
1425 1927 1496 1994 fieri

376 2035 597 2122 contingeret,
629 2055 765 2124 presens
790 2033 995 2123 priuilegium
1023 2043 1165 2105 nostrum
1197 2035 1363 2103 continens
1390 2040 1496 2102 totum

375 2147 519 2209 tenorem
549 2141 713 2228 priuilegij
741 2143 884 2229 Capituli
909 2143 1138 2230 Zagrabieusis
1167 2143 1288 2212 eisdem
1312 2143 1390 2211 liliis
1415 2144 1498 2211 Selk

374 2247 576 2316 reddidimus
600 2249 702 2333 sigilli
727 2252 830 2318 nostri
856 2253 1032 2318 munimine
1057 2252 1253 2338 roboretum,
1280 2261 1316 2321 ut
1337 2251 1497 2339 deinceps

374 2353 486 2424 eedem
503 2361 597 2442 terre,
615 2377 677 2443 que
692 2359 727 2425 in
736 2361 877 2444 presenti
894 2359 1066 2446 priuilegio
1077 2363 1292 2446 eontinentur,
1310 2381 1367 2448 per
1383 2380 1496 2445 quem·

374 2466 463 2552 piam
486 2485 552 2532 non
568 2469 695 2553 possint
711 2469 745 2534 iu
763 2469 886 2534 irritum
911 2471 1077 2554 reuocari5
1104 2477 1135 2538 et
1154 2471 1258 2537 eciam
1283 2469 1495 2557 priuilegium

372 2575 476 2661 ipsius
492 2573 643 2662 Capituli,
661 2575 737 2643 linet
752 2575 927 2644 laceratum
945 2584 976 2644 et
991 2599 1012 2646 a
1027 2579 1138 2663 sigillo
1156 2585 1352 2664 separatum,
1368 2577 1496 2644 eisdem

372 2679 448 2748 liliis
472 2680 552 2749 Setis
578 2703 650 2749 num
675 2683 786 2768 sigillo
812 2693 921 2753 nostro
947 2687 1106 2754 munitum
1131 2684 1330 2754 reddidimus
1360 2693 1498 2774 propter

375 2789 529 2856 maiorem
546 2791 743 2857 concionem.
770 2791 875 2861 Tenon
891 2795 994 2860 eciam
1010 2794 1176 2880 priuilegii
1191 2791 1334 2880 Capituli
1350 2793 1406 2860 bie
1423 2801 1496 2860 est:

480 2897 635 2966 Omnibus
647 2899 767 2966 Christi
778 2899 928 2969 lidelibus
938 2903 1000 2969 stb.
1010 2900 1398 2991 (kbvetlsezilsaztgrdbi
1411 2901 1497 2990 klsp·

373 3004 531 3072 tulauuuls
551 3005 687 3075 luen-lsi
702 3007 995 3097 bizonysttglevole,
1013 3014 1094 3079 mint
1110 3011 1240 3079 fontebb
1258 3012 1310 3077 11.
1330 3029 1376 3077 sn.
1393 3009 1439 3096 a.)

478 3115 521 3180 vt
537 3119 646 3182 autem
672 3115 769 3183 huius
785 3119 834 3184 rei
859 3113 960 3187 series
976 3118 1071 3186 salua
1090 3120 1256 3204 consistat,
1282 3117 1411 3185 litteras
1438 3141 1497 3186 no·

372 3227 458 3289 etrus
473 3223 691 3291 concessimus
716 3223 818 3310 sigilii
836 3227 937 3294 nostri
964 3228 1140 3295 munimine
1155 3227 1379 3310 communitas,
1406 3247 1496 3296 anuo

374 3329 503 3397 Domini
520 3331 565 3396 M⁰
576 3332 641 3400 00⁰
652 3333 691 3398 L⁰
707 3337 833 3400 octauo.

408 3529 545 3594 (Eredetie
558 3529 730 3598 bbrbdrtys'tn,
743 3549 761 3584 e
772 3533 864 3600 pecsdt
873 3531 931 3586 undu
944 3534 1075 3586 elveszett
1087 3551 1105 3585 a
1114 3532 1215 3588 terratis.
1225 3534 1269 3600 bg.
1284 3532 1456 3602 Esaterntzy

774 3621 864 3676 mutto
879 3619 1083 3687 lendltbrtbun.)
