3134 5158
642 288 708 360 333

621 389 638 396 ι-
667 389 751 398 anu-.-

115 489 301 580 snpradlcte.
318 493 390 563 Nos
405 495 506 579 igitur
520 493 628 562 vocati
645 499 678 561 et
692 490 805 579 rogati
826 489 869 558 ad
885 489 1053 574 utriusque
1069 490 1172 578 partis
1188 491 1234 556 in·

110 603 272 689 nunciam,
299 621 344 669 ne
364 621 462 690 super
476 597 705 688 redempcione
722 599 826 684 pucri,
843 603 876 666 et
892 617 989 684 super
1004 605 1093 666 statu
1109 619 1234 685 posscs-

17 701 19 756 l
109 709 200 776 sionis
216 707 386 778 antedicto
411 729 471 796 per
487 709 674 796 quempiam
700 707 840 774 materia
866 705 956 791 dubij
973 723 1033 774 seu
1051 707 1232 791 questionis

17 871 18 928 ἱ
108 817 201 901 possit
215 817 385 902 generari,
412 825 584 904 presentes
609 817 831 885 concessimus
856 815 983 882 litterae
1000 813 1103 882 nostrl
1129 815 1233 900 sigilli

109 924 286 1010 munimine,
303 932 337 992 et
353 925 566 1011 apposiciuue
582 923 786 1008 singulorum
806 922 1024 1010 predictorum
1043 929 1228 1009 procurato·

17 1043 18 1050 ’
107 1055 167 1100 rum
183 1033 404 1120 suprascripti
421 1033 578 1121 Capituli,
605 1052 646 1100 ne
661 1031 791 1100 salsitas
810 1031 991 1119 prciudicet
1009 1031 1150 1115 veritati,
1177 1032 1231 1098 uel

68 1161 71 1169 ¹
107 1143 226 1226 equitas
251 1140 416 1210 subdatur
440 1141 616 1226 iniquitati,
642 1159 700 1208 eus
716 1139 866 1208 duximus
894 1139 1041 1208 roborari
1057 1146 1090 1206 et
1109 1139 1232 1227 pariter

108 1249 298 1335 consignari.
321 1250 443 1316 Datum
459 1267 545 1317 enno
563 1247 695 1316 Domini
712 1249 758 1315 M⁰
769 1247 883 1316 CO⁰L⁰
900 1247 1016 1335 primo.

219 1449 263 1516 (V.
277 1445 528 1514 Istriukirfilyuak
545 1449 658 1502 ltus-ki
671 1445 834 1515 rusgorlisitii
847 1445 1105 1515 privilegiumlucl.)

531 1735 798 1744 *u——n--n-

634 2180 711 2249 231.

17 2299 18 2354 }
110 2361 294 2428 Acalander
316 2361 506 2426 moveornec
524 2361 790 2449 bsooupadglccde,
814 2363 895 2448 kopp
911 2361 993 2443 Zele,
1010 2363 1101 2428 Εοηα
1124 2387 1233 2430 cornec-

17 2439 19 2496 ῗ
107 2469 158 2533 nei
173 2469 227 2552 fia
251 2471 395 2555 bicorpor
416 2467 622 2555 jdldbicdolrot
645 2467 774 2534 Haloti
798 2469 963 2534 mentumis
987 2471 1108 2536 sindolt.
1135 2471 1233 2536 1251.

17 2739 18 2752 ,
211 2665 343 2734 Blasins
360 2664 576 2734 miseracione
591 2665 714 2734 Diuinc
724 2665 839 2734 Abbas
855 2665 1061 2754 chcdiensis
1079 2671 1230 2750 totusque

17 2769 18 2784 ¹
107 2770 250 2839 ciusdem
274 2773 337 2840 loci
353 2773 539 2841 conuentus
558 2773 719 2842 uniuersis
736 2793 872 2861 presens
896 2775 1051 2860 scriptum
1069 2775 1227 2862 inspectu-

107 2881 148 2946 ris
171 2880 344 2948 oraciones
370 2881 405 2947 in
422 2882 574 2950 Domino.
600 2882 652 2949 Ad
677 2883 913 2951 uniuersorum
937 2883 1092 2950 noticiam
1117 2887 1229 2949 tenore

106 2991 307 3075 presencium
335 2991 485 3059 uolumus
509 2990 697 3078 peruenire,
729 2991 817 3076 quod
843 2991 1027 3059 constitutis
1052 2992 1086 3057 in
1117 2998 1230 3059 nostra

106 3099 273 3183 presencia
287 3099 365 3166 Zeis
382 3099 450 3167 lilio
467 3097 602 3168 Comitis
619 3100 712 3166 Loca
726 3101 768 3168 ab
785 3120 852 3167 una
867 3105 972 3187 parte,
993 3098 1151 3183 Magistro
1167 3101 1232 3168 Ho-

106 3205 203 3276 hcldo
220 3205 284 3272 lilio
300 3205 444 3274 Hohcldi
459 3205 501 3273 ab
518 3207 632 3294 altera,
652 3207 739 3274 idem
755 3206 851 3276 Scele
871 3206 1039 3274 confessus
1056 3214 1115 3293 cst,
1142 3209 1230 3291 quod

17 3321 18 3348 ³
106 3321 224 3381 terram
240 3333 334 3381 suam
351 3314 548 3401 emptitiam,
571 3315 757 3399 contiguam
773 3315 918 3382 ciusdem
932 3321 1016 3382 terre
1032 3315 1162 3400 Rogata
1176 3336 1231 3384 vo-

105 3430 185 3507 cate,
203 3441 301 3508 quem
317 3427 412 3509 pater
426 3419 521 3489 Scele
537 3441 559 3488 a
573 3419 650 3506 lilijs
666 3423 786 3511 Minus,
802 3423 954 3508 Martino,
967 3423 1069 3508 Buck,
1089 3425 1230 3491 Lauron-

17 3547 18 3628 3
104 3529 317 3618 cio,01npet
332 3529 455 3616 Mylaon
471 3529 638 3617 uidelicet,¹
663 3551 806 3598 necnon
831 3531 898 3600 lilio
918 3532 1097 3599 Alexandri
1122 3533 1230 3602 Pousa

105 3639 244 3723 nominc,
270 3639 381 3724 precio
407 3646 633 3724 compararat;
660 3645 755 3725 prout
770 3641 804 3706 in
830 3639 1005 3726 priuilegio
1024 3641 1153 3708 andree
1170 3643 1230 3709 Dei

105 3747 219 3830 gracia
233 3747 334 3832 Regis
349 3746 518 3833 Huugarie
541 3747 669 3834 plonius
686 3747 879 3835 continetur,
905 3749 1062 3834 Magistro
1079 3747 1231 3816 Hoholdo

104 3854 247 3939 predicto
273 3876 333 3942 pro
358 3855 579 3941 quadraginta
604 3856 723 3924 marcis
747 3855 934 3925 vendidisse
951 3855 1048 3942 (lgy),
1073 3863 1230 3943 perpetuo

105 3973 135 4030 ct
155 3963 420 4032 irrcuocabiliter
447 3964 688 4050 possidendam.
714 3962 813 4034 Cuius
840 3972 926 4033 terre
955 3971 1047 4052 mete,
1076 3971 1171 4051 prout
1196 3971 1229 4030 ln

104 4071 188 4140 dicto
214 4071 389 4158 priuilegio
404 4071 534 4139 Audrec
559 4071 660 4158 Regis
685 4073 878 4160 continetur,
905 4073 966 4141 hcc
983 4071 1095 4139 ordine
1118 4072 1229 4140 distin-

17 4263 18 4272 ,
104 4187 233 4262 guntur.
249 4179 361 4246 Primo
375 4179 529 4247 uidelicet
543 4187 631 4248 metu
646 4181 761 4267 incipit
779 4189 910 4269 aparte
925 4180 1069 4265 orientis,
1091 4187 1124 4248 et
1138 4180 1230 4248 uadit

17 4273 18 4276 ¹
104 4289 144 4354 ad
160 4295 288 4375 partem
313 4288 569 4376 meridionalem,
594 4294 628 4357 et
642 4289 689 4356 ibi
705 4290 795 4376 ponit
820 4298 941 4359 motam
967 4288 1127 4376 primam,
1153 4287 1229 4355 inde

17 4383 18 4386 ¹
102 4395 281 4481 regreditur
297 4395 342 4464 ad
357 4417 476 4465 nouam
491 4397 626 4483 curiam,
652 4403 685 4465 et
700 4397 746 4465 ibi
762 4403 976 4466 commetatur
999 4415 1072 4464 cum
1093 4395 1228 4482 eudem;

103 4503 220 4571 dehinc
235 4505 419 4590 regreditur
442 4511 476 4573 et
490 4505 600 4590 uergit
615 4523 675 4592 peu
700 4505 803 4573 melas
823 4506 973 4590 signatas
994 4506 1028 4572 iu
1045 4505 1227 4588 arboribus,

103 4620 132 4676 ct
147 4614 296 4699 peruenit
312 4613 357 4680 ad
371 4613 506 4680 fluuium
523 4611 661 4694 Konisc,
688 4621 721 4680 et
735 4615 919 4682 transuadit
938 4614 1038 4698 illud,
1065 4613 1139 4680 hinc
1156 4612 1228 4680 diri-
