3122 5154
588 325 741 427 A

106 519 171 591 indc
198 523 244 592 ad
260 523 418 608 capanule,
446 520 531 590 uncle
549 541 661 589 uersus
687 522 871 606 aquilonem
898 544 957 610 per
972 524 1059 592 idem
1084 528 1167 591 oculo
1186 526 1229 594 ad

105 629 174 711 lina,
192 630 309 716 dequo
327 628 372 696 ad
389 631 529 717 primam
544 635 664 696 metam
675 629 896 697 Moluneuren.
915 629 1044 716 Omnia,
1066 637 1128 716 que
1145 633 1230 700 infra

107 747 201 806 netas
222 739 304 804 istus
331 737 543 819 continentur,
561 742 593 803 et
608 735 742 804 fluuium
758 737 875 824 Hydus
895 758 968 805 cum
984 739 1092 806 insula
1109 740 1229 808 Molun·

106 865 193 911 enren
219 865 321 929 usqne
348 845 393 911 ad
419 843 535 929 Hydus
560 844 684 927 stege,
710 843 926 929 prenominati
953 844 1063 913 Abbas
1089 852 1121 912 et
1147 847 1228 914 Con-

108 959 212 1018 uentus
238 951 347 1018 eidem
374 951 494 1020 Chertu
519 957 551 1018 ct
568 951 716 1037 cognatis
743 953 811 1019 suis
835 960 1083 1036 concesserunt3
1112 953 1228 1022 dantes

108 1059 180 1126 inira
195 1061 231 1126 in
249 1061 354 1147 pratis
371 1068 404 1127 et
421 1061 454 1126 iu
473 1059 685 1144 arundinetis,
703 1079 766 1144 que
782 1067 857 1128 sunt
873 1063 958 1128 ultra
975 1062 1106 1130 fluuium
1123 1061 1227 1130 Hidus

110 1187 210 1234 uersus
226 1167 441 1252 occidentem,
467 1173 662 1253 potestatem
678 1166 822 1234 fulcaudi
838 1167 958 1250 fenum,
976 1169 1117 1236 metendi
1134 1188 1226 1236 arun-

108 1273 187 1341 dines
213 1275 258 1340 ad
287 1295 378 1342 usum
402 1277 546 1360 ipsorum
571 1273 776 1341 sufficienter.
803 1273 887 1352 Quia
912 1296 986 1342 uoro
1012 1275 1077 1340 ium
1104 1277 1227 1347 tociens

110 1379 173 1446 dicti
189 1380 314 1450 Chertu
330 1380 472 1450 fidelitas
489 1403 554 1450 non
570 1401 611 1448 ex
627 1381 789 1467 condigno
805 1381 911 1448 luerat
927 1403 985 1466 per
1002 1383 1063 1450 hoc
1079 1403 1227 1454 remune-

109 1497 176 1572 rata,
203 1508 278 1556 uum
294 1509 359 1556 uon
383 1491 416 1556 in
433 1509 556 1556 meram
571 1489 756 1558 libertatem
782 1489 888 1575 ipsum
910 1497 943 1556 et
968 1498 1124 1574 cognatos
1150 1509 1226 1559 suos

109 1599 376 1683 transtuleramus,
395 1598 495 1666 sedin
507 1598 626 1665 liberos
637 1598 830 1683 iobagiones
843 1598 999 1681 Ecclesia,
1021 1599 1226 1686 sicutsupra-

111 1703 258 1788 diximus3
287 1707 373 1772 hanc
389 1706 453 1772 sibi
477 1707 609 1789 suisque
632 1705 781 1790 cognatis
809 1705 1062 1772 antenominatis
1082 1707 1226 1790 graciam

110 1812 318 1880 concessimus
344 1813 528 1898 specialem,
556 1822 591 1880 ut
617 1831 818 1897 quecumque
844 1813 980 1878 collecta
1004 1811 1057 1878 uel
1081 1813 1226 1894 quelibet

110 1920 224 1988 exactio
251 1921 287 1986 in
301 1921 416 2005 Regno
436 1928 545 1990 nostro
570 1921 746 2004 emerserit,
773 1919 836 2006 ipsi
853 1920 896 1986 ab
922 1938 1031 1985 earum
1059 1919 1225 1988 solucione

111 2025 190 2095 liberi
206 2028 275 2095 sint
290 2029 420 2115 penitus
437 2035 469 2095 et
483 2029 640 2112 inmunes,
657 2047 717 2094 nec
736 2027 908 2094 occasione
933 2047 1045 2094 earnm
1065 2027 1223 2112 aliquate-

110 2154 159 2201 nus
173 2135 394 2202 molestentur.
420 2137 464 2202 Vt
479 2136 578 2222 igitur
592 2136 652 2202 hec
669 2143 781 2204 nostra
805 2132 973 2201 ordinacio
990 2155 1029 2200 ac
1057 2136 1224 2204 concessio

108 2243 241 2329 legitime
265 2243 355 2310 sacta
381 2245 476 2311 salua
501 2263 629 2331 semper·
656 2250 688 2309 et
712 2243 904 2310 inconcussa
929 2250 1137 2330 permaneat,
1164 2263 1224 2310 neo

109 2353 200 2436 possit
212 2352 420 2438 imposterum
438 2371 495 2438 per
511 2351 696 2437 quempiam
713 2349 903 2434 retractari3
921 2357 1089 2436 presentes
1105 2350 1139 2416 in
1155 2371 1224 2434 per·

110 2467 227 2546 petuam
244 2459 293 2526 rei
308 2460 496 2527 memoriam
522 2467 554 2526 ct
570 2459 754 2526 firmitatem
769 2459 898 2525 litteras
914 2458 1065 2524 duximus
1089 2477 1217 2524 concen-

112 2569 236 2652 dendas,
266 2567 406 2655 duplicis
431 2566 531 2652 sigilli
547 2567 650 2634 nostri
675 2565 851 2634 munimine
868 2564 1106 2650 inperpetuum
1131 2565 1223 2632 robo-

110 2685 196 2745 ratas
222 2679 344 2744 Datum
359 2695 419 2763 per
435 2693 549 2742 manns
567 2673 716 2760 Magistri
732 2671 901 2740 Benedicti
917 2670 1077 2757 Propositi
1100 2671 1225 2740 Buden-

110 2783 158 2868 sis,
181 2786 254 2852 aule
280 2791 390 2851 nostre
405 2779 706 2864 UiueOancellarij‚
736 2799 821 2846 anno
847 2779 978 2846 Domini
995 2779 1040 2844 M?
1054 2777 1118 2844 00?
1135 2778 1225 2847 crine

109 2889 181 2959 uino
206 2911 306 2976 nono,
333 2890 509 2958 tredecimo
532 2886 694 2956 kalendas
719 2887 810 2972 Maij,
827 2885 932 2970 Regni
957 2893 1066 2952 autem
1094 2883 1225 2974 (nostri)

110 3017 184 3068 anno
203 3006 326 3086 quarto.

193 3196 241 3261 (Aa
254 3197 357 3251 eredeti
369 3194 436 3250 utin
449 3197 473 3248 N
476 3211 529 3262 ας]
542 3196 622 3256 Imre,
635 3195 723 3246 Enseu
736 3188 905 3259 Olcminyttr
916 3193 964 3248 1v.
977 3193 1034 3246 hut
1050 3195 1092 3245 22.
1105 3194 1134 3260 1.)

529 3497 800 3510 Ἣ
