3134 5158
809 271 965 376 Q

324 479 357 538 et
372 470 526 555 Bnycym,
542 489 582 536 ac
595 467 741 552 cognatis
757 468 941 554 eorundem,
959 471 1046 556 quia
1061 469 1218 541 fidelitate
1229 473 1341 542 debita
1357 472 1454 540 aber-

323 584 452 663 rarant,
477 583 591 646 contra
606 577 725 644 multos
743 579 847 645 eciam
863 577 946 646 alios
962 579 1120 648 aduersus
1136 581 1272 666 Regiam
1292 581 1450 649 Maiesta-

321 693 388 754 tem
413 685 607 754 resultantes
632 685 665 750 in
691 685 795 770 prelio
820 687 930 754 nauali
946 691 979 754 et
993 689 1139 756 terrestri
1164 708 1242 774 sepe
1268 707 1308 756 ae
1332 689 1448 776 sepius

323 794 460 862 uiriliter
484 791 695 876 dimicantes,
727 791 927 862 laudabilem
955 795 1126 865 uictoriam
1157 797 1377 866 obtinuissent
1413 805 1450 862 et

322 900 551 988 tribumphum,
567 921 625 988 per
641 919 737 970 omne
752 902 900 988 spacium
915 903 1072 990 temporis
1090 905 1223 972 inomni
1239 905 1378 973 seruicia
1390 925 1447 972 un-

321 1019 389 1078 stro
408 1009 589 1077 immobiles
599 1009 819 1094 perstiterunt.
833 1007 884 1077 Ad
894 1011 955 1078 hec
965 1018 1193 1100 cumtempore
1203 1013 1447 1100 persecucionis

322 1117 555 1187 Tartbarorum
565 1117 706 1202 qualitas
718 1121 871 1204 temporis
888 1127 920 1186 et
935 1121 1063 1204 negocii
1080 1121 1123 1187 ad
1134 1127 1246 1209 partes
1257 1121 1441 1189 maritimas

323 1246 382 1295 nos
398 1227 561 1313 exegisset
577 1225 750 1309 declinare,
774 1224 874 1310 ijdem
897 1227 961 1312 ipsi
977 1247 1036 1298 uos
1061 1234 1247 1312 monstras,
1272 1236 1445 1313 umquam

323 1335 435 1404 fideles
450 1336 551 1404 nostri
567 1341 599 1403 et
615 1332 735 1417 deuoti,
761 1333 874 1402 sedulo
891 1343 1105 1423 receptantes,
1130 1340 1284 1406 uniuersa
1310 1358 1373 1424 que
1389 1339 1449 1404 ba·

324 1443 444 1512 bebant
460 1441 504 1510 ad
514 1447 659 1510 nostrum
674 1449 1091 1532 exposueruntpreceptum
1108 1451 1139 1512 st
1149 1445 1347 1530 mandatum,
1364 1465 1446 1512 snas

323 1571 481 1640 personas
497 1559 610 1620 canna
623 1551 761 1618 insultus
775 1551 987 1618 'l'artbaricos
1004 1558 1035 1618 et
1051 1553 1135 1620 alios
1145 1551 1296 1621 diuersos
1312 1553 1446 1621 fortune

324 1681 420 1729 casus
446 1658 667 1745 multipliciter
692 1657 903 1746 exponendo,
930 1659 1088 1745 quosdam
1108 1661 1223 1746 eciam,
1249 1660 1353 1748 quiin
1370 1661 1448 1748 ipso

323 1775 441 1836 euentu
465 1789 501 1837 se
525 1768 651 1853 erigere
666 1775 699 1836 et
723 1767 879 1836 extollere
904 1777 1017 1836 eontra
1033 1791 1093 1839 nos
1116 1771 1330 1856 intentabant,
1357 1789 1448 1838 com·

323 1875 549 1944 mendabiliter
564 1882 796 1960 represserunt.
813 1874 881 1942 Nos
897 1876 1007 1976 igitur,
1023 1877 1140 1960 quibus
1157 1897 1198 1944 ex
1213 1877 1319 1946 officio
1340 1877 1449 1962 Regio

324 1983 493 2070 dignitatis
508 1981 666 2048 incumbit
691 1980 795 2048 metiri
813 1982 929 2049 merita
943 1982 1155 2068 singulorum,
1181 1991 1213 2051 et
1228 1981 1365 2069 singulis
1382 2003 1448 2068 pro

323 2091 446 2160 moritis
462 2087 669 2177 respondere,
693 2097 761 2157 tam
777 2091 931 2159 eximiam
947 2092 1103 2160 bonorum
1120 2099 1250 2160 actuum
1265 2091 1449 2180 prerogati-

322 2221 399 2269 uam
408 2199 590 2267 memoriter
603 2197 788 2283 retinentes,
803 2196 997 2266 Comitatum
1007 2199 1249 2268 Brebcrieussm
1259 2220 1332 2268 cum
1342 2200 1449 2266 omni-

322 2312 383 2378 bns
409 2306 602 2376 utilitatibus
627 2313 659 2372 et
673 2305 881 2392 pertinenciis
907 2307 1010 2374 suisa
1030 2307 1291 2394 progenitoribus
1318 2306 1444 2376 nostris

322 2418 368 2486 cis
379 2415 557 2484 liberaliter
573 2413 726 2482 datumst
736 2415 900 2500 collatum,
918 2415 1078 2484 acinolite
1089 2417 1329 2485 recordacionis
1340 2417 1449 2502 patris

241 2551 243 2554 ·
320 2527 422 2596 nostri
446 2525 619 2612 priuilegio
636 2523 832 2610 roboratum,
859 2526 945 2611 quod
960 2533 1070 2594 tamen
1097 2547 1173 2595 casu
1200 2526 1318 2594 dicitur
1344 2525 1446 2592 amis-

320 2657 401 2721 sum,
418 2637 515 2722 plene
531 2642 564 2701 et
579 2633 715 2719 pacifice
731 2631 853 2701 eisdem
869 2633 1019 2701 duximus
1036 2633 1303 2718 confirmandum,
1323 2639 1448 2700 uttam

320 2745 385 2831 ipsi
399 2763 497 2828 quam
511 2742 656 2828 ipsorum
672 2738 807 2808 heredes
823 2741 1042 2824 heredumque
1058 2762 1264 2812 successores
1279 2743 1312 2809 in
1328 2760 1448 2828 perpe-

320 2863 409 2920 tuum
425 2849 616 2936 possideant
632 2849 726 2934 pleno
742 2849 820 2916 iure.
847 2852 885 2916 ln
901 2852 993 2918 cuius
1009 2851 1268 2920 confirmacionis
1292 2857 1326 2916 et
1339 2850 1444 2918 colla-

320 2960 423 3030 cionis
438 2955 626 3025 memoriam
651 2964 683 3024 et
696 2961 886 3041 perpetuam
905 2958 1090 3026 firmitatem
1115 2965 1285 3044 presentes
1311 2977 1448 3024 conoes-

320 3067 422 3136 simus
437 3066 563 3133 litteras
587 3063 802 3149 impressione
817 3083 916 3132 auree
930 3066 1020 3134 bulle
1044 3072 1154 3135 nostre
1169 3066 1351 3136 roboratas.
1373 3066 1446 3132 Da-

319 3183 387 3242 tum
414 3191 472 3258 per
497 3189 611 3239 manus
634 3170 830 3238 venerabilis
861 3172 964 3257 patris
992 3172 1161 3240 Benedicti
1187 3171 1444 3258 Archiepiscopi

320 3283 507 3354 Oolocensis
532 3284 607 3351 aule
630 3289 740 3350 nostre
755 3280 960 3368 Oancellarij.
987 3281 1177 3354 Reuerendo
1196 3283 1361 3370 Stephano
1379 3285 1445 3350 Ar-

319 3391 525 3480 cbiepiscopo
551 3389 775 3476 Strigoniensi,
801 3389 925 3459 Basilio
941 3393 1147 3478 Oenadiensi,
1174 3389 1270 3460 Gallo
1286 3391 1444 3458 Vltrasil-

319 3523 415 3588 uano,
440 3499 586 3568 Zalando
611 3499 865 3586 Wesprimlensi,
892 3501 1059 3584 Heymone
1083 3500 1258 3584 Waciend,
1284 3499 1444 3587 Philippo

318 3610 541 3696 Zagrabiensi,
559 3609 731 3696 lamperto
743 3607 906 3694 Agrionsi
922 3609 1049 3677 Achille
1064 3608 1444 3695 Quinque-Ecclesiensi,

317 3719 476 3806 Artolpbo
501 3715 673 3801 lauriensi,
690 3715 876 3784 Wincsucio
891 3715 1099 3784 waradiensi
1125 3716 1308 3802 Episcopis,
1328 3714 1447 3782 Eccle-

317 3825 385 3895 sias
409 3825 471 3893 Dei
495 3823 668 3893 salubriter
694 3823 963 3909 gubernantibus,
993 3823 1150 3908 Magistro
1176 3823 1238 3892 Job
1264 3825 1444 3910 Proposito

317 3933 460 4016 Albensi,
484 3933 558 4000 aule
582 3939 692 3999 nostra
715 3929 1031 4015 vice-(lancelinus,
1055 3931 1202 3999 Rolando
1228 3931 1379 3999 Palatino
1407 3943 1448 4004 et

316 4042 441 4112 Oomite
464 4040 666 4126 Posoniensi,
692 4038 859 4126 Stephano
884 4041 975 4108 Bono
1001 4039 1105 4108 tocius
1132 4041 1314 4124 Sclauonie,
1342 4039 1447 4110 chau

315 4149 473 4236 Magistro
499 4148 766 4218 'lawarnicorum
790 4155 971 4216 nostrorum
999 4157 1030 4216 et
1056 4149 1180 4218 Gemite
1211 4148 1445 4236 Suprunicnsi,

315 4256 497 4326 Laurencio
507 4255 932 4342 WoyauodeVltrasilnano
949 4263 981 4324 ot
996 4255 1123 4324 Gemite
1140 4257 1180 4324 de
1190 4256 1316 4338 Wloon,
1333 4257 1448 4330 Panlo

316 4361 432 4432 ludios
457 4361 552 4431 Ourie
576 4369 685 4430 nostre
710 4371 742 4430 ct
760 4361 886 4432 (lomite
910 4363 1107 4448 Zaladiensi,
1134 4363 1284 4432 Dionisio
1313 4364 1452 4434 Zounn-

316 4469 454 4553 quiensi,
479 4468 614 4538 Hernico
638 4469 833 4553 Simigiensi,
858 4471 996 4540 Nicolao
1022 4470 1178 4556 Magistro
1208 4469 1454 4558 Dapiierorum

315 4581 507 4658 nostrorum,
524 4575 635 4662 Bagou
647 4579 802 4660 Magistro
819 4578 1049 4646 Pincernarum
1064 4587 1247 4648 nostrorum
1263 4587 1296 4646 et
1311 4580 1451 4653 comite
