3134 5150
106 1047 131 1110 A
146 1043 416 1130 tsekeeseberedri
431 1043 654 1130 kdptabunnak
669 1045 933 1132 bieoopsoptsoeb
948 1047 1033 1115 Osee
1045 1054 1225 1139 nemzdsep

303 1151 499 1218 polimitis
515 1175 611 1218 eomes
629 1153 898 1238 ueprendeletenb'l.
923 1160 1019 1224 1237.

206 1351 244 1418 In
268 1351 398 1416 nomine
413 1349 522 1416 Petris
548 1356 580 1416 et
593 1349 670 1435 Filij
688 1357 721 1416 et
738 1352 879 1437 Spiritus
904 1357 1016 1422 Seneti
1031 1359 1144 1424 Amen.
1171 1360 1224 1424 Al-

108 1459 215 1525 bensis
240 1458 385 1524 Ecclesie
403 1457 589 1542 Capitulum
614 1459 774 1526 vniuersis
799 1462 1003 1546 presentibus
1030 1472 1061 1530 et
1084 1466 1225 1550 posteris

16 1589 17 1596 ¹
108 1571 269 1650 presentes
286 1564 414 1630 litteras
431 1563 625 1650 inspecturis
641 1564 780 1631 salutem
796 1565 830 1632 in
846 1577 1050 1654 perpetuum.
1069 1571 1127 1636 Vir
1138 1570 1226 1638 nobi·
1322 1549 1331 1570 ⁸

106 1675 143 1740 lis
167 1681 200 1739 et
224 1673 363 1738 illustris
390 1669 508 1738 Comes
523 1670 701 1755 uyoolaus,
728 1671 827 1738 freter
842 1674 958 1758 Vgrini
980 1675 1226 1764 Archiepiseopi

16 1863 17 1878 χ
108 1782 266 1866 quondam
281 1767 519 1864 Strig'oniensis
545 1777 585 1844 de
602 1798 721 1864 genere
737 1779 836 1864 Chao,
863 1802 935 1847 oum
951 1783 1017 1850 tilio
1037 1805 1095 1854 suo
1111 1787 1227 1872 primo·

107 1890 211 1973 genito
227 1889 317 1954 Ysee
341 1888 375 1953 in
390 1886 561 1974 presencia
584 1887 687 1954 nostri
710 1890 902 1956 constitutus
927 1891 1060 1977 publiea
1084 1895 1118 1960 in
1143 1893 1227 1960 buno

107 1995 232 2062 modum
245 1996 358 2062 retulit
372 1994 556 2061 assensione
574 2017 581 2057 :

208 2104 281 2188 Ego
298 2101 416 2168 Comes
431 2101 598 2186 Nyeolsus
614 2101 716 2167 freter
727 2103 853 2188 Vgrini‚
870 2105 1114 2194 Arehiepiseopi
1129 2129 1228 2194 quon-

16 2237 17 2280 r
108 2211 178 2278 dem
189 2210 439 2295 strigoniensis,
449 2227 629 2294 preeeuens
639 2209 672 2276 in
687 2209 831 2276 futurum
842 2212 1061 2280 dissensiones
1078 2216 1227 2300 fortasse,

107 2329 137 2388 et
152 2319 381 2386 contenciones
390 2317 475 2382 inter
489 2316 572 2383 filios
582 2338 671 2384 meos
687 2317 812 2386 suturas
828 2321 941 2386 uolens
952 2325 1135 2408 preuenire,
1151 2342 1226 2408 pos·

16 2519 17 2524 ἵ
108 2427 267 2494 sessiones
278 2445 370 2492 mess
381 2432 413 2490 et
428 2425 601 2492 facultates
611 2428 883 2494 testamentaliter
894 2429 1063 2496 distribui:
1084 2429 1230 2494 Primam

16 3175 18 3274 t

16 3277 17 3340 ἶ
111 3282 301 3368 Gregorium
318 3293 351 3350 et
365 3285 496 3368 Jnxom,
517 3283 602 3350 Ysue
616 3284 737 3367 legeui,
754 3285 895 3367 reliquos
912 3304 989 3351 uero
1006 3293 1154 3368 quatuor,
1172 3281 1232 3348 sei-

112 3394 184 3458 lieet
198 3391 387 3475 (κατείπω,
404 3392 551 3476 Bessum,
568 3391 693 3476 Zugud.
711 3397 743 3455 et
758 3392 894 3458 Misoem
911 3391 1035 3458 dnobus
1054 3389 1233 3456 minoribus

112 3498 238 3583 legeni;
256 3505 291 3562 et
305 3499 411 3581 ipsum
427 3505 546 3561 terrem
562 3497 648 3562 Eeur
664 3497 744 3580 ipsis
760 3495 793 3560 in
810 3517 987 3562 commune.
1004 3495 1131 3564 Deinde
1147 3494 1234 3560 Ysse

16 3599 17 3688 Ῑ
114 3605 176 3670 iiio
193 3623 267 3671 meo
284 3603 433 3686 inprimis
443 3604 554 3688 lugani
569 3611 688 3669 terrum
701 3603 820 3688 Keregj
836 3623 908 3668 eum
920 3610 1043 3688 septem
1063 3601 1234 3688 libertinis,

108 2543 236 2617 terrem,
263 2554 328 2619 que
343 2541 394 2599 est
409 2534 503 2598 iuxta
528 2531 701 2600 ecelesiam
716 2534 834 2600 Senete
850 2533 973 2617 Crucis,
998 2535 1109 2620 tegani
1127 2533 1229 2600 tribus

109 2643 180 2708 tiliis
196 2641 279 2708 meis
296 2641 331 2707 in
348 2658 526 2722 commune,
543 2637 695 2706 videlieet
710 2639 797 2708 Ysee
812 2641 1029 2726 primogenito
1049 2661 1132 2724 meo,
1148 2640 1231 2708 Leu-

109 2751 224 2831 reneio,
241 2757 275 2815 et
290 2748 444 2830 iohanni,
461 2747 571 2814 taliter
581 2746 795 2834 disponendo,
812 2755 848 2814 ut
863 2748 997 2832 quilibet
1007 2769 1117 2816 eorum
1132 2767 1232 2833 super

112 2877 180 2922 eam
205 2865 328 2924 terram
353 2854 397 2920 ud
412 2875 506 2921 suum
530 2856 616 2922 nelle
637 2855 765 2922 edificio
789 2856 984 2940 eonstitust;
1011 2856 1140 2922 edifiein
1155 2875 1234 2922 uero

106 2962 223 3046 iuniori
239 2963 306 3030 filio
322 2981 396 3028 meo
412 2962 533 3046 legeui.
562 2966 605 3029 Et
620 2963 805 3050 porcionem
822 2983 929 3030 meum
944 2963 985 3030 de
1001 2965 1086 3030 silua
1101 2964 1231 3028 Wertns

111 3071 257 3137 similiter
274 3071 400 3136 eisdem
425 3071 458 3136 in
476 3090 645 3137 commune
660 3069 780 3154 legum,
808 3090 879 3136 eum
896 3091 953 3136 sex
977 3069 1163 3136 eustodibns
1180 3067 1233 3133 sil·

111 3197 231 3260 uerum,
248 3177 356 3260 quiin
373 3177 453 3242 nilla
470 3177 555 3242 Eeur
567 3177 796 3262 oonbnbitsnt5
823 3177 865 3243 de
880 3177 998 3261 quibus
1018 3177 1091 3261 duo,
1109 3175 1234 3242 scilieet

114 3732 245 3796 quorum
260 3713 395 3777 nomine
416 3711 477 3776 hee
493 3719 569 3776 sunt
586 3733 593 3772 :
619 3711 745 3795 Npebu,
762 3710 926 3796 Tyrodor,
943 3711 1092 3796 Mogebu,
1109 3710 1233 3790 Rebus,

114 3819 178 3899 lbs,
193 3821 312 3903 Mogus
337 3824 369 3883 et
383 3818 565 3904 Sebereda;
592 3818 671 3884 item
686 3819 798 3902 tegani
820 3817 927 3884 eidem
951 3825 1070 3884 terram
1095 3815 1137 3882 de
1152 3817 1234 3882 uilla

114 3924 210 3993 cotun
227 3927 354 4010 absque
369 3924 540 3991 libertinis.
559 3927 639 3990 ltem
660 3924 766 3990 eidem
780 3926 889 4008 legeui
904 3931 1024 3992 terrem
1034 3921 1146 3991 Vrund
1161 3941 1234 3988 eum

113 4043 248 4119 quatuor
263 4033 443 4115 libertinis,
469 4051 605 4117 quorum
623 4033 754 4099 nomine
769 4033 829 4098 beo
845 4037 938 4098 sunt:
964 4029 1080 4114 Eguld,
1097 4028 1234 4114 Aehold,

113 4141 221 4208 Buzsd
247 4151 281 4206 et
295 4141 448 4224 Mntbey3
480 4141 557 4207 item
582 4141 692 4224 tegani
717 4141 823 4206 eidem
847 4147 967 4204 terrem
992 4137 1131 4222 'Pubogd
1162 4157 1235 4204 eum

112 4261 234 4340 septem
249 4252 422 4334 libertinis,
447 4270 582 4334 qnorum
598 4251 733 4317 nomina
748 4250 808 4316 bee
823 4255 900 4316 sunt
916 4271 924 4312 ε
942 4251 1094 4331 Ineunun,
1111 4247 1236 4314 Ander-

113 4381 175 4436 ωε,
192 4363 315 4446 Bngur,
341 4360 455 4440 Ereus,
481 4359 631 4436 Joeobus,
651 4358 780 4436 Foreos,
806 4369 839 4423 et
860 4359 996 4442 Moeby;
1022 4356 1100 4423 item
1124 4357 1236 4440 tegani

114 4467 214 4534 eidem
230 4476 353 4534 terrm
370 4467 438 4532 Ker
465 4487 537 4532 ounr
554 4465 681 4532 «luobus
701 4465 868 4542 libertinis,
884 4462 1161 4551 quorumnominn
1175 4466 1237 4532 beo

114 4586 202 4642 sunt:
219 4577 329 4643 Porus
346 4587 380 4642 et
395 4578 500 4662 Tugu;
528 4576 636 4659 lepeui
661 4573 765 4640 eciem
782 4573 885 4640 eidem
910 4581 1029 4640 terrem
1047 4573 1138 4656 Vrse,
1163 4591 1237 4638 enm
