3102 5160
875 299 942 365 ‘aot

344 501 444 582 senti,
467 517 565 585 qnam
583 517 645 581 que
661 497 703 564 ab
720 513 760 562 eo
775 494 979 582 suscepimus
995 493 1166 564 indecidne
1182 493 1348 564 fidelitatis
1358 503 1391 564 et
1405 498 1485 562 emi-

342 609 492 677 neneium
511 603 723 673 seruiciorum
734 622 870 670 munera
890 601 1103 688 frequentata,
1121 605 1363 690 possessionem
1379 625 1483 688 quan-

341 716 419 782 dam
438 713 569 783 nomine
586 713 718 778 Bosana
744 709 829 778 ultra
848 708 1011 796 D(rauum
1031 707 1080 794 in)
1097 708 1261 779 Comitatu
1287 710 1483 778 Zaladiensi

344 826 547 904 existentem,
576 819 682 887 eidem
706 815 877 886 Herbordo
894 817 1009 884 Comiti
1036 824 1068 885 et
1084 819 1151 886 suis
1177 817 1365 903 heredibus,
1391 821 1484 885 here-

348 933 492 1014 dumque
508 925 761 1009 suecessoribus,
778 926 827 992 sic
842 945 924 1012 pure
940 945 979 992 ac
995 925 1091 1012 plene
1108 926 1302 992 contulimus
1318 927 1389 992 inre
1405 947 1482 1012 per-

346 1047 445 1126 petuo
462 1034 704 1123 possidendam,
731 1040 847 1100 uttam
865 1033 1020 1117 donandi,
1047 1053 1144 1116 quem
1160 1033 1334 1122 vendendi,
1354 1055 1413 1102 seu
1430 1035 1481 1100 di-

345 1146 503 1232 mittendi,
531 1147 564 1212 in
584 1145 698 1212 ultimo
724 1149 918 1211 testamento
943 1141 1149 1230 cuicum(quc
1173 1143 1313 1210 voluerit
1337 1144 1480 1210 liberam

344 1261 378 1320 et
402 1250 605 1340 a)bsolntam
633 1249 754 1315 habeat
778 1247 977 1334 facultatem,
1008 1249 1070 1314 sub
1095 1247 1219 1314 eisdem
1244 1249 1391 1318 terminis
1417 1269 1480 1316 seu

344 1361 450 1444 metis,
469 1365 501 1425 et
516 1377 589 1424 eum
604 1355 753 1425 omnibus
769 1355 992 1441 pertineneijs,
1009 1355 1125 1441 quibus
1135 1355 1227 1422 fratri
1244 1377 1302 1423 suo
1319 1357 1479 1424 beneme-

342 1469 446 1538 moric
463 1463 639 1532 Benedicto
655 1463 819 1549 quondam
836 1464 1001 1550 Episcopo
1017 1462 1215 1546 laurinensi,
1241 1483 1305 1548 quo
1321 1461 1478 1532 defuncto

343 1577 461 1645 eadem
483 1575 647 1661 possessio
668 1571 712 1638 ed
732 1579 862 1639 nostras
879 1592 994 1640 manus
1008 1571 1116 1638 extitit
1141 1571 1305 1656 deuolute,
1331 1575 1477 1642 contule-

347 1685 473 1770 (ramus
490 1681 637 1748 eandem.
654 1679 814 1766 Term)ini
830 1687 940 1746 autem
956 1677 1175 1764 possessionis
1184 1678 1299 1764 ipsius,
1320 1679 1404 1748 sieut
1413 1702 1478 1767 per

345 1793 472 1860 litteras
498 1789 609 1856 dilecti
634 1795 666 1856 et
682 1787 789 1855 fidelis
814 1787 917 1856 nostri
944 1787 1094 1873 Dionysij
1120 1787 1262 1854 Palatini
1287 1794 1319 1854 et
1339 1791 1477 1857 Comitio

345 1897 567 1982 Posoniensis,
586 1904 660 1962 tune
686 1895 769 1962 Bani
792 1896 898 1964 tocius
923 1895 1097 1962 Solanonie
1112 1895 1207 1961 nobis
1232 1895 1387 1980 constitit,
1412 1899 1478 1964 hoe

345 2006 458 2074 ordine
483 2005 713 2088 distinguntur.
740 2003 860 2088 Incipit
888 2002 988 2088 igitur
1003 2004 1048 2068 ab
1072 2003 1199 2071 oriente
1214 2021 1257 2069 ex
1277 2010 1372 2090 parte
1387 2011 1476 2072 terre

343 2115 506 2199 Beryvoy,
524 2111 579 2178 ubi
594 2109 658 2178 dno
668 2111 757 2196 fluuij
775 2110 961 2196 iunguntur,
978 2111 1034 2194 qui
1049 2111 1179 2177 llseueh
1195 2118 1362 2194 vocantur,
1379 2121 1412 2179 at
1428 2113 1476 2178 ibi

346 2228 396 2288 est
412 2227 499 2288 mete
514 2227 632 2301 terrea,
651 2223 683 2284 et
698 2215 744 2284 ibi
760 2223 848 2283 tenet
864 2225 983 2284 metam
999 2237 1071 2283 enm
1087 2217 1160 2303 ipso
1177 2217 1318 2304 Beriuoy
1333 2218 1400 2286 lilio
1418 2220 1474 2286 Vi-

344 2329 417 2412 dus,
434 2337 466 2396 et
482 2347 598 2415 parum
609 2325 743 2392 inferius
760 2323 999 2408 descendendo,
1015 2331 1105 2392 tenet
1121 2325 1164 2390 ad
1181 2325 1287 2412 Opoy,
1307 2333 1339 2391 et
1358 2325 1404 2392 ibi
1422 2334 1477 2392 est

342 2445 432 2504 meta
448 2445 564 2520 terrea,
591 2440 623 2500 et
639 2432 715 2501 indo
732 2433 901 2501 deseendit
916 2434 960 2500 ad
977 2455 1075 2500 vnum
1093 2433 1243 2518 riuulum,
1261 2434 1316 2518 qui
1336 2442 1475 2502 uocatur

343 2541 637 2632 Mortuup(oto)kn,
662 2549 694 2610 et
708 2542 785 2610 inde
800 2541 970 2610 descendit
985 2542 1029 2608 ad
1044 2543 1146 2608 alium
1162 2542 1278 2626 riuum,
1304 2541 1360 2626 qui
1375 2561 1474 2608 voca-

341 2663 398 2721 tur
414 2651 616 2735 colbaznuk,
634 2657 666 2716 et
690 2650 736 2716 ibi
762 2657 813 2716 est
828 2659 938 2734 meta;
965 2655 998 2716 et
1012 2668 1071 2737 per
1086 2648 1224 2716 eundem
1240 2650 1346 2716 riuum
1369 2650 1477 2716 tendit

343 2761 480 2826 inferius
496 2761 530 2826 in
547 2760 705 2825 minorem
721 2761 866 2843 Razyna,
889 2765 921 2824 et
935 2757 981 2824 ini
997 2758 1115 2824 transit
1131 2758 1287 2824 minorem
1303 2759 1475 2842 Rauynam

342 2869 386 2934 ad
401 2867 566 2950 quandam
583 2867 700 2951 pirum,
717 2867 751 2932 in
766 2886 832 2950 que
848 2873 898 2932 est
917 2885 1006 2951 cmx,
1031 2876 1063 2933 et
1085 2866 1145 2934 sub
1165 2867 1281 2934 eadem
1306 2875 1393 2932 meta
1409 2874 1473 2933 ter-

342 2995 417 3058 rea3
444 2974 521 3040 inde
545 2972 694 3040 ascendit
719 2971 763 3040 ad
779 2993 878 3040 vnum
904 2973 1123 3058 monticulum,
1146 2973 1203 3056 qui
1219 2974 1316 3042 berch
1341 2973 1474 3054 dicitnr,

345 3118 682 3130 ------
687 3131 697 3164 ,
714 3081 771 3148 ubi
787 3089 837 3148 est
855 3088 942 3148 meta
958 3082 1019 3148 sub
1035 3080 1122 3167 fago,
1149 3081 1229 3148 etin
1253 3080 1330 3166 ipsa
1353 3083 1475 3149 arbore

341 3210 421 3256 crux
436 3192 470 3256 in
486 3189 754 3256 consuetudinem
770 3197 875 3274 mete;
892 3189 969 3256 inde
983 3188 1154 3256 descendit
1169 3190 1204 3256 in
1220 3189 1388 3275 quandam
1402 3191 1473 3255 val-

341 3298 416 3382 lem,
431 3298 486 3364 vbi
502 3298 567 3364 duo
584 3297 647 3363 riui
663 3296 852 3382 iunguntur,
869 3305 902 3364 et
917 3297 1036 3366 transit
1051 3297 1148 3382 riuos,
1165 3307 1198 3365 et
1213 3297 1357 3366 vaditad
1372 3317 1476 3364 vnum

342 3404 561 3490 monticulum,
588 3405 643 3470 vbi
659 3413 710 3472 est
730 3411 818 3472 mete
841 3412 965 3492 terree3
991 3404 1068 3471 inde
1092 3404 1262 3472 descendit
1285 3405 1475 3486 invallem,

340 3513 396 3580 vbi
413 3521 464 3580 est
489 3518 578 3578 meta
594 3513 654 3578 snb
672 3513 760 3597 sago,
786 3520 819 3580 et
835 3512 869 3578 in
886 3512 1001 3580 eadem
1017 3531 1095 3579 crux
1120 3512 1319 3596 continetur,
1346 3519 1379 3578 et
1395 3513 1477 3580 inde

339 3619 433 3687 vadit
446 3619 490 3686 ad
507 3639 661 3703 magnam
674 3623 854 3704 Razynam,
870 3619 927 3686 ubi
941 3625 1030 3686 tenet
1045 3639 1119 3686 cum
1134 3618 1329 3688 Oomomcro
1344 3639 1475 3706 pream-

341 3728 416 3797 bulo
433 3733 557 3810 metas,
582 3726 658 3794 inde
674 3729 706 3793 iu
725 3725 840 3796 endem
860 3729 995 3814 Razyne
1010 3728 1102 3796 uadit
1116 3727 1265 3814 superius
1281 3728 1326 3795 ad
1342 3738 1476 3815 partem

338 3833 592 3920 meridionalem,
619 3832 761 3900 tenendo
778 3843 882 3902 metas
898 3855 972 3903 cum
987 3833 1163 3902 Cruciseris
1178 3832 1290 3902 Sancti
1305 3835 1475 3922 Sepulori,

338 3951 371 4009 et
388 3963 446 4028 per
461 3939 599 4009 eandem
615 3942 787 4027 Raaynam
812 3942 917 4009 tendit
937 3943 1098 4028 superius,
1123 3949 1156 4009 et
1171 3947 1260 4009 tenet
1274 3949 1381 4010 metas
1397 3963 1476 4012 cum

337 4048 454 4118 Castro
480 4047 648 4132 Orisiensi,
673 4049 730 4116 vbi
757 4055 809 4116 cst
831 4046 945 4117 domus
961 4049 1135 4135 Zodislon;
1162 4056 1195 4116 et
1210 4048 1288 4116 inde
1304 4049 1337 4116 in
1353 4047 1474 4118 eadem

338 4160 476 4240 Razyna
491 4155 583 4223 vadit
598 4157 760 4243 superius,
786 4164 820 4224 et
834 4158 1004 4244 perueniet
1019 4158 1064 4225 od
1080 4164 1178 4245 caput
1203 4156 1307 4244 ipsius
1325 4159 1474 4244 Razyna,

337 4273 370 4330 et
385 4263 431 4328 ibi
446 4261 580 4348 quidam
604 4261 730 4332 rioulus
756 4264 1092 4352 nominellepcmuclr
1113 4265 1203 4333 cadit
1226 4265 1261 4332 in
1281 4271 1379 4351 caput
1405 4267 1472 4332 Ra-

336 4389 439 4456 nyua;
461 4376 494 4437 et
507 4369 584 4438 inde
597 4371 630 4438 in
646 4371 719 4440 riuo
729 4371 924 4460 Vepernock
933 4371 1026 4441 uadit
1040 4373 1202 4460 superius,
1218 4379 1349 4440 ettenet
1359 4383 1470 4442 metas

337 4475 652 4564 condonatum,
669 4477 746 4548 inde
762 4479 913 4548 aseendit
928 4480 962 4547 in
975 4487 1117 4550 montem
1134 4479 1178 4548 ad
1192 4487 1302 4569 partes
1318 4481 1472 4550 occiden-

337 4585 433 4670 tales,
459 4593 493 4654 et
507 4585 554 4652 ibi
579 4594 629 4654 est
656 4593 744 4654 meta
759 4593 865 4654 terrea
882 4586 943 4655 sub
959 4588 1086 4674 arbore,
1111 4589 1144 4656 in
1166 4607 1231 4671 qua
1247 4595 1298 4656 est
1313 4607 1411 4674 crux;
1438 4601 1473 4658 et
