3112 5148
14 4657 16 4720 i

594 307 749 404 ..ffl-

118 494 220 582 urpm
234 496 306 582 ¹⁸²3
326 505 359 564 et
374 503 492 583 postea
506 499 655 566 ascendit
672 499 715 566 ad
726 507 865 570 montom
882 525 997 573 uersus
1013 507 1170 574 orientem
1186 509 1232 576 ad

111 603 271 672 butactunn
288 605 459 690 auclim03
477 613 511 672 et
526 607 602 674 inde
618 609 791 676 reuertitur
802 610 845 676 ad
861 611 1009 700 priorem¹
1019 622 1150 700 metam
1167 617 1229 683 soi·

109 710 304 798 licatOcrog.
319 711 389 781 Nos
407 713 507 798 igitur
523 713 568 781 ad
584 717 778 802 peticionem
794 721 1081 808 utriusquepartis
1091 723 1125 790 in
1140 725 1231 790 testi-

110 819 242 887 monium
267 819 364 888 buius
379 821 428 888 rei
443 829 613 908 presentes
639 827 766 893 litteras
786 828 948 896 conscribi
964 827 1112 915 fecimus,
1137 839 1170 897 et
1185 833 1229 898 si·

110 927 171 1009 gilii
185 928 291 997 nostri
307 937 474 996 caractere
491 931 766 1004 confirmauimus.
784 937 879 1002 Anno
894 937 1008 1020 gracie
1022 937 1069 1004 Η·
1080 937 1229 1004 buxu

108 1035 208 1100 tercio.
224 1033 815 1122 ExistentevenerabiiiZagrabiensi
832 1043 1050 1130 Episcopo-S,
1067 1045 1143 1112 Fila
1153 1047 1228 1112 Pre-

14 1215 15 1224 ,
109 1140 218 1225 posito,
233 1140 330 1208 Patro
341 1139 493 1224 Castore,
511 1143 797 1230 Barauobectore,
815 1145 974 1232 Gregorio
984 1147 1137 1232 omnus,
1149 1150 1225 1218 Gor·

108 1245 186 1312 nolio
200 1248 345 1331 Dceano,
365 1257 398 1315 et
414 1249 530 1332 ceteris
546 1251 701 1318 fratribus
723 1253 869 1320 eiusdem
886 1255 1042 1322 Ecclesie

14 1423 15 1440 ἢ
108 1443 224 1494 Matio
236 1443 409 1512 biirbirtyim
422 1449 535 1512 melyrbi
549 1463 565 1498 a
579 1445 768 1516 kiptulannak
779 1449 903 1518 pocattjo
912 1451 1060 1506 vitriis-kik
1072 1454 1227 1519 solymi-

305 1552 389 1588 uoron
403 1536 478 1604 fiigg,
493 1553 510 1588 a
524 1539 605 1590 budai
619 1540 671 1590 kir.
685 1541 810 1591 kamarai
822 1537 1014 1608 icrbltirbnu.)

626 2353 702 2422 101.

214 2525 350 2620 θραιαω
365 2535 397 2596 a
417 2533 505 2598 urae
520 2535 654 2600 caroea
668 2537 754 2600 coer
768 2541 805 2621 cj
820 2536 987 2600 canuae
1006 2539 1105 2602 1243.

202 2733 242 2797 Iu
258 2728 380 2798 christi
406 2729 549 2798 nomino.
574 2730 669 2800 Anno
686 2731 931 2798 Inoarnaciouis
956 2731 1026 2798 eius
1052 2733 1226 2800 millesimo

105 2837 319 2905 ducentesimo
343 2835 599 2920 quadragesimo
624 2837 736 2919 tercio,
768 2835 955 2906 Iudiccione
980 2840 1086 2924 prima
1116 2859 1226 2908 mense

104 2944 278 3032 Septembri
304 2944 359 3010 die
375 2944 434 3010 Xi.
454 2942 645 3010 introeunte.
671 2944 887 3030 Temporibus
912 2945 1033 3012 domini
1059 2946 1224 3032 Tregnaui

14 3087 15 3094 κ
104 3051 294 3120 venerabilis
312 3049 478 3135 Episcopi,
495 3049 667 3134 Stepoonis
684 3049 827 3134 Comitis,
850 3051 936 3118 Petri
953 3053 995 3119 de
1011 3055 1112 3135 Luca,
1129 3053 1224 3120 Pauli

103 3171 132 3228 ei
153 3159 286 3228 biartiui
308 3157 414 3240 Blasij
436 3156 586 3222 Judicum
611 3157 881 3241 Traguriensium
909 3159 1031 3226 factum
1057 3166 1117 3226 est.
1144 3160 1223 3228 Ouur

101 3271 177 3338 inter
193 3269 285 3335 ciues
301 3267 515 3352 Spalatenses
530 3273 563 3332 ot
578 3265 815 3350 Tragurionses
832 3288 872 3332 er
888 3267 1014 3350 antiqui
1035 3269 1137 3336 hostis
1152 3291 1225 3357 per-

100 3377 249 3446 suasione
265 3372 377 3458 gnaris
393 3371 511 3438 fuisset
527 3380 641 3439 exorta
654 3370 831 3458 discordia,
849 3375 907 3457 ita,
925 3383 959 3440 nt
973 3375 1057 3440 inter
1074 3380 1224 3459 utrasque

102 3487 246 3553 einimcs
263 3479 344 3550 belli
359 3480 425 3546 iam
440 3477 550 3546 rabies
567 3480 698 3565 incepta
713 3480 754 3546 de
770 3481 871 3547 disin
889 3482 976 3548 diem
992 3479 1225 3548 miserabiliter

100 3589 467 3671 increscorcvideretu13
484 3587 557 3670 ugo
572 3586 673 3654 irater
684 3587 842 3656 Girardus
859 3589 900 3655 de
910 3589 1036 3656 Mutina
1051 3609 1093 3656 cx
1103 3587 1229 3676 Apulie

100 3703 246 3790 partibus
262 3695 509 3784 superveniens,
526 3716 593 3763 una
609 3715 681 3762 cum
696 3695 799 3762 fratre
809 3697 912 3765 Paulo
929 3705 962 3764 et
976 3697 1079 3764 fratrc
1092 3696 1225 3764 Andrea

99 3812 318 3897 predictarum
343 3805 515 3872 ciuitatum
540 3805 782 3889 compacientes
807 3803 994 3885 discrimini,
1019 3803 1052 3868 in
1069 3822 1224 3887 magnam

99 3917 200 3986 cordis
228 3913 442 3984 affeccionem
471 3912 620 3980 succensi
643 3911 774 3997 fuimus,
801 3920 869 3979 tam
894 3909 1012 3994 nefarij
1039 3909 1119 3976 belli
1140 3909 1224 3974 inter

98 4025 212 4093 iratres
238 4030 272 4091 et
288 4023 489 4109 propinquos
516 4020 701 4087 incendium
726 4020 846 4088 Diuino
871 4019 1074 4104 suffragante
1100 4016 1224 4083 auxilio

98 4134 297 4219 extinguere,
315 4137 348 4196 et
357 4136 468 4214 partos
482 4128 517 4194 in
528 4129 621 4215 pacis
632 4135 665 4195 et
678 4130 852 4197 concordie
861 4127 1026 4196 vinculum
1036 4124 1222 4192 reformare.
1237 4137 1241 4143 ·

97 4239 241 4308 Tandem
256 4240 292 4306 iu
316 4236 451 4306 nominc
467 4235 599 4303 Domini
618 4236 764 4324 cepimus
789 4235 874 4302 inter
889 4235 978 4322 ipsos
994 4233 1036 4300 de
1052 4250 1135 4318 pace
1160 4237 1222 4306 tra-

97 4355 191 4431 ctare,
218 4351 252 4412 et
275 4343 324 4412 ita
339 4343 435 4410 nobis
463 4343 577 4428 gracia
592 4342 717 4410 Diuina
740 4341 855 4424 affluit,
882 4347 917 4407 ut
932 4339 1029 4406 ambe
1055 4342 1166 4425 partes
1183 4337 1224 4402 de

95 4453 181 4522 facili
196 4453 233 4519 in
249 4458 399 4520 nostrum
423 4450 593 4516 arbitrium
614 4448 920 4536 compromitterent,
944 4445 1176 4533 promittentes
1192 4455 1225 4509 ct

96 4562 278 4647 obligantes
303 4577 340 4626 se
359 4564 448 4625 stare
463 4556 507 4623 ad
523 4558 642 4643 omnia,
668 4576 732 4639 que
748 4575 806 4623 nos
823 4574 881 4641 pro
896 4554 981 4620 bono
1007 4551 1100 4638 pacis
1126 4552 1226 4616 velle-
