3102 5160
631 283 791 390 gor-

143 464 275 533 nomina
290 471 324 532 et
339 471 425 532 mete
440 465 620 552 separatim
645 465 910 534 subscribuntur:
927 468 1038 534 Prima
1062 469 1162 554 igitur
1185 476 1272 538 meta

143 580 227 639 terre
243 571 491 659 crebramque
510 580 562 640 eet
575 575 708 659 Thome,
725 573 840 662 incipit
850 575 892 642 ab
908 575 1032 643 oriente
1042 579 1141 662 Juxta
1149 577 1273 647 fontem

141 679 283 767 Dolycb,
300 689 334 748 et
348 681 454 748 tendit
469 701 582 749 verane
599 683 800 750 occidentem
819 683 907 752 bona
931 684 1144 772 longitndine,
1171 693 1205 753 et
1221 707 1273 754 ve-

140 789 189 854 nit
203 788 248 855 ad
264 789 415 858 arborem
428 792 547 874 torcat,
564 791 626 858 sub
642 809 707 876 qua
722 795 773 858 eet
788 799 878 858 meta
893 798 1019 880 terrea,
1039 793 1116 860 hinc
1131 793 1224 862 vadit
1238 793 1272 860 in

5 977 6 990 ἶ
138 896 224 964 bono
239 897 366 984 spacio,
383 903 417 964 ct
431 898 521 965 cadit
536 896 581 964 ad
595 897 735 966 riuulum
753 898 919 983 Obcbden,
936 905 969 966 et
984 921 1044 988 per
1060 902 1199 969 eundem
1213 922 1268 970 va·
1325 891 1330 900 ’

138 1003 187 1070 dit
201 1005 291 1072 bona
307 1007 501 1092 quantitate,
526 1011 560 1074 ct
574 1005 643 1073 exit
657 1025 773 1074 versus
788 1005 954 1074 meridiem
972 1007 1016 1074 ad
1032 1016 1151 1076 metam
1170 1013 1269 1076 terre·

139 1132 204 1198 am,
230 1112 272 1180 de
288 1135 356 1200 qua
371 1113 516 1200 procedit
530 1115 617 1180 vltra
632 1133 756 1199 nemus,
784 1119 817 1179 et
830 1114 920 1181 venit
935 1114 980 1181 ad
994 1115 1127 1184 dumum
1142 1115 1218 1203 piri,
1235 1119 1269 1184 in

138 1239 203 1304 quo
220 1228 271 1287 eat
287 1228 375 1288 meta
399 1226 507 1288 terrea
523 1240 653 1308 eemper
668 1241 689 1287 a
705 1218 837 1288 ainietro
855 1225 942 1288 terre
966 1221 1211 1310 Jaztraburaca,
1236 1233 1270 1291 et

137 1335 228 1396 terra
241 1329 369 1395 Zetane
379 1329 569 1414 jobagionie
585 1327 694 1397 Oastri
712 1336 911 1414 remanente,
938 1337 970 1396 et
984 1329 1106 1398 ibidem
1122 1331 1212 1398 eadit
1226 1329 1271 1398 ad

135 1435 259 1503 fontem
275 1435 472 1523 Breznyoaa,
498 1443 530 1504 et
545 1456 606 1523 per
624 1436 763 1503 eundem
787 1435 881 1504 vadit
895 1437 1052 1526 superius,
1077 1437 1135 1505 vbi
1150 1437 1270 1506 fluuius

136 1543 269 1629 Dalycb
285 1543 374 1610 cadit
389 1545 424 1611 in
438 1543 671 1630 Breznycham,
688 1551 720 1610 et
736 1561 794 1630 per
808 1543 936 1630 Dolycb
944 1543 1116 1611 reuertitur
1131 1543 1268 1632 adprio-

136 1671 206 1718 rem
221 1659 353 1720 metam.
368 1655 452 1720 ltem
463 1653 570 1740 prima
589 1659 677 1721 meta
691 1661 776 1720 terre
792 1655 993 1740 Breznycha,
1011 1673 1074 1738 que
1085 1661 1135 1722 eet
1149 1654 1267 1740 Prybc,

135 1757 253 1846 incipit
268 1781 290 1826 a
306 1761 441 1828 meridie
452 1761 549 1846 juxte
563 1760 686 1828 sontem
701 1761 894 1846 Brcznycha
909 1760 944 1826 in
959 1761 1075 1828 arbore
1091 1760 1164 1849 piri,
1190 1761 1267 1828 hinc

135 1876 242 1936 autem
260 1869 366 1936 tendit
381 1891 495 1938 verena
511 1871 668 1938 orientem
680 1871 778 1956 juxta
787 1891 885 1937 vnum
901 1869 1028 1956 siluam,
1048 1871 1083 1936 in
1100 1890 1165 1957 qna
1179 1868 1266 1938 idem

5 1955 6 2024 i
134 1977 247 2062 Pryba
273 1985 323 2046 eat
337 1979 512 2064 particeps,
538 1981 623 2045 sicut
647 1977 766 2060 aliquis
791 1995 832 2042 ex
856 1977 1096 2062 commetaneie,
1122 1985 1155 2044 et
1174 1979 1267 2046 vadit

134 2087 224 2152 bona
238 2087 453 2170 longitudine,
470 2095 502 2153 et
518 2086 605 2152 cadit
630 2083 673 2151 ad
689 2103 787 2151 vnum
809 2084 944 2152 fluuium
970 2085 1180 2174 Glogoncbiz,
1206 2108 1264 2173 per

134 2213 234 2276 quam
250 2195 342 2262 vadit
356 2216 471 2282 parum
487 2195 680 2282 perueniene
697 2197 740 2260 ad
765 2200 869 2261 metae
884 2194 1020 2281 Thome,
1045 2194 1101 2262 vbi
1116 2195 1205 2262 cadit
1219 2194 1264 2262 ad

5 2361 7 2392 ,
133 2301 317 2387 predictum
332 2302 454 2372 iontem
477 2303 678 2388 Breznyoha,
704 2321 763 2388 per
779 2321 875 2386 quem
890 2303 1062 2370 reuertitur
1084 2303 1128 2369 ad
1144 2309 1263 2371 metam

5 2397 6 2438 ³
130 2410 285 2496 priorem.
310 2412 393 2476 Item
417 2409 522 2496 prima
546 2415 633 2476 meta
656 2415 742 2476 terre
766 2409 965 2495 Breznyoba,
996 2429 1059 2492 qne
1083 2415 1133 2475 eat
1157 2410 1262 2476 eciam

5 2551 6 2590 l
133 2517 254 2606 Prybe,
282 2519 397 2604 incipit
412 2539 433 2584 a
448 2517 593 2603 meridie,
622 2518 678 2584 vbi
693 2517 818 2584 riuulue
834 2516 1007 2585 Brewenni
1026 2515 1115 2582 cadit
1131 2515 1176 2580 ad
1190 2515 1258 2582 fon-

130 2633 198 2692 tem
214 2626 415 2712 Breznycba,
442 2633 473 2692 et
488 2625 580 2693 vadit
595 2646 709 2693 versus
728 2626 886 2692 orientem
898 2627 995 2710 juxta
1020 2620 1158 2689 eandem
1174 2643 1259 2692 com·

130 2753 263 2800 munem
279 2733 408 2818 siluam,
427 2731 620 2820 peruenicne
637 2732 682 2800 ad
696 2734 813 2820 locum,
830 2731 887 2799 vbi
900 2729 1019 2800 fluuius
1035 2729 1190 2798 Obcbden
1206 2751 1258 2798 oa·

128 2842 178 2908 dit
193 2842 238 2908 ad
254 2841 488 2926 Breznycbam,
504 2862 563 2928 per
589 2862 684 2927 quem
709 2841 880 2908 reuertitur
905 2839 949 2907 ad
964 2841 1106 2928 priorem
1130 2846 1258 2908 metam.

128 2951 213 3017 Item
229 2950 337 3036 prima
353 2956 440 3016 meta
454 2955 538 3015 terre
554 2947 720 3034 Chebden,
746 2969 809 3034 que
825 2955 875 3018 cst
890 2949 1028 3017 filiorum
1044 2949 1161 3037 Prybe,
1180 2947 1259 3015 inci-

129 3060 181 3144 pit
204 3059 248 3124 ab
273 3057 398 3126 oriente
408 3059 507 3144 juxta
530 3064 661 3144 puteum
681 3057 852 3125 Beruenni
876 3059 911 3124 in
936 3065 1025 3124 meta
1048 3065 1155 3125 terrea
1170 3057 1258 3123 circa

127 3166 279 3232 arborem
302 3167 415 3231 terror
430 3165 556 3250 posita;
589 3165 665 3231 binc
689 3185 766 3232 vero
786 3164 892 3232 tendit
914 3183 1030 3233 versus
1056 3163 1256 3233 occidentem

125 3294 186 3360 per
205 3293 321 3340 nemus
345 3272 432 3340 bona
456 3272 659 3356 longitudine
675 3271 869 3359 peruenieue
895 3272 940 3338 ad
963 3272 1097 3339 fluuium
1116 3272 1255 3341 Oborna·

127 3383 254 3467 mlaka,
271 3401 368 3466 quem
383 3381 546 3448 transiens
556 3380 704 3466 peruenit
713 3381 758 3446 ad
767 3375 915 3448 arborem
923 3381 1014 3467 tilye,
1031 3381 1086 3448 rbi
1103 3387 1153 3447 eet
1169 3387 1256 3448 meta

124 3499 255 3576 terrea3
272 3490 348 3556 hinc
363 3490 453 3556 venit
468 3508 582 3556 versus
598 3489 785 3572 aquilonem
799 3489 833 3555 in
848 3489 949 3556 veteri
964 3489 1028 3576 via,
1046 3509 1168 3574 magna
1184 3489 1252 3556 lon·

5 3621 7 3688 l
124 3599 276 3683 gitudine
291 3595 396 3665 eundo
407 3599 552 3665 declinet
568 3597 611 3664 ad
626 3597 805 3686 predictum
816 3596 1069 3682 Chomamlaka,
1086 3615 1254 3684 perquem

5 3739 6 3772 t
124 3709 217 3774 vadit
231 3706 278 3774 ad
292 3712 390 3794 caput
415 3705 677 3791 Chomamlalra3
700 3703 775 3772 inde
790 3703 938 3790 procedit
953 3702 997 3771 ad
1013 3705 1162 3771 arborem
1186 3705 1252 3786 coit,

5 3825 6 3904 j
124 3823 157 3883 et
171 3817 249 3884 binc
266 3815 356 3884 venit
380 3814 424 3882 ad
440 3815 539 3898 riam,
567 3833 626 3899 per
642 3833 740 3898 quam
755 3813 847 3881 vadit
858 3813 955 3900 juxta
969 3831 1108 3899 paruum
1126 3831 1252 3897 nemus,

124 3931 157 3990 et
170 3924 312 4000 beneito
327 3923 394 3988 fine
408 3921 504 3988 unius
517 3921 643 4007 jugeris
659 3920 749 3987 cudit
763 3919 797 3987 in
812 3919 913 3986 eliam
928 3917 1025 3998 viam,
1043 3917 1077 3984 in
1093 3936 1158 4002 que
1174 3937 1250 3984 eun·

123 4031 165 4098 do
180 4031 332 4119 peruenit
347 4031 524 4097 admotam
539 4037 701 4113 terream;
717 4027 795 4096 inde
804 4048 863 4117 per
877 4026 1015 4094 eandem
1031 4025 1181 4111 peruenit
1194 4025 1251 4092 ite

5 4125 6 4146 i
123 4161 194 4208 runr
219 4140 264 4206 ud
289 4146 409 4206 metam
436 4143 577 4205 terream
602 4138 743 4226 positam
764 4137 860 4222 juxta
883 4141 950 4202 tres
975 4135 1109 4201 arborea
1142 4131 1249 4218 ilicie;

5 4327 6 4340 χ
123 4251 198 4316 binc
228 4247 368 4316 flectitur
392 4247 428 4314 in
452 4245 559 4314 medio
584 4247 745 4314 dicturum
771 4245 921 4314 arborum
944 4261 1058 4310 verene
1083 4243 1249 4326 orientem,

122 4357 218 4424 vuius
232 4357 362 4443 jugeris
376 4355 579 4441 longitudine
597 4352 704 4420 eundo
721 4352 864 4420 declinat
878 4371 993 4418 versus
1008 4347 1176 4418 meridiem
1191 4368 1250 4438 per

5 4469 6 4520 l
123 4465 291 4532 minimam
318 4461 506 4532 valliculam
527 4461 624 4528 trium
642 4463 797 4548 jugerum
821 4457 1043 4544 longitudino,
1068 4456 1146 4524 inde
1170 4476 1249 4524 vero

121 4573 257 4642 vertitur
279 4591 395 4641 verene
412 4569 611 4640 occidentem
627 4569 808 4656 quantitate
823 4567 919 4635 unius
932 4566 1069 4654 jugeris,
1089 4565 1146 4633 vbi
1163 4563 1250 4631 cadit

5 4677 6 4700 i
1025 4683 1082 4738 re*
