3102 5160
557 835 635 905 201.

70 1018 110 1082 ll.
122 1020 188 1088 Belo
202 1021 309 1106 liraly
328 1018 445 1106 Aones,
471 1019 560 1084 Peter
583 1015 740 1082 Zabotszld
754 1015 808 1098 fia
830 1017 951 1100 uomet
974 1024 1165 1107 oueqenqedi’

270 1129 354 1213 luoyy
368 1127 531 1192 sedasti
545 1124 811 1190 iotezkedlteaeoan.
829 1121 928 1189 1249.

147 1321 208 1390 Nos
223 1321 309 1389 Bela
323 1319 388 1388 Dei
407 1320 520 1406 grania
533 1321 604 1387 Rex
627 1319 798 1405 Hungarie
813 1325 874 1386 eto.
900 1321 1055 1388 memorie
1082 1343 1165 1390 oom-

72 1425 227 1496 ueudeutes
246 1428 483 1513 significamus,
511 1425 598 1512 quod
612 1426 715 1494 nobili
730 1426 864 1494 domine
878 1427 971 1495 uxori
994 1429 1083 1497 Petri
1109 1431 1166 1498 filii

72 1535 180 1602 lotuslo
195 1536 347 1604 dedimus
361 1535 535 1603 licenciam
550 1533 755 1621 relinquendi
771 1536 943 1622 pecuniam
959 1541 992 1602 et
1007 1537 1085 1623 ulia,
1101 1557 1164 1621 que

69 1661 95 1707 er
106 1652 183 1728 parte
198 1644 311 1710 mariti
327 1645 379 1712 sui
394 1665 451 1732 pro
468 1645 544 1712 dote
556 1665 617 1711 sua
631 1645 753 1714 habere
765 1645 886 1730 poterit
895 1644 1067 1730 nepotibus
1083 1647 1163 1730 suis,

68 1748 169 1817 videliet
189 1752 265 1820 tiliis
285 1753 389 1820 Jaoov
408 1752 553 1836 Comitis,
580 1753 787 1836 quantumin
810 1752 905 1818 nobis
922 1758 988 1838 ost3
1015 1759 1048 1818 et
1072 1773 1167 1837 quas·

70 1875 165 1941 cunque
178 1858 265 1926 idem
281 1861 387 1928 Jaoou
404 1858 520 1926 Comes
536 1859 664 1926 litteras
682 1858 825 1944 Capituli
840 1857 1082 1945 strigoniensis,
1108 1879 1167 1926 seu

71 1961 202 2049 iliensis,
219 1967 293 2033 siue
312 1965 493 2052 Agriensis,
518 1967 571 2032 vel
586 1966 748 2032 Budensis
773 1985 871 2052 snper
895 1965 970 2051 ipsa
985 1963 1168 2034 donatione

71 2069 139 2136 robis
159 2071 322 2158 detulerit,
348 2072 468 2140 dietam
484 2073 699 2142 donacionem
723 2077 834 2140 nostro
862 2072 968 2138 eidem
994 2073 1167 2158 priuilegio

67 2177 240 2259 promisimus
250 2177 506 2252 oonfirmaudam
516 2181 694 2249 seeundum
704 2180 968 2250 consuetudinem
977 2182 1092 2265 Regni.
1104 2182 1168 2248 Da·

68 2293 114 2350 tun
126 2287 252 2375 Posonij
269 2287 376 2356 teroia
390 2287 474 2356 feria
498 2294 571 2376 post
585 2288 782 2372 quindenam
797 2291 1016 2356 Pentecostes.

68 2477 135 2544 (duni
145 2483 242 2538 titulos
255 2482 398 2538 nidornalr
415 2487 525 2539 ltro-ki
539 2484 704 2552 ttiratdbdh
725 2484 805 2538 ndhui
818 2486 956 2552 Kaninozy
970 2482 1062 2536 thor
1075 2484 1166 2535 koele-

547 2575 662 2643 mtnye.)

474 2841 735 2851 ——.——-

565 3302 642 3370 202.

68 3473 108 3541 W.
122 3481 195 3548 Bao
209 3481 320 3568 lerdly
345 3481 434 3546 Peter
448 3479 599 3547 Zoboezla
605 3482 719 3564 fidook
742 3483 883 3566 kdrdaeie,
908 3484 1029 3570 oeje'effl
1054 3486 1172 3573 Aquas·

164 3589 223 3654 mk
239 3600 290 3654 ezt
303 3589 456 3676 tdrqyazd
469 3589 667 3654 inte'zkeddedt
680 3591 929 3679 helybeodaqyjo.
945 3592 1043 3658 1249.

144 3783 227 3851 Bela
242 3782 311 3850 Dei
334 3783 449 3869 grania
472 3783 649 3870 Hungarie,
676 3784 857 3872 Dalmatio,
874 3784 1171 3875 §croaoieflRama

65 3881 159 3976 terrie,
176 3891 334 3977 Gallicis,
354 3890 556 3977 Lodomerie,
567 3892 787 3978 Cumaniequo
797 3895 868 3962 Rex
887 3896 1035 3962 omnibus
1052 3893 1174 3963 Christi

64 3993 186 4066 fidelibus
194 4006 374 4086 presentes
383 4000 510 4068 litteras
519 4000 713 4087 inspecturis
722 4001 859 4069 salutem
869 4001 903 4068 in
912 4002 1054 4069 omnium
1065 4002 1172 4068 salua·

66 4108 123 4168 tore.
147 4106 188 4173 vt
203 4105 402 4192 scrupulosa
417 4113 589 4175 multorum
606 4107 745 4177 iutenoio
770 4108 941 4177 materiam
956 4109 991 4176 in
1006 4117 1174 4196 posterum

65 4203 160 4279 lubere
174 4234 245 4282 uon
263 4213 376 4280 voleat
390 4215 544 4300 aoeionis,
571 4213 706 4301 dignum
725 4215 789 4283 sibi
814 4215 919 4301 Regia
943 4219 1056 4285 statuit
1071 4216 1173 4284 Celsi·

65 4315 130 4403 ludo,
152 4329 189 4389 rt
203 4325 371 4389 namatus
390 4321 593 4391 subditorum
619 4343 751 4394 suorum
767 4321 964 4392 authoritate
990 4325 1175 4394 litterarum

65 4425 313 4496 testimonialium
329 4428 477 4498 stabiliat
492 4435 525 4498 et
540 4431 713 4502 confirmet.
730 4430 874 4501 Proinde
888 4432 931 4498 ad
948 4434 1174 4505 uniuersorum

68 4535 118 4600 lan
130 4539 343 4622 presencium
353 4558 451 4624 quum
466 4546 670 4626 posterorum
687 4541 840 4610 noticiam
855 4539 971 4608 harum
986 4541 1070 4608 serie
1085 4545 1175 4612 rolu-
