3134 5158
338 1037 362 1103 Ι
366 1037 400 1104 V.
411 1037 490 1104 Bella
504 1037 608 1126 badly
618 1035 734 1103 Miletos
748 1035 1023 1119 Tieadarfidnuk,
1042 1039 1071 1098 eb
1082 1033 1226 1101 Datmzld
1242 1032 1389 1099 Damalo'
1396 1031 1470 1114 fid·

337 1143 400 1210 oud
414 1147 647 1232 caeodrmaeppci
660 1141 859 1226 noscebat,
872 1141 1008 1230 flike'pca
1023 1167 1044 1209 a
1059 1143 1125 1208 cael
1140 1141 1323 1210 hdborcidas
1342 1149 1473 1204 auersere

391 1251 541 1318 commi
548 1252 722 1338 jutelmdul
739 1251 823 1316 Ram
840 1255 919 1318 nevel
925 1251 1031 1336 felda
1045 1250 1286 1338 admadopozaa.
1314 1246 1416 1312 1250.

447 1447 529 1516 Belo
545 1447 607 1514 Dei
632 1443 745 1532 gracia
767 1441 946 1530 ilungarie,
972 1443 1155 1529 Dalmacie,
1179 1443 1326 1531 Oroacie,
1352 1445 1472 1528 Reme,

339 1553 461 1640 Seruio,
473 1552 625 1640 Gallicie,
635 1549 837 1636 Lodomerie,
851 1548 1074 1634 Cumanieqne
1083 1551 1154 1618 Rex
1170 1551 1319 1620 omnibus
1333 1570 1472 1638 presen-

340 1669 407 1729 tem
422 1659 579 1748 paginam
594 1656 787 1747 inspecturis
796 1657 934 1726 salutem
944 1659 977 1726 in
987 1658 1129 1728 omnium
1142 1657 1319 1727 calcatore.
1335 1660 1407 1726 Lex
1419 1666 1473 1726 est

341 1769 446 1855 Regia
463 1774 495 1836 et
510 1789 532 1834 a
546 1765 689 1836 naturali
704 1765 849 1852 equitate
865 1763 1077 1852 descendens,
1094 1787 1152 1854 pro
1169 1767 1292 1835 meritis
1308 1767 1473 1836 subiecto-

341 1900 413 1946 rum
428 1877 644 1963 largicionum
660 1895 792 1944 suarum
802 1871 1000 1961 respondere
1015 1873 1150 1961 premiJs
1166 1893 1251 1961 equa
1261 1876 1366 1944 lance.
1382 1877 1474 1944 Hinc

345 1991 404 2070 cst,
429 1985 517 2070 quod
533 1985 577 2052 ad
601 1983 827 2052 uniuersorum
851 1989 920 2050 tam
936 1983 1138 2071 presencium
1164 2004 1262 2070 quam
1285 1983 1474 2052 luturrorum

343 2093 498 2161 noticiam
514 2099 627 2160 tenore
651 2092 855 2180 presencium
878 2091 1026 2160 uolumus
1042 2092 1224 2180 peruenire,
1248 2091 1335 2177 quod
1351 2091 1476 2160 Comes

344 2199 500 2269 Nicolaus
515 2201 602 2269 filius
613 2199 775 2269 Theodori
792 2204 824 2266 et
833 2199 991 2284 Magister
1002 2201 1184 2270 Dumzlaus
1202 2197 1289 2269 lilius'
1300 2201 1476 2284 Duruzlai,

229 2371 234 2378 .
345 2307 471 2378 nobiles
489 2305 703 2376 dellomitatu
714 2305 822 2375 Castri
838 2306 950 2375 Farrei
966 2308 1010 2375 ad
1026 2315 1170 2377 nostram
1186 2307 1380 2376 accedentes
1399 2327 1477 2394 pre·

345 2415 499 2503 sanciam,
516 2413 709 2483 celsitudini
726 2419 836 2484 nostre
845 2433 918 2482 curn
929 2436 1062 2503 precum
1078 2417 1243 2484 instancia
1251 2417 1474 2504 postularunt,

344 2531 380 2595 ut
394 2522 560 2614 quandam
575 2531 698 2590 terram
714 2523 818 2608 ipsius
835 2519 942 2589 (lastri
959 2523 1061 2591 nostri
1077 2525 1170 2591 me
1185 2531 1405 2611 noncupatum
1422 2523 1476 2590 eis

346 2633 491 2705 conferre
506 2631 712 2716 benignitate
728 2630 833 2714 Regia
847 2629 1066 2714 dignaremur.
1090 2631 1159 2698 Nos
1175 2633 1288 2717 itaque
1304 2629 1476 2699 attenden-

344 2750 395 2808 tes
410 2737 584 2807 eorundem
595 2737 732 2806 Comitis
747 2737 877 2804 Nicolai
896 2744 929 2804 ot
944 2739 1093 2824 Magistri
1107 2739 1262 2806 Duruzlai
1278 2737 1476 2806 multimoda

346 2848 534 2914 meritorum
546 2845 698 2930 graciosa
707 2845 876 2932 obsequia,
885 2846 1004 2932 quibus
1016 2847 1110 2916 nobis
1120 2848 1249 2917 interim
1259 2849 1291 2914 in
1303 2849 1477 2934 prosperis

346 2951 499 3022 uidelicet
513 2953 644 3021 casibus
660 2960 692 3020 et
702 2951 851 3021 aduersis
867 2953 950 3023 adeo
966 2963 1097 3024 strenue
1108 2955 1302 3040 claruerant,
1319 2974 1356 3022 se
1366 2975 1478 3040 prom-

345 3068 420 3149 ptos
445 3059 628 3129 exhibendo
644 3069 676 3130 et
692 3062 839 3148 deuotos,
866 3071 901 3130 ut
915 3069 1019 3132 tama
1039 3064 1145 3150 nobis,
1171 3084 1270 3150 quam
1295 3063 1400 3132 eciam
1427 3065 1475 3128 ab

346 3169 495 3237 omnibus
511 3167 676 3238 nobilibus
691 3170 796 3254 Regni
810 3170 914 3238 nostri
930 3178 963 3237 et
983 3171 1059 3257 alijs
1077 3171 1175 3258 digne
1191 3172 1415 3252 laudarentur,
1441 3181 1477 3235 et

347 3275 488 3344 maxime
505 3275 583 3362 quia
597 3276 630 3342 in
647 3277 860 3363 expedicione
875 3285 997 3362 nostra,
1014 3298 1112 3363 quam
1128 3287 1242 3347 contra
1251 3281 1374 3365 Regem
1390 3278 1479 3343 Boe-

347 3402 473 3452 morum
487 3382 700 3470 habebamus,
717 3385 788 3472 ipae
804 3385 919 3453 (lomes
929 3385 1086 3454 Nicolaus
1103 3387 1151 3456 sic
1166 3387 1304 3454 uiriliter
1321 3393 1353 3453 et
1370 3383 1476 3452 fidoli-

347 3499 396 3559 ter
411 3510 504 3558 suum
523 3491 680 3578 impendit
694 3491 897 3578 famulatum,
914 3501 948 3561 vt
964 3491 1084 3561 nedum
1100 3495 1148 3562 eis
1165 3515 1223 3582 per
1238 3515 1296 3562 nos
1313 3510 1477 3561 concessa

347 3605 379 3667 et
402 3595 538 3683 tradita,
565 3617 676 3668 verum
692 3601 796 3668 eciam
812 3603 880 3669 alia
895 3623 916 3668 a
932 3602 1158 3670 munificencia
1184 3603 1289 3688 Regia
1308 3601 1425 3668 merito
1441 3611 1476 3667 et

346 3713 496 3794 patenter
510 3709 643 3794 assequi
659 3710 849 3799 potuissent,
876 3711 1071 3797 peticionem
1088 3709 1263 3778 eorundem
1286 3707 1478 3776 huiusmodi

347 3813 572 3882 fauorabiliter
589 3815 630 3882 de
646 3816 849 3903 benignitate
863 3818 997 3904 Regalis
1022 3817 1234 3886 sublimitatis
1251 3817 1478 3897 admittentes,

346 3921 413 3990 iam
429 3922 550 3990 dictam
566 3929 686 3991 terram
696 3927 788 3994 me
804 3947 877 3994 cum
887 3927 1036 3995 omnibus
1052 3927 1274 4013 pertinencijs,
1292 3923 1393 4010 siluis,
1414 3945 1478 3992 neo

345 4049 412 4097 non
436 4029 622 4115 attinencijs
638 4038 671 4098 et
689 4033 885 4102 utilitatibus
900 4035 1071 4122 uniuersis,
1096 4055 1136 4102 ac
1152 4035 1254 4122 pratis
1271 4051 1328 4099 seu
1343 4031 1477 4116 lenctis,

346 4141 379 4202 et
395 4121 582 4221 specialiter
608 4159 680 4207 cnm
697 4141 768 4209 loco
795 4141 969 4210 molendini
994 4142 1027 4208 in
1043 4141 1138 4210 metis
1159 4149 1192 4209 et
1216 4139 1362 4208 terminis
1387 4149 1479 4206 terro

345 4243 491 4312 eiusdem
506 4247 668 4334 existenti,
696 4248 778 4335 ipsis
794 4249 913 4318 domiti
929 4249 1069 4319 Nicolao
1085 4249 1152 4318 filio
1168 4245 1335 4317 'l'heodori
1359 4255 1390 4316 et
1408 4249 1478 4315 Ma·

346 4350 448 4434 gistro
464 4352 638 4441 Duruzlou,
666 4363 698 4426 et
712 4378 772 4446 per
789 4377 844 4426 eos
861 4357 932 4426 suis
948 4351 1135 4445 heredibus,
1161 4357 1381 4441 heredumque
1401 4377 1479 4424 auo·

345 4473 416 4520 rum
441 4464 682 4532 successoribus
707 4463 868 4550 dedimus,
897 4463 1094 4534 donauimas
1122 4473 1154 4532 et
1182 4465 1376 4534 contulimus
1402 4463 1479 4532 iure

346 4567 503 4648 perpetuo
518 4567 751 4649 possidendam
762 4569 883 4656 pariter
893 4577 925 4637 et
933 4571 1131 4658 habendam,
1148 4573 1182 4639 in
1192 4571 1316 4640 eisdem
1327 4572 1477 4655 antiquis
