3102 5160
837 265 990 369 pm-

351 479 486 546 clericus
502 495 561 564 pro
577 475 673 544 Sedis
690 477 881 564 Apostolice
907 477 1046 563 negotiis
1064 478 1210 564 fideliter,
1231 489 1266 549 ut
1282 483 1480 568 accepimus,

350 584 519 668 laboravit,
534 583 685 670 precibus
701 584 858 669 inclinati,
885 605 923 651 ac
938 586 1020 670 ejus,
1035 604 1108 654 cum
1124 606 1249 673 pauper
1265 587 1318 672 sit,
1336 588 1478 658 volendo

349 709 484 775 parcere
500 691 665 759 laboribus
683 699 715 760 et
730 691 893 780 expensis,
909 692 1112 778 mandamus,
1130 693 1292 783 quatinus,
1308 696 1337 762 si
1353 703 1404 764 est
1419 697 1481 780 ita,

350 798 557 865 revocatione
576 798 770 884 hujusmodi,
794 800 846 866 uel
872 799 1018 884 qualibet
1041 801 1229 888 Apostolice
1253 801 1347 870 Sedis
1374 801 1483 869 indul-

352 905 465 990 gentia
480 925 546 972 non
563 905 723 992 obstante,
740 911 805 972 tam
823 923 843 971 a
859 907 1001 992 Docebo,
1020 915 1052 974 et
1068 905 1229 994 capitulo,
1245 927 1342 992 quam
1357 909 1400 974 ab
1417 912 1482 976 nb-

352 1013 478 1082 batissa
502 1022 534 1081 et
550 1013 716 1082 conventu
733 1013 888 1100 predictis
908 1015 1005 1101 juxta
1020 1015 1138 1100 prelati
1155 1015 1325 1084 Scolastici
1341 1015 1482 1083 directe-

351 1143 422 1190 rum
445 1121 490 1189 ad
505 1124 595 1210 ipsos
611 1123 843 1190 continentiam
868 1123 1049 1191 litterarum
1064 1123 1258 1192 auctoritate
1275 1123 1482 1209 facias-Apo-

352 1230 469 1298 stolica
484 1229 665 1317 providere.
691 1227 954 1297 contradictores
973 1237 1032 1300 eto.
1057 1232 1179 1297 Datum
1196 1230 1347 1317 Lugduni
1370 1231 1482 1300 idibus

354 1335 564 1424 Septembris,
581 1337 793 1405 Pontificatus
810 1337 914 1424 nostri
930 1357 1014 1406 anno
1031 1338 1154 1424 quinto.

683 1516 840 1584 (iburgcnav
852 1519 887 1570 id.
901 1535 934 1572 tn.
949 1520 971 1572 1.
985 1521 1041 1572 tot
1054 1517 1097 1574 66.
1110 1519 1140 1586 1.)

874 2233 949 2302 1ot.

348 2402 372 2467 I
376 2399 408 2468 V.
424 2402 513 2468 Inone
532 2403 623 2489 pcipe
646 2389 799 2467 Waaztlko
816 2399 1006 2467 Lodonucrtu
1029 2399 1215 2487 ks'rdlydaalr
1237 2400 1416 2486 bdaussdpa
1443 2413 1485 2466 te

652 2505 990 2592 kinmlbcafelmcutebt
1004 2507 1059 2575 dd.
1078 2501 1176 2573 1247.

457 2686 664 2756 Innocentius
689 2685 871 2774 Episcopus
887 2701 1000 2753 servus
1015 2701 1200 2752 acervorum
1224 2682 1287 2750 Dei
1304 2683 1485 2754 carissimo

348 2794 383 2860 iu
408 2794 535 2861 Christo
560 2793 626 2861 filio
651 2791 834 2860 Walificoni
850 2790 937 2880 (lgy)
958 2790 1152 2859 Lodomeric
1174 2789 1257 2876 Regi
1282 2790 1425 2860 salutem
1451 2801 1488 2859 et

351 2899 575 2986 Apostolicam
591 2896 860 2968 benedictionem.
884 2898 954 2966 lltsi
979 2897 1160 2986 conjunctio
1185 2897 1302 2985 copule
1326 2899 1490 2986 conjuga-

351 3007 392 3076 lis
412 3008 446 3075 in
474 3007 570 3076 tertia
594 3012 627 3074 et
651 3013 770 3094 quarta
794 3005 1088 3092 consanguinitatis
1112 3007 1165 3074 vel
1190 3006 1360 3074 affinitatis
1388 3007 1488 3076 linea

353 3116 456 3184 sacris
481 3116 526 3184 sit
546 3116 726 3184 canonibus
741 3115 924 3202 interdicta,
948 3114 1083 3202 provide
1099 3122 1209 3184 tamen
1235 3133 1332 3202 super
1351 3113 1418 3183 biis
1434 3116 1488 3182 in-

351 3221 477 3292 terdum
494 3225 643 3291 Romarm
659 3223 830 3310 dispensat
843 3223 1001 3306 Ecclesia,
1020 3221 1162 3292 maxime
1177 3243 1251 3290 cum
1260 3227 1355 3306 urget
1369 3241 1492 3290 neces-

351 3331 446 3418 sitas,
461 3331 514 3398 vel
530 3329 665 3400 evidens
680 3329 805 3399 utilitas
821 3328 856 3396 id
872 3330 1028 3416 exposcit.
1046 3329 1127 3398 Oum
1142 3329 1242 3414 igitur
1260 3328 1435 3396 carissime
1453 3331 1492 3396 in

350 3438 478 3508 Christo
493 3437 559 3506 filie
575 3436 749 3506 Dubrauce
764 3437 900 3523 Regino,
916 3435 1038 3506 illustri
1054 3436 1149 3504 uxori
1173 3443 1236 3522 tue,
1254 3435 1306 3503 cui
1321 3435 1355 3502 in
1380 3437 1489 3506 tertio

350 3544 643 3632 consanguinitatis
653 3545 757 3632 gradu
771 3544 900 3629 attines,
917 3542 1198 3612 matrimonialiter
1213 3543 1259 3611 sis
1275 3545 1492 3630 conjunctus,

350 3676 409 3722 nor
426 3653 630 3722 attendentes
646 3652 860 3737 devotionem,
876 3671 974 3736 quam
990 3651 1093 3719 habes
1109 3649 1153 3718 ad
1171 3651 1351 3718 Romanam
1367 3650 1493 3719 Eccle-

348 3761 612 3847 utrumquodque
637 3761 670 3826 in
686 3778 727 3828 ea
743 3777 873 3826 manere
892 3755 1071 3844 desideras,
1099 3765 1132 3826 et
1147 3757 1300 3825 inducere
1326 3755 1414 3824 alios
1443 3761 1496 3827 ad

352 3867 500 3957 eandem,
517 3874 553 3934 ut
567 3866 601 3936 iu
627 3866 812 3935 huiusmodi
837 3865 1050 3953 matrimonio,
1078 3887 1141 3934 non
1166 3866 1316 3934 obstante
1341 3865 1495 3954 impedi-

349 3987 457 4046 mento
474 3974 630 4064 predicto,
648 3994 816 4042 remanere
831 3973 932 4042 libere
948 3975 1071 4060 valeas,
1087 3981 1193 4042 tecum
1204 3973 1399 4042 auctoritate
1413 3996 1498 4062 pre-

349 4083 686 4170 dictadispensamus.
696 4082 786 4150 Nulli
796 4103 874 4168 ergo
885 4090 945 4150 eto.
957 4091 1066 4152 nostre
1075 4081 1330 4170 dispensationis
1342 4089 1407 4150 eto.
1421 4085 1498 4154 Da-

349 4199 417 4260 tum
434 4191 585 4279 Lugduni
605 4190 701 4260 nouis
717 4191 907 4260 Decembris
923 4191 1134 4262 Pontificatus
1149 4192 1239 4260 nosri
1255 4211 1341 4258 anno
1353 4191 1500 4274 quinto.

456 4300 493 4368 In
508 4298 645 4368 eundum
662 4298 792 4368 modum
808 4300 962 4386 scriptum
977 4299 1038 4368 luit
1054 4299 1229 4368 Dubrauce
1238 4299 1373 4383 Regiae,
1393 4301 1499 4386 ejus-

350 4406 422 4472 ‹lem
438 4407 640 4476 Walilicouis
659 4408 761 4477 uxori.

684 4571 840 4636 (Turgenov
853 4571 888 4621 id.
906 4587 940 4621 m.
954 4573 976 4624 l.
989 4571 1044 4622 not.
1059 4571 1102 4624 ol.
1117 4569 1147 4636 l.)
