3134 5158
585 299 741 401 Q

110 493 201 560 mctis
217 499 251 561 et
267 495 427 580 terminis,
446 513 502 563 seu
519 494 623 562 eciem
640 494 907 566 distinccionibus
922 502 1143 592 terminorum,
1172 507 1242 592 qni·

107 602 161 668 bus
185 621 246 686 per
266 604 392 691 priores
407 621 617 690 possessores
642 603 783 673 limitato
799 606 906 674 extitit
930 625 1169 695 seupossessc.
1198 615 1242 686 Vt

114 709 215 795 igitur
228 711 329 779 huius
345 718 457 780 nostre
482 711 671 780 donacionis
687 712 788 782 series
804 713 901 783 robur
924 716 1071 785 obtineat
1085 727 1241 807 perpetue

116 817 288 904 firmitatis,
314 840 375 888 nec
391 838 548 906 processu
564 825 744 908 temporum
761 821 866 909 possit
890 822 923 890 in
938 823 1062 893 irritum
1081 832 1239 917 reuocari,

115 935 283 1014 presentes
301 929 522 998 concessimus
535 929 661 996 littores
678 929 817 1019 duplicis
833 932 1045 1018 sigillinostri
1063 937 1241 1009 munimine

112 1037 297 1106 roboratas.
316 1038 437 1104 Datum
455 1057 514 1124 per
530 1057 644 1106 mouns
661 1038 794 1108 disereti
809 1041 872 1107 uiri
887 1041 1036 1126 Magistri
1055 1043 1149 1112 Pauli
1164 1049 1239 1116 Pre-

112 1145 212 1231 positi
227 1145 382 1213 Albensis
409 1145 484 1212 aule
507 1155 619 1214 nostre
635 1147 924 1236 Vico-Cancellarij
948 1149 1059 1220 dilecti
1084 1161 1118 1222 et
1132 1154 1238 1224 fidelis

114 1253 229 1318 nostri.
254 1254 348 1321 Anno
364 1252 498 1320 Domini
519 1255 565 1320 Μο
581 1252 645 1320 00⁰
662 1256 940 1343 quinquagesimo,
965 1259 1050 1327 XII⁰.
1076 1260 1256 1333 kalendas·

114 1358 314 1444 Decembris,
331 1361 437 1446 Regni
455 1366 562 1430 autem
579 1363 681 1430 nostri
697 1365 852 1434 uicesimo
868 1365 990 1451 quinto.

109 1561 247 1620 <Ered0tie
259 1577 275 1613 e
288 1562 377 1628 Rumy
392 1560 484 1614 esaion
498 1560 682 1616 reverteremur
693 1581 700 1626 3
714 1559 846 1616 misolsts
858 1580 875 1616 s
885 1565 1001 1632 Megysr
1009 1564 1160 1620 Aksdemiu
1173 1568 1235 1622 keu·

498 1655 560 1705 ireti
580 1650 850 1722 gytijtemcnyeben)

531 1959 787 1972 mua-..—

626 2475 703 2546 tls.

120 2657 134 2720 I
142 2657 172 2720 V.
187 2658 264 2723 Boia
279 2658 384 2744 tiour‘ly
401 2658 505 2743 Fiilo'p
531 2659 665 2743 ropro‘bi
676 2659 796 2744 pispok
810 2665 840 2723 e‘e
864 2669 984 2723 testem
1003 2658 1118 2724 Tomoe
1132 2681 1230 2726 comes

113 2767 253 2832 recimero
268 2768 443 2850 mepemior'to'
457 2765 543 2851 otpja
559 2765 604 2830 II.
616 2766 735 2847 Endre,
751 2771 781 2831 e's
796 2768 878 2851 eojcit
892 2768 997 2848 eliibbi,
1014 2767 1135 2833 Zoloua
1149 2773 1228 2834 neeri

344 2873 474 2940 cirtokoe
489 2877 641 2960 toirqyozei
657 2875 858 2960 odmooopoe.
880 2873 978 2940 1250.

213 3071 282 3138 Nos
307 3069 450 3137 Methies
467 3069 530 3137 Dei
555 3068 668 3156 grecie
691 3069 762 3136 Rex
779 3069 960 3157 Hungerie,
985 3069 1139 3138 Bohcmie
1163 3077 1224 3140 etc.

108 3180 260 3247 memorie
282 3176 559 3262 commoneamus,
586 3175 670 3263 quod
688 3176 722 3243 in
737 3175 927 3262 Newburge
942 3175 1119 3245 claustrali
1142 3179 1225 3247 ferie

105 3287 202 3354 tercia
218 3285 372 3373 proxime
397 3291 471 3374 post
487 3287 608 3354 festum
624 3283 862 3373 Epiheniarum
878 3285 1009 3352 Domini
1035 3306 1120 3352 enno
1139 3286 1222 3354 eius-

103 3395 173 3461 dem
191 3395 365 3464 millesimo
392 3394 713 3482 quadringentesimo
729 3393 927 3479 octogesimo
949 3394 1061 3478 quinto
1077 3395 1224 3482 proxime

100 3511 277 3589 transacto,
300 3503 406 3572 fidelis
431 3509 541 3572 noster
557 3503 717 3589 Egregius
732 3502 899 3572 Johennes
925 3503 966 3570 de
989 3503 1224 3590 Zenthgyrolth

99 3618 246 3678 nostrum
262 3611 399 3679 veniens
415 3612 448 3678 in
465 3619 673 3698 conspectum
689 3611 722 3678 iu
738 3630 799 3677 suu
814 3630 854 3677 eo
864 3611 1031 3680 Francisci
1046 3611 1154 3679 fratris
1171 3612 1222 3680 sui

96 3719 241 3788 earnalis
267 3717 453 3788 nominibus
468 3727 502 3788 et
516 3721 549 3787 in
575 3720 724 3808 personis
740 3720 835 3788 nobis
851 3739 1014 3807 exponere
1038 3725 1170 3788 curarat
1187 3720 1221 3786 in

95 3829 182 3896 hunc
208 3827 362 3896 modum:
380 3829 467 3915 quod
493 3828 578 3896 eiius
601 3829 634 3896 in
661 3827 802 3914 quodem
827 3847 930 3896 conse
952 3829 1036 3897 inter
1060 3827 1221 3912 Egregios

95 3935 323 4020 Benedictum‚
349 3937 532 4004 Johcnuem
549 3943 583 4004 et
598 3935 798 4025 Stephanum
814 3937 856 4004 de
871 3935 1014 4021 Thomu,
1038 3943 1073 4002 vt
1091 3939 1220 4004 autores

94 4044 136 4110 ab
163 4065 242 4129 rua,
269 4049 303 4111 et
327 4043 416 4131 ipsos
432 4044 615 4114 Johennem
641 4050 675 4112 et
689 4045 900 4132 Francisoum
925 4043 1061 4112 velutin
1087 4061 1220 4110 musam

94 4159 255 4218 attrectes
275 4151 426 4238 pertibus
445 4153 487 4219 eb
504 4153 617 4237 altera,
635 4173 723 4220 enno
738 4151 892 4222 videlieet
917 4151 1008 4219 euius
1024 4157 1101 4218 tuuc
1117 4150 1221 4218 tercie

91 4259 278 4328 instetisset
295 4257 468 4344 reuolueio‚
485 4259 659 4330 occasione
675 4259 878 4345 quorundam
894 4257 1138 4346 possessionum
1148 4259 1219 4327 le·

91 4386 216 4452 wynya
232 4371 266 4434 et
281 4364 461 4434 Kereuthur
476 4373 665 4436 vocatorum
680 4365 714 4432 in
730 4365 893 4433 Comitotu
912 4365 1067 4434 Drisiensi
1091 4367 1218 4436 habite·

94 4497 172 4561 rum,
198 4475 233 4542 in
250 4475 377 4542 octeuis
403 4476 477 4544 festi
493 4474 751 4563 Epiphanierum
768 4475 900 4542 Domini
924 4494 1034 4543 eorem
1050 4475 1217 4544 Personoii

94 4583 211 4652 Nostro
238 4586 415 4654 Presencie
442 4594 474 4652 et
502 4585 671 4672 Magistris
699 4583 956 4653 Prothonoturiis
982 4583 1077 4652 Curio
1108 4592 1217 4654 nostre
