3198 5160
833 245 993 354 Q

344 445 545 534 aduenisset,
563 449 669 515 dictus
686 445 778 514 (their
796 467 905 516 coram
921 447 1017 514 uobis
1037 446 1131 531 dixit,
1148 465 1185 513 se
1200 465 1264 514 nou
1280 465 1379 532 posse
1395 439 1484 513 redi-

344 577 434 623 mere
449 563 567 624 terram
586 579 690 640 suam,
714 559 905 642 permittens
921 575 995 623 eam
1011 555 1116 622 eidem
1133 555 1244 621 ladrih
1263 577 1321 641 pro
1337 557 1481 642 pecunia

344 667 578 751 prenominata
603 665 839 750 perpetualiter
865 661 1116 750 possidendam
1142 663 1350 748 postmodum
1371 669 1484 729 autem

338 773 499 840 defuncto
515 773 601 838 dicto
618 771 720 856 Gbek,
738 780 773 839 ut
789 772 969 854 dicebatur,
985 771 1072 836 idem
1091 769 1205 838 ludrih
1221 770 1359 837 adduxit
1380 771 1481 837 lrcmi-

345 899 419 946 uem
436 878 559 946 domini
576 879 717 946 Rolandi
733 879 883 966 Palatini,
902 878 1038 948 Comitis
1052 879 1273 962 Posonlensis,
1297 885 1330 943 et
1345 886 1482 966 accepto

346 987 476 1054 homine
492 993 601 1052 nostro
618 986 652 1053 in
669 985 889 1056 testimonium
907 1007 947 1053 ex
964 992 1118 1073 precepto
1137 985 1243 1072 ipsius
1259 987 1403 1054 Palatini
1425 987 1486 1052 iuit

347 1094 391 1162 ad
407 1095 698 1180 perambulandum
714 1095 835 1162 dictam
851 1103 983 1181 terram,
1010 1101 1044 1160 et
1060 1094 1103 1160 ad
1119 1094 1296 1161 uidendum
1310 1101 1344 1160 et
1360 1114 1480 1180 coguo-

347 1201 512 1286 soeudum,
530 1203 560 1269 si
575 1203 676 1285 aliqui
693 1201 733 1270 de
750 1202 1001 1287 consanguineis
1019 1201 1096 1269 dicti
1107 1201 1208 1286 ctas,
1230 1203 1283 1268 uel
1299 1210 1481 1270 commeta-

348 1308 412 1392 nei,
429 1308 493 1396 ipsi
510 1309 620 1378 ludrilr
647 1311 909 1378 contradicerent
924 1311 958 1376 iu
976 1311 1038 1377 hac
1063 1317 1165 1396 parte.
1192 1309 1263 1388 Quo
1288 1309 1377 1378 lacto
1394 1310 1486 1377 idem

349 1417 445 1485 homo
461 1418 604 1486 Palatini
620 1427 652 1485 et
668 1418 764 1486 homo
780 1428 891 1488 noster
907 1419 952 1486 ad
967 1439 1026 1486 nos
1044 1419 1169 1485 reuersi
1186 1419 1376 1501 retulerunt,
1394 1418 1484 1504 quod

349 1543 461 1592 omnes
478 1525 712 1612 consanguinei
740 1526 857 1610 prefati
875 1525 976 1612 Ohek,
1003 1528 1081 1592 item
1098 1527 1321 1612 commotauel,
1344 1527 1487 1614 Stepha-

349 1651 411 1700 nus
437 1632 562 1698 scilieet
587 1640 620 1698 et
638 1633 721 1700 Bees
747 1633 805 1718 filij
833 1633 968 1700 Comitis
984 1635 1107 1720 Bened,
1131 1635 1208 1700 item
1236 1635 1316 1701 uilla
1345 1633 1486 1719 Ohokoy

350 1740 448 1807 castri
464 1739 650 1824 Nitriensis,
668 1749 701 1808 et
726 1742 807 1824 uilla
823 1740 1006 1826 (iulgouolr,
1027 1743 1070 1808 ad
1090 1743 1196 1828 ipsam
1221 1747 1343 1808 terram
1367 1761 1486 1810 conue-

353 1848 480 1914 nientes
497 1846 623 1928 absque
632 1846 698 1912 ullo
715 1847 987 1916 contradictionis
998 1848 1165 1916 obstaculo
1182 1848 1401 1935 permiserunt
1411 1869 1486 1916 eam

352 1954 500 2040 sepefato
510 1951 623 2020 Indrih
634 1953 892 2024 irrecusabiliter
902 1956 1148 2042 possidendam
1160 1957 1237 2023 item
1247 1958 1385 2026 Mccbov
1396 1956 1485 2023 filius

352 2062 469 2128 Jacobi
493 2060 605 2128 fratris
622 2061 746 2128 seilicet
762 2064 841 2131 dicti
858 2064 947 2132 Ohek
974 2065 1049 2132 huic
1064 2064 1151 2131 facto
1167 2084 1277 2133 eoram
1299 2065 1394 2132 uobis
1411 2085 1487 2132 eou-

353 2186 484 2233 sensum
500 2167 630 2252 prebuit
647 2169 724 2236 uiua
740 2190 829 2238 uoce.
846 2174 883 2237 In
901 2171 991 2239 cuius
1007 2173 1052 2241 rei
1069 2173 1289 2240 testimonium
1310 2179 1482 2259 presentes

354 2277 575 2344 concessimus
600 2277 727 2344 litteras
745 2279 848 2363 sigilli
873 2281 975 2348 nostri
991 2281 1165 2348 munimine
1185 2283 1366 2366 roboratas,
1392 2301 1484 2348 anuo

354 2385 464 2467 gracie
480 2382 599 2451 M⁰OO⁰
611 2385 649 2449 L⁰
665 2407 761 2454 nono.
785 2389 905 2456 Datum
922 2397 1015 2458 sextu
1039 2389 1200 2458 kalendas
1217 2391 1317 2476 Juuij.
1344 2391 1484 2458 Lectcre

354 2491 501 2558 Ecclesia
518 2498 628 2561 nostre
648 2493 808 2560 existente
825 2533 868 2544 —-
886 2533 929 2543 -
945 2533 999 2561 -.

356 2683 495 2756 (Erodstic
513 2688 688 2755 berhtrada,
711 2693 822 2760 melyrb'l
836 2711 853 2746 a
871 2692 1002 2761 kdptalan
1021 2693 1128 2761 possete
1147 2693 1306 2771 utros-lcjdr
1329 2696 1486 2762 sclyemasi·

501 2775 585 2827 udrou
599 2779 666 2844 itlgg
680 2795 695 2829 c
708 2781 963 2849 besctcrcaebr'tnyai
976 2781 1108 2850 kriptclau
1121 2781 1327 2852 lcvtlttrtban.)

790 3069 1049 3083 ——n——u—ua-
