3134 5158
627 875 706 945 244.

104 1053 159 1117 W.
175 1055 258 1121 Belo
272 1055 376 1142 kircilp
390 1078 431 1122 az.
451 1055 574 1142 Mitcly
588 1057 776 1143 cydlaaipati
797 1069 972 1123 nwnoatora
991 1063 1020 1122 ea
1037 1057 1131 1144 Aper
1145 1082 1225 1122 nem-

145 1165 303 1250 aeiae'ybeli
320 1165 389 1229 Aba
405 1163 473 1228 ledat
495 1161 634 1250 Uopiney
649 1163 766 1228 tutela
773 1164 865 1249 foleti
882 1168 990 1231 Μοίρι
1004 1167 1067 1231 lor.
1088 1165 1184 1230 1253.

209 1360 292 1427 Bela
314 1361 377 1427 Dei
401 1361 516 1445 gracia
539 1357 715 1444 Hungarie,
742 1360 923 1446 Dalmacie,
950 1359 1092 1446 Oroacie,
1117 1365 1228 1450 fflme,

103 1469 227 1554 Sernie,
244 1467 394 1556 Gallicis,
411 1469 606 1538 Lodomerie
622 1468 843 1554 (inmaniaque
855 1471 925 1535 Rex
940 1470 1099 1538 uniuersis
1111 1469 1231 1538 Christi

103 1576 271 1662 fidelibus,
300 1584 484 1664 presentem
509 1578 665 1664 paginam
691 1576 886 1666 inspecturis
912 1577 1051 1644 salutem
1078 1585 1110 1644 et
1134 1599 1230 1646 omne

104 1683 233 1752 bonnm.
250 1685 331 1752 Cum
347 1692 466 1752 terram
482 1685 617 1770 Georgij
638 1683 696 1769 tilij
712 1683 877 1750 Valentini
894 1685 1084 1753 existentem
1100 1685 1132 1750 in
1149 1683 1230 1752 villa

104 1793 276 1879 Vngyney,
305 1793 361 1878 qui
377 1793 419 1858 ob
435 1793 557 1858 crimen
582 1790 660 1858 furti
677 1791 854 1876 suspendio
880 1790 1020 1876 patibuli
1039 1791 1141 1859 uitam
1161 1792 1229 1859 lini-

103 1902 156 1988 uit,
173 1900 325 1968 Ecclesie
350 1899 465 1967 Sancti
481 1899 652 1967 Michaelis
678 1899 740 1988 site
758 1899 915 1966 ininsula
942 1907 1054 1967 nostra
1076 1900 1229 1985 Budensi,

104 2011 135 2075 in
160 2030 232 2094 qna
254 2009 373 2076 iratres
392 2007 524 2076 Ordinis
547 2007 857 2076 Premonstratensis
883 2015 1130 2096 commorantur,
1157 2029 1230 2076 con·

104 2119 292 2186 tulissemus
322 2124 479 2205 perpetuo
508 2115 759 2204 possidendam,
795 2115 869 2182 Aba
900 2115 940 2184 de
974 2137 1093 2204 genere
1122 2119 1232 2207 Opovr

106 2229 210 2296 dictos
242 2227 359 2294 fratres
390 2226 491 2292 traxit
521 2226 555 2291 in
587 2245 742 2310 causam,
779 2224 891 2291 dicens
921 2226 987 2292 iam
1019 2227 1139 2294 dictam
1171 2235 1231 2295 ter-

105 2358 174 2404 ram
201 2337 245 2404 ad
270 2356 396 2404 socrum
422 2356 514 2403 suam
539 2335 671 2402 racione
698 2335 784 2401 dotis
808 2334 981 2420 pertinere.
1007 2334 1065 2403 Oui
1085 2356 1144 2404 nos
1161 2358 1230 2424 pro·

106 2447 278 2513 bauionem
303 2444 490 2528 indiximus,
517 2451 552 2510 ut
578 2445 660 2510 iuris
684 2441 763 2511 ordo
790 2443 990 2530 postulabat,
1016 2444 1072 2527 qui
1099 2445 1230 2512 omnino

104 2555 225 2621 deiecit
242 2551 496 2640 inprobacione.
512 2554 555 2619 ut
571 2553 646 2619 licat
662 2551 809 2619 sulficere
819 2550 986 2620 debuisset
1006 2551 1050 2619 ad
1064 2553 1229 2640 imponen-

106 2665 181 2730 dum
198 2661 325 2730 auctori
350 2663 531 2746 silencium,
558 2681 629 2728 cum
658 2667 768 2728 actore
792 2681 856 2728 non
874 2661 1034 2746 probante
1057 2679 1141 2745 reus,
1168 2661 1230 2728 etsi

105 2773 206 2842 nichil
232 2772 386 2858 prestitit,
412 2771 539 2839 absolui
565 2771 702 2857 debeat,
730 2791 771 2838 ex
796 2769 1097 2856 superhabundanti
1120 2777 1230 2838 tamen

105 2885 192 2950 lama
208 2883 399 2968 eommunis,
416 2890 449 2948 et
464 2881 608 2948 assercio
619 2880 798 2948 uicinorum
815 2899 950 2947 concors
963 2899 1022 2948 nos
1039 2879 1230 2966 adplenum

106 2991 305 3075 certificauit,
330 2997 452 3057 terram
468 2993 679 3062 memoratam
696 2988 738 3055 ad
756 2987 978 3075 supradictum
995 2985 1181 3074 Georgium,
1199 2995 1232 3056 et

106 3097 148 3166 ad
164 3099 291 3164 nnllam
307 3097 407 3164 aliam
424 3117 599 3184 personam
615 3115 744 3183 semper
759 3097 967 3184 pertinuisse.
994 3099 1130 3184 Propter
1144 3099 1231 3179 quod

107 3210 212 3294 ipsam
221 3205 378 3274 iratribus
394 3204 568 3273 antedictis
584 3207 714 3274 nomine
725 3206 872 3273 Ecclesia
885 3212 1061 3273 memorate
1080 3205 1231 3274 duximus

106 3317 137 3381 in
153 3323 345 3402 perpetuum
369 3312 633 3400 confirmandam,
660 3313 745 3400 parti
763 3313 903 3382 aduerse
928 3315 1098 3382 silentium
1118 3335 1231 3404 perpe-

105 3430 203 3510 tuum,
221 3425 307 3491 siout
322 3422 440 3509 decuit,
468 3422 682 3508 imponentes.
698 3423 784 3489 Mete
801 3428 911 3488 antem
928 3429 961 3490 et
981 3424 1111 3490 termini
1127 3425 1231 3511 ipsius

105 3539 197 3616 terre,
215 3531 299 3598 sicut
313 3549 372 3617 per
397 3529 526 3596 litteras
542 3527 653 3597 fratris
669 3528 690 3596 J
692 3529 784 3596 acobi
809 3527 960 3613 Magistri
976 3530 1101 3598 Domus
1116 3530 1231 3617 Hospi-

104 3641 178 3706 talis
194 3639 307 3707 Sancti
322 3637 423 3728 Regis
439 3637 480 3704 de
496 3639 661 3722 strigonio
676 3637 785 3706 tidelis
800 3637 901 3722 nosri,
922 3639 975 3704 cui
991 3637 1231 3725 inepecoionem

106 3748 250 3816 eiusdem
265 3755 352 3815 terre
368 3766 408 3814 ac
426 3755 586 3815 metarum
596 3746 872 3834 commiseramus,
888 3747 985 3815 nobis
1001 3747 1153 3834 constitit,
1168 3747 1230 3816 hcc

107 3857 217 3924 ordine
227 3857 467 3943 distingumm3
488 3855 739 3943 inprimisaput
755 3853 928 3921 ecclesiam
939 3853 1091 3922 Omnium
1100 3855 1230 3923 Sancto·

108 3985 173 4031 rnrn
182 3965 226 4033 de
239 3963 433 4052 supradicta
448 3963 530 4031 villa
539 3965 702 4049 Vngyney
719 3963 862 4029 continet
872 3980 971 4029 vnum
986 3960 1121 4028 fundum
1132 3965 1228 4052 curie,

110 4081 139 4140 et
153 4075 301 4144 similiter
318 4072 436 4142 eadem
452 4073 592 4142 eeclesia
607 4071 748 4158 pertinet
763 4069 808 4138 ad
823 4077 942 4139 terram
960 4069 1170 4158 sepedictam,
1196 4078 1230 4139 et

112 4182 203 4250 habet
217 4183 332 4268 iugera
341 4179 483 4248 arabilia
497 4178 719 4265 quadraginta
735 4183 767 4245 et
776 4184 921 4265 septem3
944 4179 1029 4246 silua
1038 4197 1115 4246 uero
1124 4179 1230 4264 ipsius

113 4292 247 4358 eontinet
262 4291 377 4376 iugera
392 4287 588 4374 quindecim,
614 4293 648 4353 et
663 4287 761 4354 habet
776 4285 931 4372 fanetum,
948 4293 1103 4372 quantum
1124 4293 1232 4374 potest

113 4397 322 4486 mlioereper
337 4398 423 4466 diem
434 4399 490 4466 uni
506 4396 628 4482 hominj
645 4394 689 4464 ad
698 4395 898 4464 salcandum.
914 4395 1138 4466 Commetanei
1151 4418 1230 4466 nero

114 4504 250 4572 eiusdem
265 4513 352 4573 terre
378 4513 455 4574 sunt
470 4504 657 4591 Capitulum
673 4505 820 4574 Ecclesie
835 4507 947 4574 Sancti
963 4504 1144 4592 Adalberti,
1171 4507 1230 4574 Ca-

115 4615 245 4698 pitnlum
254 4617 400 4686 Ecclesie
415 4619 527 4686 Sancti
537 4619 626 4686 Petri
643 4615 815 4704 Budensis,
831 4623 864 4684 et
879 4615 997 4684 tratres
1007 4617 1120 4682 Sancti
1130 4617 1230 4700 Regis
