3122 5154
837 334 990 437 ja*

357 533 518 602 extitisset
541 535 752 619 propagatus,
782 527 845 598 sibi
861 535 893 598 et
909 528 978 596 suis
994 525 1169 596 heredibus
1194 546 1279 596 noue
1296 525 1493 596 donacionis

358 662 416 710 sne
432 641 536 725 tytulo
561 640 641 708 dare
667 638 869 726 etecusam,
896 638 1066 724 ipsumque
1094 636 1304 723 priuilegium
1328 635 1406 704 dicti
1432 637 1492 704 do-

356 749 433 818 mini
449 749 528 817 Bele
544 749 644 834 Regis
660 767 718 834 pro
744 747 816 834 ipso
837 751 869 830 et
885 744 952 812 sois
967 742 1143 812 heredibus
1170 741 1371 830 acceptando
1387 743 1491 812 ratifi-

353 879 429 926 care
446 863 478 924 et
493 875 552 924 suo
567 855 670 941 Regio
693 854 883 940 dignaretur
897 851 1071 939 priuilegio
1097 851 1308 938 confirmoro;
1335 849 1409 936 ipse
1423 851 1490 918 ita·

352 986 416 1050 que
432 963 580 1032 dominns
596 967 706 1030 noster
722 960 904 1030 Lodovicns
919 962 991 1028 Rex
1007 960 1041 1026 iu
1057 958 1121 1026 hac
1144 964 1238 1046 parta
1253 957 1489 1028 fauorabiliter

352 1073 536 1158 inclinatus,
562 1077 741 1158 pretaotum
767 1067 974 1156 priuilegium
1004 1067 1106 1153 ipsius
1133 1066 1255 1134 domini
1281 1067 1361 1134 Belo
1383 1065 1489 1152 Regis

352 1187 539 1267 acceptans,
565 1179 731 1246 ratificans
748 1186 780 1243 et
804 1197 864 1263 pro
888 1176 1002 1242 eodem
1018 1175 1158 1244 Nicolao
1181 1174 1387 1258 confirmans,
1414 1194 1489 1260 pre·

355 1287 477 1354 dictam
490 1293 611 1352 terram
626 1286 686 1352 stb.
702 1286 820 1350 Datum
830 1279 993 1368 Zagrabie
1009 1280 1172 1350 sedecimo
1190 1281 1243 1348 die
1260 1281 1393 1350 termini
1410 1301 1485 1365 pre

354 1393 457 1464 notati
474 1413 559 1462 anno
570 1390 700 1459 Domini
716 1390 887 1457 millesimo
903 1388 1129 1456 trecentesimo
1145 1388 1351 1474 sexagesimo
1366 1389 1483 1456 tercio.

353 1574 489 1640 (Eredetie
501 1569 676 1639 bdrhdrtydm
695 1571 806 1638 melyrdi
819 1583 836 1621 a
848 1569 1010 1636 pilspoisneir
1022 1567 1144 1637 pecsdtje
1158 1569 1387 1637 selyamasindron
1402 1571 1482 1638 fdgg,

655 1660 768 1713 abudai
781 1659 833 1711 irin.
846 1661 970 1710 kamarai
982 1655 1170 1726 lavdltdrban.)

780 1912 1049 1925 —1-——m-..0

888 2343 944 2412 50.

347 2529 369 2594 I
372 2529 406 2595 V.
417 2525 498 2595 Belo
514 2525 688 2613 ttrotpmt
704 2523 805 2590 delete
815 2522 945 2590 Jccsiat
959 2525 1090 2610 cecropi
1104 2527 1183 2612 aput
1198 2528 1229 2590 ds
1238 2523 1353 2590 Basud
1368 2535 1482 2591 meam

593 2634 663 2698 ledat
679 2631 783 2699 Zoboe·
797 2631 919 2720 helysdy
935 2633 1120 2720 tdrppdbuo.
1139 2633 1236 2698 1239.

455 2813 536 2879 Bela
551 2811 613 2880 Dei
639 2811 753 2895 gracia
768 2810 945 2896 Huugarie,
970 2811 1148 2895 Dalmacie,
1174 2809 1342 2895 (ihroaeie,
1359 2813 1476 2897 Rama,

347 2920 471 3005 Seruis,
499 2920 662 2989 Gallionis
685 2917 905 3004 Oumanieque
920 2921 990 2988 Rex
1014 2920 1162 2988 omnibns
1178 2919 1298 2988 Christi
1323 2918 1479 2988 fidelibus

348 3035 532 3116 presentem
548 3027 705 3115 paginam
721 3027 915 3115 inspecturis
931 3028 1071 3096 salutem
1087 3028 1119 3096 in
1135 3027 1277 3098 omnium
1296 3028 1480 3100 saluatore.

346 3133 398 3202 Ad
415 3135 637 3206 uniuersorum
655 3141 720 3202 tam
737 3134 961 3204 modernorum
988 3157 1085 3222 quam
1100 3145 1302 3223 posterorum
1316 3136 1478 3206 noticiam

346 3243 461 3310 harum
477 3243 560 3312 serie
570 3243 719 3310 uolumus
738 3243 919 3330 peruenire,
936 3244 1021 3326 quod
1032 3243 1344 3328 Abbastionasterij
1361 3245 1478 3312 Sancti

346 3351 490 3438 Philippi
509 3352 549 3417 de
565 3352 694 3437 Zenrug
709 3352 879 3419 iacinctus
895 3353 1036 3438 nomine,
1062 3353 1190 3420 fidelem
1212 3359 1358 3422 nostrum
1373 3353 1478 3438 Magi-

344 3465 444 3528 strum
461 3459 571 3527 Buzad
598 3459 739 3544 quodam
755 3457 841 3545 (tgy)
858 3459 958 3526 filium
974 3459 1086 3528 Buzad
1101 3461 1185 3528 Baui
1200 3460 1243 3528 ad
1266 3465 1412 3530 nostram
1432 3459 1479 3527 ci·

347 3569 432 3636 iuuit
446 3569 660 3656 presenciam,
684 3567 850 3652 requirens
875 3570 973 3637 abeo
990 3568 1154 3655 quoddam
1179 3569 1329 3656 predium
1344 3567 1479 3638 nomine

345 3675 462 3762 Zobor,
488 3675 577 3760 qnod
593 3675 636 3742 ad
652 3677 885 3744 Monasterium
902 3675 944 3745 de
959 3679 1089 3762 Zeurug
1107 3677 1268 3762 pertinere
1284 3677 1425 3760 dicebat,
1442 3685 1479 3746 ct

342 3785 386 3852 ab
403 3781 517 3852 codem
533 3782 694 3869 Magistro
711 3781 820 3850 Bunad
841 3783 997 3852 uiolenter
1013 3793 1045 3852 et
1060 3791 1175 3854 contra
1190 3784 1353 3878 iusticiam
1369 3783 1477 3853 fuisse

343 3901 545 3978 occupatum.
572 3891 725 3959 Partibus
743 3889 841 3974 igitur
858 3891 995 3960 termino
1021 3892 1192 3978 assignato
1212 3893 1245 3958 in
1261 3889 1383 3960 iudicio
1398 3911 1477 3960 con-

344 3999 476 4086 stitutis,
495 4019 535 4067 ex
552 4005 665 4068 nostra
690 3998 858 4067 uoluntate
875 4007 908 4066 et
922 3999 1136 4087 permissione
1162 4001 1262 4067 tatem
1278 3999 1361 4067 inter
1376 4017 1413 4066 so
1428 3999 1477 4069 ss.-

342 4115 453 4178 cerunt
470 4106 742 4194 composicionem
761 4130 768 4171 :
793 4107 838 4174 Ut
853 4107 998 4194 prefatus
1014 4108 1172 4193 Magister
1190 4109 1301 4175 Bunad
1327 4127 1385 4193 pro
1401 4127 1478 4194 pre-

345 4215 399 4282 dio
414 4215 482 4298 illo,
508 4235 644 4301 proquo
670 4214 839 4283 contencio
857 4221 947 4283 mota
961 4214 1076 4298 iuerat,
1096 4215 1218 4283 Abbati
1243 4221 1276 4284 et
1291 4214 1477 4282 Gonueutui

344 4321 386 4386 de
402 4321 531 4406 Zeurug
546 4341 654 4388 coram
671 4321 822 4407 Capitulo
839 4321 1055 4388 Chenadiensi
1071 4321 1214 4390 solueret
1239 4328 1369 4390 centum
1385 4341 1472 4390 mar·

345 4445 412 4508 cas,
435 4426 553 4508 quibus
569 4427 683 4494 solutis
708 4427 813 4514 ipsum
830 4427 978 4514 predium
993 4429 1100 4497 Zobor
1123 4427 1158 4495 in
1175 4427 1225 4496 ius
1241 4435 1274 4498 et
1294 4427 1479 4498 dominium

265 4553 269 4563 ·
348 4529 478 4600 cederet
489 4533 636 4617 Magistri
646 4533 757 4602 Buaad
768 4535 903 4622 pacifice
917 4542 1073 4624 perpetuo
1083 4535 1326 4624 possidendum,
1344 4556 1478 4604 omnem

348 4636 642 4706 coutradiocionem
656 4647 688 4706 et
703 4640 957 4728 contentionem,
978 4661 1040 4726 que
1055 4641 1140 4712 iuter
1154 4641 1246 4728 ipsas
1255 4649 1369 4731 partes
1385 4649 1480 4712 mota
