<?xml version="1.0" encoding="UTF-8"?>
<!DOCTYPE html PUBLIC "-//W3C//DTD XHTML 1.0 Transitional//EN"
    "http://www.w3.org/TR/xhtml1/DTD/xhtml1-transitional.dtd">
<html xmlns="http://www.w3.org/1999/xhtml" xml:lang="en" lang="en">
 <head>
  <title>
</title>
<meta http-equiv="Content-Type" content="text/html;charset=utf-8" />
  <meta name='ocr-system' content='tesseract 3.04.00' />
  <meta name='ocr-capabilities' content='ocr_page ocr_carea ocr_par ocr_line ocrx_word'/>
</head>
<body>
  <div class='ocr_page' id='page_1' title='image "./codexdiplomatic15wenzgoog_0478.png"; bbox 0 0 3148 5156; ppageno 0'>
   <div class='ocr_carea' id='block_1_1' title="bbox 628 807 707 874">
    <p class='ocr_par' dir='ltr' id='par_1_1' title="bbox 628 807 707 874">
     <span class='ocr_line' id='line_1_1' title="bbox 628 807 707 874; baseline -0.025 0"><span class='ocrx_word' id='word_1_1' title='bbox 628 807 707 874; x_wconf 77' lang='lat'>312.</span> 
     </span>
    </p>
   </div>
   <div class='ocr_carea' id='block_1_2' title="bbox 124 988 1233 1182">
    <p class='ocr_par' dir='ltr' id='par_1_2' title="bbox 124 988 1233 1182">
     <span class='ocr_line' id='line_1_2' title="bbox 124 988 1233 1076; baseline 0 -24"><span class='ocrx_word' id='word_1_2' title='bbox 124 988 213 1054; x_wconf 69' lang='lat' dir='ltr'><strong>Ionon</strong></span> <span class='ocrx_word' id='word_1_3' title='bbox 228 990 402 1054; x_wconf 77' lang='lat' dir='ltr'><strong>ozlorooiar&#39;</strong></span> <span class='ocrx_word' id='word_1_4' title='bbox 425 989 485 1054; x_wconf 66' lang='lat' dir='ltr'><strong>bon</strong></span> <span class='ocrx_word' id='word_1_5' title='bbox 502 995 532 1054; x_wconf 84' lang='lat' dir='ltr'><strong>e&#39;o</strong></span> <span class='ocrx_word' id='word_1_6' title='bbox 548 989 657 1076; x_wconf 78' lang='lat' dir='ltr'><strong>Styro&#39;a</strong></span> <span class='ocrx_word' id='word_1_7' title='bbox 672 989 895 1075; x_wconf 64' lang='lat' dir='ltr'><strong>komonyzoja</strong></span> <span class='ocrx_word' id='word_1_8' title='bbox 911 1014 931 1054; x_wconf 86' lang='lat' dir='ltr'><strong>o</strong></span> <span class='ocrx_word' id='word_1_9' title='bbox 949 992 1045 1075; x_wconf 69' lang='lat' dir='ltr'><strong>yona-i</strong></span> <span class='ocrx_word' id='word_1_10' title='bbox 1069 989 1233 1055; x_wconf 74' lang='lat' dir='ltr'><strong>zdrddrrok</strong></span> 
     </span>
     <span class='ocr_line' id='line_1_3' title="bbox 322 1095 1026 1182; baseline -0.001 -22"><span class='ocrx_word' id='word_1_11' title='bbox 322 1097 797 1182; x_wconf 51' lang='lat' dir='ltr'><strong>vasmozabadooqotfeontanja.</strong></span> <span class='ocrx_word' id='word_1_12' title='bbox 815 1095 912 1161; x_wconf 80' lang='lat'><strong><em>1256.</em></strong></span> <span class='ocrx_word' id='word_1_13' title='bbox 928 1096 1026 1160; x_wconf 66' lang='lat' dir='ltr'><strong>koootl.</strong></span> 
     </span>
    </p>
   </div>
   <div class='ocr_carea' id='block_1_3' title="bbox 122 1289 1232 2238">
    <p class='ocr_par' dir='ltr' id='par_1_3' title="bbox 122 1289 1232 2238">
     <span class='ocr_line' id='line_1_4' title="bbox 216 1289 1231 1378; baseline 0 -20"><span class='ocrx_word' id='word_1_14' title='bbox 216 1291 400 1375; x_wconf 72' lang='lat' dir='ltr'>Stephanus</span> <span class='ocrx_word' id='word_1_15' title='bbox 416 1291 527 1358; x_wconf 80' lang='lat' dir='ltr'><strong>Bonus</strong></span> <span class='ocrx_word' id='word_1_16' title='bbox 543 1290 647 1359; x_wconf 86' lang='lat' dir='ltr'><strong>tooiue</strong></span> <span class='ocrx_word' id='word_1_17' title='bbox 664 1289 838 1357; x_wconf 83' lang='lat' dir='ltr'><strong>Solanonie</strong></span> <span class='ocrx_word' id='word_1_18' title='bbox 855 1297 887 1358; x_wconf 88' lang='lat' dir='ltr'><strong>et</strong></span> <span class='ocrx_word' id='word_1_19' title='bbox 904 1289 1103 1378; x_wconf 67' lang='lat' dir='ltr'><strong>capitaneus</strong></span> <span class='ocrx_word' id='word_1_20' title='bbox 1122 1291 1231 1377; x_wconf 80' lang='lat' dir='ltr'><strong>Styrie</strong></span> 
     </span>
     <span class='ocr_line' id='line_1_5' title="bbox 122 1395 1231 1484; baseline 0.003 -22"><span class='ocrx_word' id='word_1_21' title='bbox 122 1395 236 1466; x_wconf 83' lang='lat' dir='ltr'><strong>dileetio</strong></span> <span class='ocrx_word' id='word_1_22' title='bbox 254 1399 323 1466; x_wconf 83' lang='lat' dir='ltr'><strong>noio</strong></span> <span class='ocrx_word' id='word_1_23' title='bbox 343 1397 491 1484; x_wconf 84' lang='lat' dir='ltr'><strong>mutnrije</strong></span> <span class='ocrx_word' id='word_1_24' title='bbox 507 1399 548 1466; x_wconf 87' lang='lat' dir='ltr'><strong>de</strong></span> <span class='ocrx_word' id='word_1_25' title='bbox 566 1399 724 1465; x_wconf 81' lang='lat' dir='ltr'><strong>Rotnrone</strong></span> <span class='ocrx_word' id='word_1_26' title='bbox 741 1398 881 1464; x_wconf 80' lang='lat' dir='ltr'><strong>salutem</strong></span> <span class='ocrx_word' id='word_1_27' title='bbox 898 1407 931 1466; x_wconf 91' lang='lat' dir='ltr'><strong>et</strong></span> <span class='ocrx_word' id='word_1_28' title='bbox 953 1400 1110 1484; x_wconf 79' lang='lat' dir='ltr'><strong>grentam.</strong></span> <span class='ocrx_word' id='word_1_29' title='bbox 1128 1399 1231 1483; x_wconf 76' lang='lat' dir='ltr'><strong>Signi-</strong></span> 
     </span>
     <span class='ocr_line' id='line_1_6' title="bbox 124 1503 1230 1590; baseline 0.002 -18"><span class='ocrx_word' id='word_1_30' title='bbox 124 1505 220 1572; x_wconf 79' lang='lat' dir='ltr'><strong>norit</strong></span> <span class='ocrx_word' id='word_1_31' title='bbox 233 1505 328 1574; x_wconf 83' lang='lat' dir='ltr'><strong>nobie</strong></span> <span class='ocrx_word' id='word_1_32' title='bbox 353 1503 486 1573; x_wconf 87' lang='lat' dir='ltr'><strong>domina</strong></span> <span class='ocrx_word' id='word_1_33' title='bbox 505 1505 684 1573; x_wconf 82' lang='lat' dir='ltr'><strong>Abbatiesa</strong></span> <span class='ocrx_word' id='word_1_34' title='bbox 696 1503 737 1572; x_wconf 85' lang='lat' dir='ltr'><strong>do</strong></span> <span class='ocrx_word' id='word_1_35' title='bbox 753 1506 860 1572; x_wconf 80' lang='lat' dir='ltr'><strong>Gnoso</strong></span> <span class='ocrx_word' id='word_1_36' title='bbox 880 1506 1117 1590; x_wconf 81' lang='lat' dir='ltr'><strong>conquerendo,</strong></span> <span class='ocrx_word' id='word_1_37' title='bbox 1143 1507 1230 1589; x_wconf 88' lang='lat' dir='ltr'><strong>quod</strong></span> 
     </span>
     <span class='ocr_line' id='line_1_7' title="bbox 127 1611 1231 1700; baseline 0.004 -22"><span class='ocrx_word' id='word_1_38' title='bbox 127 1633 186 1678; x_wconf 87' lang='lat' dir='ltr'><strong>orn</strong></span> <span class='ocrx_word' id='word_1_39' title='bbox 210 1611 337 1696; x_wconf 76' lang='lat' dir='ltr'><strong>doniis,</strong></span> <span class='ocrx_word' id='word_1_40' title='bbox 365 1633 428 1696; x_wconf 89' lang='lat' dir='ltr'><strong>qne</strong></span> <span class='ocrx_word' id='word_1_41' title='bbox 444 1633 503 1700; x_wconf 89' lang='lat' dir='ltr'><strong>per</strong></span> <span class='ocrx_word' id='word_1_42' title='bbox 530 1621 671 1682; x_wconf 82' lang='lat' dir='ltr'><strong>nestram</strong></span> <span class='ocrx_word' id='word_1_43' title='bbox 697 1619 831 1682; x_wconf 81' lang='lat' dir='ltr'><strong>stratam</strong></span> <span class='ocrx_word' id='word_1_44' title='bbox 858 1635 915 1700; x_wconf 86' lang='lat' dir='ltr'><strong>pro</strong></span> <span class='ocrx_word' id='word_1_45' title='bbox 942 1617 1010 1680; x_wconf 83' lang='lat' dir='ltr'><strong>onie</strong></span> <span class='ocrx_word' id='word_1_46' title='bbox 1034 1623 1067 1681; x_wconf 84' lang='lat' dir='ltr'><strong>ot</strong></span> <span class='ocrx_word' id='word_1_47' title='bbox 1082 1634 1231 1682; x_wconf 83' lang='lat' dir='ltr'><strong>sororum</strong></span> 
     </span>
     <span class='ocr_line' id='line_1_8' title="bbox 124 1720 1232 1806; baseline 0.001 -21"><span class='ocrx_word' id='word_1_48' title='bbox 124 1739 239 1786; x_wconf 81' lang='lat' dir='ltr'><strong>enorum</strong></span> <span class='ocrx_word' id='word_1_49' title='bbox 249 1720 315 1787; x_wconf 88' lang='lat' dir='ltr'><strong>uite</strong></span> <span class='ocrx_word' id='word_1_50' title='bbox 332 1723 527 1806; x_wconf 79' lang='lat' dir='ltr'><strong>neceesarijo</strong></span> <span class='ocrx_word' id='word_1_51' title='bbox 541 1723 575 1788; x_wconf 92' lang='lat' dir='ltr'><strong>in</strong></span> <span class='ocrx_word' id='word_1_52' title='bbox 592 1721 697 1788; x_wconf 90' lang='lat' dir='ltr'><strong>eundo</strong></span> <span class='ocrx_word' id='word_1_53' title='bbox 714 1727 746 1788; x_wconf 92' lang='lat' dir='ltr'><strong>et</strong></span> <span class='ocrx_word' id='word_1_54' title='bbox 761 1721 926 1789; x_wconf 87' lang='lat' dir='ltr'><strong>redeundo</strong></span> <span class='ocrx_word' id='word_1_55' title='bbox 937 1721 1055 1790; x_wconf 87' lang='lat' dir='ltr'><strong>deferri</strong></span> <span class='ocrx_word' id='word_1_56' title='bbox 1076 1731 1108 1790; x_wconf 86' lang='lat' dir='ltr'><strong>et</strong></span> <span class='ocrx_word' id='word_1_57' title='bbox 1119 1721 1232 1788; x_wconf 84' lang='lat' dir='ltr'><strong>referri</strong></span> 
     </span>
     <span class='ocr_line' id='line_1_9' title="bbox 125 1827 1231 1912; baseline 0.002 -20"><span class='ocrx_word' id='word_1_58' title='bbox 125 1835 342 1895; x_wconf 86' lang='lat' dir='ltr'><strong>oonnoenernnt</strong></span> <span class='ocrx_word' id='word_1_59' title='bbox 367 1833 489 1895; x_wconf 79' lang='lat' dir='ltr'><strong>mutam</strong></span> <span class='ocrx_word' id='word_1_60' title='bbox 506 1831 577 1897; x_wconf 83' lang='lat' dir='ltr'><strong>siue</strong></span> <span class='ocrx_word' id='word_1_61' title='bbox 603 1829 766 1898; x_wconf 82' lang='lat' dir='ltr'><strong>toloneum</strong></span> <span class='ocrx_word' id='word_1_62' title='bbox 783 1828 911 1896; x_wconf 85' lang='lat' dir='ltr'><strong>soluere</strong></span> <span class='ocrx_word' id='word_1_63' title='bbox 927 1849 991 1897; x_wconf 88' lang='lat' dir='ltr'><strong>non</strong></span> <span class='ocrx_word' id='word_1_64' title='bbox 1012 1827 1154 1912; x_wconf 81' lang='lat' dir='ltr'><strong>deberet,</strong></span> <span class='ocrx_word' id='word_1_65' title='bbox 1171 1847 1231 1894; x_wconf 83' lang='lat' dir='ltr'><strong>uos</strong></span> 
     </span>
     <span class='ocr_line' id='line_1_10' title="bbox 125 1935 1231 2024; baseline 0.003 -26"><span class='ocrx_word' id='word_1_66' title='bbox 125 1939 220 2002; x_wconf 80' lang='lat' dir='ltr'><strong>eontra</strong></span> <span class='ocrx_word' id='word_1_67' title='bbox 242 1935 406 2003; x_wconf 81' lang='lat' dir='ltr'><strong>iuetioiem</strong></span> <span class='ocrx_word' id='word_1_68' title='bbox 434 1937 644 2021; x_wconf 77' lang='lat' dir='ltr'><strong>extorquetis.</strong></span> <span class='ocrx_word' id='word_1_69' title='bbox 671 1937 779 2016; x_wconf 81' lang='lat' dir='ltr'><strong>Quare</strong></span> <span class='ocrx_word' id='word_1_70' title='bbox 797 1937 863 2003; x_wconf 84' lang='lat' dir='ltr'><strong>eia</strong></span> <span class='ocrx_word' id='word_1_71' title='bbox 888 1936 1089 2024; x_wconf 80' lang='lat' dir='ltr'><strong>temporibus</strong></span> <span class='ocrx_word' id='word_1_72' title='bbox 1105 1938 1231 2002; x_wconf 82' lang='lat' dir='ltr'>Ducum</span> 
     </span>
     <span class='ocr_line' id='line_1_11' title="bbox 126 2041 1232 2129; baseline 0.001 -21"><span class='ocrx_word' id='word_1_73' title='bbox 126 2041 263 2128; x_wconf 84' lang='lat' dir='ltr'><strong>Leopoldi</strong></span> <span class='ocrx_word' id='word_1_74' title='bbox 280 2043 487 2112; x_wconf 78' lang='lat' dir='ltr'><strong>otFrederiei</strong></span> <span class='ocrx_word' id='word_1_75' title='bbox 505 2052 594 2112; x_wconf 77' lang='lat' dir='ltr'><strong>moto</strong></span> <span class='ocrx_word' id='word_1_76' title='bbox 609 2045 651 2111; x_wconf 81' lang='lat' dir='ltr'><strong>nb</strong></span> <span class='ocrx_word' id='word_1_77' title='bbox 668 2046 717 2112; x_wconf 79' lang='lat' dir='ltr'><strong>eis</strong></span> <span class='ocrx_word' id='word_1_78' title='bbox 734 2044 806 2110; x_wconf 84' lang='lat' dir='ltr'><strong>deri</strong></span> <span class='ocrx_word' id='word_1_79' title='bbox 826 2045 959 2111; x_wconf 89' lang='lat' dir='ltr'><strong>minime</strong></span> <span class='ocrx_word' id='word_1_80' title='bbox 976 2045 1155 2129; x_wconf 79' lang='lat' dir='ltr'><strong>consueuit,</strong></span> <span class='ocrx_word' id='word_1_81' title='bbox 1173 2063 1232 2110; x_wconf 90' lang='lat' dir='ltr'><strong>neo</strong></span> 
     </span>
     <span class='ocr_line' id='line_1_12' title="bbox 126 2151 847 2238; baseline 0.004 -24"><span class='ocrx_word' id='word_1_82' title='bbox 126 2167 174 2215; x_wconf 86' lang='lat' dir='ltr'><strong>noe</strong></span> <span class='ocrx_word' id='word_1_83' title='bbox 189 2168 256 2216; x_wconf 82' lang='lat' dir='ltr'><strong>enm</strong></span> <span class='ocrx_word' id='word_1_84' title='bbox 271 2151 478 2235; x_wconf 83' lang='lat' dir='ltr'><strong>aliquatenus</strong></span> <span class='ocrx_word' id='word_1_85' title='bbox 496 2153 625 2238; x_wconf 78' lang='lat' dir='ltr'><strong>exigere</strong></span> <span class='ocrx_word' id='word_1_86' title='bbox 642 2151 847 2238; x_wconf 76' lang='lat' dir='ltr'><strong>presumatis.</strong></span> 
     </span>
    </p>
   </div>
   <div class='ocr_carea' id='block_1_4' title="bbox 129 2344 1232 2506">
    <p class='ocr_par' dir='ltr' id='par_1_4' title="bbox 129 2344 1232 2506">
     <span class='ocr_line' id='line_1_13' title="bbox 129 2344 1232 2416; baseline 0.005 -22"><span class='ocrx_word' id='word_1_87' title='bbox 129 2345 243 2406; x_wconf 71' lang='lat' dir='ltr'><strong>fflrodetie</strong></span> <span class='ocrx_word' id='word_1_88' title='bbox 262 2344 435 2413; x_wconf 72' lang='lat' dir='ltr'><strong>borhtrtytn,</strong></span> <span class='ocrx_word' id='word_1_89' title='bbox 450 2365 465 2399; x_wconf 87' lang='lat' dir='ltr'><strong>o</strong></span> <span class='ocrx_word' id='word_1_90' title='bbox 478 2349 571 2416; x_wconf 74' lang='lat' dir='ltr'><strong>pooset</strong></span> <span class='ocrx_word' id='word_1_91' title='bbox 591 2351 727 2410; x_wconf 76' lang='lat' dir='ltr'><strong>olveszott,</strong></span> <span class='ocrx_word' id='word_1_92' title='bbox 750 2368 766 2403; x_wconf 81' lang='lat' dir='ltr'><strong>o</strong></span> <span class='ocrx_word' id='word_1_93' title='bbox 785 2352 875 2416; x_wconf 79' lang='lat' dir='ltr'><strong>grtttni</strong></span> <span class='ocrx_word' id='word_1_94' title='bbox 888 2351 1099 2405; x_wconf 77' lang='lat' dir='ltr'><strong>Jonnrroumnnlr</strong></span> <span class='ocrx_word' id='word_1_95' title='bbox 1120 2347 1232 2401; x_wconf 72' lang='lat' dir='ltr'><strong>kenirnti</strong></span> 
     </span>
     <span class='ocr_line' id='line_1_14' title="bbox 536 2437 803 2506; baseline 0.011 -18"><span class='ocrx_word' id='word_1_96' title='bbox 536 2437 803 2506; x_wconf 67' lang='lat' dir='ltr'><strong>gyttjternenyoben.)</strong></span> 
     </span>
    </p>
   </div>
   <div class='ocr_carea' id='block_1_5' title="bbox 626 3189 703 3258">
    <p class='ocr_par' dir='ltr' id='par_1_5' title="bbox 626 3189 703 3258">
     <span class='ocr_line' id='line_1_15' title="bbox 626 3189 703 3258; baseline 0.026 -2"><span class='ocrx_word' id='word_1_97' title='bbox 626 3189 703 3258; x_wconf 77' lang='lat'>313.</span> 
     </span>
    </p>
   </div>
   <div class='ocr_carea' id='block_1_6' title="bbox 128 3365 1232 3671">
    <p class='ocr_par' dir='ltr' id='par_1_6' title="bbox 128 3365 1232 3671">
     <span class='ocr_line' id='line_1_16' title="bbox 129 3365 1232 3457; baseline 0.006 -30"><span class='ocrx_word' id='word_1_98' title='bbox 129 3365 403 3453; x_wconf 64' lang='lat' dir='ltr'><strong>Aeze&#39;kenfelroondri</strong></span> <span class='ocrx_word' id='word_1_99' title='bbox 417 3370 630 3457; x_wconf 69' lang='lat' dir='ltr'><strong>triptolcrnoak</strong></span> <span class='ocrx_word' id='word_1_100' title='bbox 645 3371 911 3457; x_wconf 63' lang='lat' dir='ltr'><strong>bizooyodqlerele,</strong></span> <span class='ocrx_word' id='word_1_101' title='bbox 924 3372 1006 3457; x_wconf 69' lang='lat' dir='ltr'><strong>hoyy</strong></span> <span class='ocrx_word' id='word_1_102' title='bbox 1022 3371 1100 3437; x_wconf 71' lang='lat' dir='ltr'><strong>Eoo</strong></span> <span class='ocrx_word' id='word_1_103' title='bbox 1117 3371 1232 3436; x_wconf 72' lang='lat' dir='ltr'><strong>Miletos</strong></span> 
     </span>
     <span class='ocr_line' id='line_1_17' title="bbox 128 3477 1231 3564; baseline 0.007 -30"><span class='ocrx_word' id='word_1_104' title='bbox 128 3477 258 3540; x_wconf 55' lang='lat' dir='ltr'><strong>coozono·</strong></span> <span class='ocrx_word' id='word_1_105' title='bbox 264 3479 313 3560; x_wconf 83' lang='lat' dir='ltr'><strong>fia</strong></span> <span class='ocrx_word' id='word_1_106' title='bbox 323 3478 406 3542; x_wconf 78' lang='lat' dir='ltr'><strong>Eo&#39;r’e</strong></span> <span class='ocrx_word' id='word_1_107' title='bbox 416 3478 669 3564; x_wconf 69' lang='lat' dir='ltr'><strong>Somoqymeqyei</strong></span> <span class='ocrx_word' id='word_1_108' title='bbox 679 3477 810 3544; x_wconf 77' lang='lat' dir='ltr'><strong>birtolcdt</strong></span> <span class='ocrx_word' id='word_1_109' title='bbox 819 3478 1075 3563; x_wconf 77' lang='lat' dir='ltr'><strong>oponoonlaolmi</strong></span> <span class='ocrx_word' id='word_1_110' title='bbox 1083 3483 1231 3564; x_wconf 70' lang='lat' dir='ltr'><strong>opdtedq·</strong></span> 
     </span>
     <span class='ocr_line' id='line_1_18' title="bbox 449 3584 889 3671; baseline 0.005 -24"><span class='ocrx_word' id='word_1_111' title='bbox 449 3585 510 3648; x_wconf 84' lang='lat' dir='ltr'><strong>ook</strong></span> <span class='ocrx_word' id='word_1_112' title='bbox 525 3585 775 3671; x_wconf 72' lang='lat' dir='ltr'><strong>elzdtoqoor&#39;torto.</strong></span> <span class='ocrx_word' id='word_1_113' title='bbox 793 3584 889 3649; x_wconf 77' lang='lat'><em>1256.</em></span> 
     </span>
    </p>
   </div>
   <div class='ocr_carea' id='block_1_7' title="bbox 128 3777 1232 4622">
    <p class='ocr_par' dir='ltr' id='par_1_7' title="bbox 128 3777 1232 4622">
     <span class='ocr_line' id='line_1_19' title="bbox 217 3777 1229 3867; baseline -0.002 -21"><span class='ocrx_word' id='word_1_114' title='bbox 217 3779 283 3846; x_wconf 84' lang='lat' dir='ltr'><strong>Nos</strong></span> <span class='ocrx_word' id='word_1_115' title='bbox 297 3777 484 3865; x_wconf 80' lang='lat' dir='ltr'>Capitulum</span> <span class='ocrx_word' id='word_1_116' title='bbox 505 3778 652 3846; x_wconf 82' lang='lat' dir='ltr'><strong>Eoeleeie</strong></span> <span class='ocrx_word' id='word_1_117' title='bbox 667 3780 821 3846; x_wconf 83' lang='lat' dir='ltr'><strong>Albeneio</strong></span> <span class='ocrx_word' id='word_1_118' title='bbox 846 3779 961 3848; x_wconf 80' lang='lat' dir='ltr'><strong>domun</strong></span> <span class='ocrx_word' id='word_1_119' title='bbox 977 3801 1036 3867; x_wconf 84' lang='lat' dir='ltr'><strong>pro</strong></span> <span class='ocrx_word' id='word_1_120' title='bbox 1056 3781 1229 3847; x_wconf 78' lang='lat' dir='ltr'><strong>memorie:</strong></span> 
     </span>
     <span class='ocr_line' id='line_1_20' title="bbox 128 3885 1230 3975; baseline 0.003 -25"><span class='ocrx_word' id='word_1_121' title='bbox 128 3885 207 3962; x_wconf 83' lang='lat' dir='ltr'><strong>Quod</strong></span> <span class='ocrx_word' id='word_1_122' title='bbox 237 3909 322 3957; x_wconf 80' lang='lat' dir='ltr'><strong>enno</strong></span> <span class='ocrx_word' id='word_1_123' title='bbox 346 3887 476 3954; x_wconf 86' lang='lat' dir='ltr'><strong>Domini</strong></span> <span class='ocrx_word' id='word_1_124' title='bbox 501 3889 676 3957; x_wconf 83' lang='lat' dir='ltr'><strong>millesimo</strong></span> <span class='ocrx_word' id='word_1_125' title='bbox 707 3888 928 3956; x_wconf 81' lang='lat' dir='ltr'><strong>ducentesimo</strong></span> <span class='ocrx_word' id='word_1_126' title='bbox 961 3889 1230 3975; x_wconf 79' lang='lat' dir='ltr'><strong>quinquagesimo</strong></span> 
     </span>
     <span class='ocr_line' id='line_1_21' title="bbox 128 3995 1232 4083; baseline 0.008 -27"><span class='ocrx_word' id='word_1_127' title='bbox 128 4003 203 4062; x_wconf 79' lang='lat' dir='ltr'><strong>nerto</strong></span> <span class='ocrx_word' id='word_1_128' title='bbox 226 3997 408 4065; x_wconf 80' lang='lat' dir='ltr'><strong>oonntitutin</strong></span> <span class='ocrx_word' id='word_1_129' title='bbox 434 3999 467 4062; x_wconf 91' lang='lat' dir='ltr'><strong>in</strong></span> <span class='ocrx_word' id='word_1_130' title='bbox 494 4005 606 4066; x_wconf 77' lang='lat' dir='ltr'><strong>nostre</strong></span> <span class='ocrx_word' id='word_1_131' title='bbox 629 3997 802 4083; x_wconf 84' lang='lat' dir='ltr'><strong>prenenoio</strong></span> <span class='ocrx_word' id='word_1_132' title='bbox 831 3995 962 4065; x_wconf 85' lang='lat' dir='ltr'><strong>domino</strong></span> <span class='ocrx_word' id='word_1_133' title='bbox 991 3997 1078 4064; x_wconf 77' lang='lat' dir='ltr'><strong>Fano</strong></span> <span class='ocrx_word' id='word_1_134' title='bbox 1104 3997 1232 4065; x_wconf 86' lang='lat' dir='ltr'><strong>Abbate</strong></span> 
     </span>
     <span class='ocr_line' id='line_1_22' title="bbox 128 4101 1231 4192; baseline 0.007 -28"><span class='ocrx_word' id='word_1_135' title='bbox 128 4101 220 4172; x_wconf 77' lang='lat' dir='ltr'><strong>Soooti</strong></span> <span class='ocrx_word' id='word_1_136' title='bbox 235 4105 363 4172; x_wconf 80' lang='lat' dir='ltr'><strong>Martini</strong></span> <span class='ocrx_word' id='word_1_137' title='bbox 381 4104 422 4172; x_wconf 89' lang='lat' dir='ltr'><strong>de</strong></span> <span class='ocrx_word' id='word_1_138' title='bbox 438 4107 539 4172; x_wconf 85' lang='lat' dir='ltr'><strong>Snoro</strong></span> <span class='ocrx_word' id='word_1_139' title='bbox 555 4107 663 4173; x_wconf 82' lang='lat' dir='ltr'><strong>Monte</strong></span> <span class='ocrx_word' id='word_1_140' title='bbox 680 4107 860 4186; x_wconf 79' lang='lat' dir='ltr'><strong>Pannonio,</strong></span> <span class='ocrx_word' id='word_1_141' title='bbox 887 4106 1066 4174; x_wconf 80' lang='lat' dir='ltr'><strong>Laurenoio</strong></span> <span class='ocrx_word' id='word_1_142' title='bbox 1086 4107 1231 4192; x_wconf 82' lang='lat' dir='ltr'><strong>Deonno‚</strong></span> 
     </span>
     <span class='ocr_line' id='line_1_23' title="bbox 129 4205 1231 4296; baseline 0.008 -26"><span class='ocrx_word' id='word_1_143' title='bbox 129 4205 190 4276; x_wconf 75' lang='lat' dir='ltr'><strong>ntia</strong></span> <span class='ocrx_word' id='word_1_144' title='bbox 203 4210 338 4281; x_wconf 80' lang='lat' dir='ltr'><strong>Contere</strong></span> <span class='ocrx_word' id='word_1_145' title='bbox 363 4217 396 4278; x_wconf 87' lang='lat' dir='ltr'><strong>et</strong></span> <span class='ocrx_word' id='word_1_146' title='bbox 411 4211 512 4280; x_wconf 80' lang='lat' dir='ltr'><strong>trotre</strong></span> <span class='ocrx_word' id='word_1_147' title='bbox 527 4212 669 4281; x_wconf 89' lang='lat' dir='ltr'><strong>Henrioo</strong></span> <span class='ocrx_word' id='word_1_148' title='bbox 695 4215 862 4282; x_wconf 79' lang='lat' dir='ltr'><strong>monachis</strong></span> <span class='ocrx_word' id='word_1_149' title='bbox 888 4213 966 4280; x_wconf 85' lang='lat' dir='ltr'><strong>dieti</strong></span> <span class='ocrx_word' id='word_1_150' title='bbox 983 4215 1172 4296; x_wconf 83' lang='lat' dir='ltr'><strong>Moneeterij</strong></span> <span class='ocrx_word' id='word_1_151' title='bbox 1191 4234 1231 4279; x_wconf 86' lang='lat' dir='ltr'><strong>ex</strong></span> 
     </span>
     <span class='ocr_line' id='line_1_24' title="bbox 129 4318 1231 4405; baseline 0.005 -24"><span class='ocrx_word' id='word_1_152' title='bbox 129 4329 183 4381; x_wconf 74' lang='lat' dir='ltr'><strong>vnn</strong></span> <span class='ocrx_word' id='word_1_153' title='bbox 193 4325 298 4404; x_wconf 79' lang='lat' dir='ltr'><strong>porte3</strong></span> <span class='ocrx_word' id='word_1_154' title='bbox 316 4319 429 4389; x_wconf 79' lang='lat' dir='ltr'><strong>Etexio</strong></span> <span class='ocrx_word' id='word_1_155' title='bbox 446 4321 513 4388; x_wconf 81' lang='lat' dir='ltr'><strong>filio</strong></span> <span class='ocrx_word' id='word_1_156' title='bbox 529 4322 658 4389; x_wconf 81' lang='lat' dir='ltr'><strong>Nioolai</strong></span> <span class='ocrx_word' id='word_1_157' title='bbox 670 4323 816 4403; x_wconf 78' lang='lat' dir='ltr'><strong>Comitis,</strong></span> <span class='ocrx_word' id='word_1_158' title='bbox 832 4321 852 4387; x_wconf 86' lang='lat' dir='ltr'>J</span> <span class='ocrx_word' id='word_1_159' title='bbox 856 4321 982 4390; x_wconf 84' lang='lat' dir='ltr'><strong>ohanne</strong></span> <span class='ocrx_word' id='word_1_160' title='bbox 998 4321 1065 4388; x_wconf 87' lang='lat' dir='ltr'><strong>filio</strong></span> <span class='ocrx_word' id='word_1_161' title='bbox 1081 4318 1231 4405; x_wconf 79' lang='lat' dir='ltr'><strong>Gregorii</strong></span> 
     </span>
     <span class='ocr_line' id='line_1_25' title="bbox 130 4426 1232 4521; baseline 0.004 -31"><span class='ocrx_word' id='word_1_162' title='bbox 130 4429 347 4521; x_wconf 74' lang='lat' dir='ltr'><strong>consanguineo</strong></span> <span class='ocrx_word' id='word_1_163' title='bbox 374 4428 529 4514; x_wconf 80' lang='lat' dir='ltr'><strong>ejusdem,</strong></span> <span class='ocrx_word' id='word_1_164' title='bbox 561 4448 621 4495; x_wconf 90' lang='lat' dir='ltr'><strong>neo</strong></span> <span class='ocrx_word' id='word_1_165' title='bbox 648 4450 712 4498; x_wconf 88' lang='lat' dir='ltr'><strong>non</strong></span> <span class='ocrx_word' id='word_1_166' title='bbox 739 4430 868 4496; x_wconf 84' lang='lat' dir='ltr'><strong>Abbate</strong></span> <span class='ocrx_word' id='word_1_167' title='bbox 892 4426 1082 4496; x_wconf 81' lang='lat' dir='ltr'><strong>Monoeterii</strong></span> <span class='ocrx_word' id='word_1_168' title='bbox 1108 4427 1169 4494; x_wconf 80' lang='lat' dir='ltr'><strong>an</strong></span> <span class='ocrx_word' id='word_1_169' title='bbox 1190 4449 1232 4495; x_wconf 80' lang='lat' dir='ltr'><strong>en</strong></span> 
     </span>
     <span class='ocr_line' id='line_1_26' title="bbox 132 4526 1230 4622; baseline 0.005 -27"><span class='ocrx_word' id='word_1_170' title='bbox 132 4526 440 4622; x_wconf 52' lang='lat' dir='ltr'><strong>antepropositam</strong></span> <span class='ocrx_word' id='word_1_171' title='bbox 456 4535 516 4604; x_wconf 85' lang='lat' dir='ltr'><strong>fnit</strong></span> <span class='ocrx_word' id='word_1_172' title='bbox 531 4535 745 4606; x_wconf 81' lang='lat' dir='ltr'><strong>roromnobin</strong></span> <span class='ocrx_word' id='word_1_173' title='bbox 762 4537 804 4602; x_wconf 85' lang='lat' dir='ltr'><strong>ab</strong></span> <span class='ocrx_word' id='word_1_174' title='bbox 821 4533 963 4620; x_wconf 65' lang='lat' dir='ltr'><strong>eisdem</strong></span> <span class='ocrx_word' id='word_1_175' title='bbox 981 4533 1066 4620; x_wconf 86' lang='lat' dir='ltr'><strong>quod</strong></span> <span class='ocrx_word' id='word_1_176' title='bbox 1076 4554 1148 4602; x_wconf 88' lang='lat' dir='ltr'><strong>oum</strong></span> <span class='ocrx_word' id='word_1_177' title='bbox 1166 4534 1230 4601; x_wconf 89' lang='lat' dir='ltr'><strong>dio-</strong></span> 
     </span>
    </p>
   </div>
   <div class='ocr_carea' id='block_1_8' title="bbox 0 0 1581 5156">
    <p class='ocr_par' dir='ltr' id='par_1_8' title="bbox 0 0 1581 5156">
     <span class='ocr_line' id='line_1_27' title="bbox 0 0 1581 5156; baseline 0 0"><span class='ocrx_word' id='word_1_178' title='bbox 0 0 1581 5156; x_wconf 95' lang='lat' dir='ltr'><strong> </strong></span> 
     </span>
    </p>
   </div>
  </div>
 </body>
</html>
