3198 5160
874 295 942 363 506

831 385 985 400 μ·

348 497 467 564 diteris
477 495 630 563 Oumlous
647 493 869 562 uocataiuxta
880 511 999 577 aquam
1009 491 1105 577 Topl,
1120 490 1302 578 Caprueha‚
1313 487 1476 574 Ghspuen,

348 605 509 688 cnmlous,
536 603 684 689 Ghornyz
701 609 734 669 et
750 601 916 668 Gerendul
939 599 1099 666 existento
1115 599 1224 666 nullus
1241 615 1405 681 agrauarc
1421 592 1476 662 de-

347 714 424 780 beat
439 713 493 779 uel
505 717 681 799 presumat.
701 713 743 778 Vt
754 718 861 778 autern
873 710 1035 797 premissa
1051 717 1125 775 rata
1135 709 1318 774 habeantur
1328 704 1475 787 ctlirma,

346 827 514 908 presentes
531 821 659 887 litteras
684 819 833 887 dedimus
849 819 950 903 sigilli
967 817 1070 886 nostri
1089 815 1269 882 munimine
1292 813 1476 881 roboratas.

347 932 467 997 Datum
484 931 517 996 in
533 930 631 997 Portu
647 931 809 1014 Equorum
827 927 859 994 in
877 925 1002 996 octauis
1019 923 1131 993 Sancti
1149 921 1277 990 Martini
1300 920 1476 988 millesimo

347 1037 413 1105 (30ο
423 1039 462 1104 L⁰
477 1059 571 1108 nono.

349 1232 453 1301 (lstvdn
467 1234 554 1303 iijebb
568 1231 658 1302 kirdly
674 1236 785 1288 recl-ki
799 1231 945 1287 dtirstr'rbdl
958 1249 975 1284 a
987 1232 1070 1284 budni
1084 1232 1133 1282 lrir.
1149 1231 1270 1282 kamarai
1284 1224 1478 1294 lsvdlttrban.)

769 1517 1036 1534 *mm

878 2044 956 2112 358.

351 2241 460 2308 Istvudn
476 2241 576 2328 p'jolc
591 2243 694 2330 llrcdp
710 2243 901 2308 Ilclroldoalc
920 2243 1101 2328 uiamoodjc
1119 2271 1140 2310 c
1156 2243 1215 2308 cole
1233 2244 1319 2308 etcett
1327 2238 1482 2327 jiildekel.

867 2351 962 2417 1259.

461 2548 691 2636 (S)Tephauus
702 2549 765 2616 Dei
775 2549 889 2634 grecia
899 2551 967 2618 Rex
978 2549 1214 2636 primogenitus
1226 2547 1367 2614 Illustris
1378 2545 1484 2630 Regis

352 2658 521 2742 Huugsrie
531 2663 563 2724 et
573 2659 648 2724 Dux
658 2657 757 2726 Stirie
773 2659 935 2726 uniuersis
945 2658 1065 2726 Christi
1076 2657 1227 2726 fidelibus
1243 2661 1413 2743 presentes
1432 2653 1484 2720 lit·

353 2773 441 2834 teras
454 2765 650 2852 inspecturis
662 2767 801 2835 salutern
810 2766 845 2834 in
854 2769 997 2835 omnium
1008 2767 1183 2835 saluatore.
1198 2766 1250 2833 Ad
1260 2764 1399 2850 Regiam
1410 2782 1480 2850 per·

351 2873 433 2942 tinet
447 2873 661 2960 Maiestatem,
678 2895 775 2959 aqua
787 2877 866 2962 jura
875 2877 945 2945 Deo
954 2876 1116 2944 tribuente
1135 2873 1335 2960 prodierunt,
1355 2871 1483 2940 unicui·

352 3002 417 3067 que
426 2983 563 3051 reddere
572 3005 634 3052 sua
637 2986 727 3071 jura,
738 2993 772 3054 et
782 2986 889 3054 lacere
898 2986 1038 3054 subditis
1048 2985 1220 3072 iusticiam,
1232 3003 1295 3070 que
1305 2981 1396 3050 sedis
1408 2983 1485 3049 eius

353 3095 404 3157 est
419 3093 594 3178 correecio,
611 3112 651 3159 ue
661 3093 806 3180 Regibus
822 3095 857 3160 in
867 3095 944 3180 Jure
955 3102 987 3161 el
997 3095 1135 3179 justicia
1147 3093 1372 3164 deficientibus
1381 3092 1486 3159 facile

353 3200 503 3268 trahatur
520 3201 561 3269 ab
579 3203 655 3290 alijs
680 3203 895 3291 perniciosum
912 3204 1108 3291 exemplum.
1137 3201 1279 3272 Proinde
1295 3201 1339 3269 ad
1354 3201 1487 3268 uniuer-

354 3327 463 3376 sorum
478 3311 633 3380 noticiam
643 3314 758 3380 haruin
774 3313 859 3380 serie
875 3312 1089 3398 declaramus,
1106 3311 1192 3398 quod
1209 3311 1346 3378 dilectus
1357 3315 1390 3377 et
1405 3307 1487 3378 lide-

356 3415 399 3482 lis
414 3425 526 3486 noster
541 3419 710 3487 Hoholdns
735 3437 797 3487 sua
812 3419 907 3487 uobis
924 3419 1155 3503 conquestione
1180 3415 1431 3501 demonstrauit,
1448 3421 1488 3481 vt

357 3523 516 3609 quasdam
542 3532 646 3593 terras
663 3545 740 3594 suns
766 3526 917 3612 emptieie
944 3535 1151 3613 comparatas
1170 3533 1264 3612 pater
1280 3530 1391 3592 noster
1406 3523 1487 3590 lllu·

355 3631 431 3698 stn‘s
456 3635 538 3700 Bela
563 3636 633 3701 Rex
665 3634 927 3702 obloouoionibus
959 3633 1162 3704 inimicorum
1190 3653 1321 3702 suorum
1348 3630 1488 3699 lecisset

355 3741 475 3808 uulerri
501 3742 589 3809 nullo
616 3761 751 3828 prorsus
774 3743 858 3827 Juris
884 3743 999 3810 ordine
1023 3744 1215 3826 obseruat03
1241 3759 1339 3826 super
1364 3739 1490 3823 quibus

355 3849 459 3916 eciam
475 3849 563 3916 idern
579 3852 674 3918 nobis
699 3851 846 3917 exhibuit
860 3851 1069 3938 priuilegium
1085 3849 1216 3917 Andree
1232 3850 1334 3935 Regis
1355 3849 1413 3915 ani
1431 3871 1490 3916 no-

355 3956 415 4024 stri
430 3955 541 4024 inclite
566 3957 820 4044 recordacionis,
847 3959 1011 4027 etiterum
1037 3959 1127 4026 aliud
1149 3957 1359 4044 priuilegium
1375 3957 1489 4026 lraris·

355 4065 430 4132 simi
446 4065 550 4150 patris
566 4066 666 4132 nostri
692 4085 791 4152 super
806 4067 1056 4134 confirmacione
1080 4065 1200 4152 prioris
1225 4065 1392 4152 priuilegij
1408 4085 1490 4134 con·

356 4175 494 4260 lectum3
511 4174 678 4258 inquibus
694 4173 825 4260 plenius
839 4175 1073 4261 sustinebatur,
1092 4173 1179 4259 quod
1193 4173 1359 4261 predictas
1375 4179 1489 4242 terras

357 4283 472 4349 Comes
488 4281 656 4349 Hoholdus
682 4282 766 4349 bone
782 4283 944 4368 memorie,
970 4291 1064 4368 pater
1088 4281 1227 4369 predicti
1243 4281 1395 4365 Magistri
1419 4281 1492 4348 llo·

356 4387 458 4474 holdy
473 4389 559 4457 iusto
574 4390 669 4458 titulo
679 4390 856 4478 empcionis
871 4397 1076 4478 conpararet.
1089 4390 1266 4476 Nosigitur
1281 4397 1396 4458 tenore
1412 4409 1491 4474 pre·

359 4493 515 4561 dictorum
532 4497 778 4581 priuilegiorum
794 4497 989 4582 diligencius
1005 4499 1163 4585 inspecto,
1193 4497 1320 4582 etquis
1335 4517 1395 4584 per
1413 4499 1495 4564 soli-

360 4599 536 4668 citudinem
561 4613 670 4674 nostre
695 4607 901 4677 Excelleueie
927 4607 1098 4694 unicuique
1122 4607 1174 4677 ins
1199 4625 1291 4676 suum
1316 4611 1496 4680 teneamur
