3112 5148
836 283 982 392 me

342 491 385 558 sd
400 511 461 560 nos
476 495 635 557 metarum
661 487 807 557 ordinem
833 489 942 556 taliter
958 487 1174 556 edissereuit:
1192 487 1303 555 Prims
1321 491 1410 556 mets
1426 486 1475 553 in-

340 599 420 686 cipit
435 599 478 665 sb
494 597 618 664 oriente
628 596 720 662 iuxta
735 594 868 662 fluuium
881 595 1043 663 Liscouclr
1059 633 1103 644 -
1119 633 1164 646 -
1181 633 1223 645 -
1239 603 1329 663 stem
1345 605 1379 664 et
1395 615 1473 663 oon·

338 709 491 776 terminet
500 713 585 774 terre
600 703 777 772 eorundem
787 702 1006 791 predictorum
1017 704 1231 773 vendencium
1246 729 1254 791 ς
1270 705 1389 773 deinde
1399 723 1474 791 pro-

341 815 486 884 cedendo
502 835 560 902 per
576 812 714 881 eandem
729 815 827 901 viem,
852 821 885 881 et
900 812 1040 882 tenendo
1058 821 1178 881 melem
1195 834 1268 881 cum
1284 813 1417 898 eisdem,
1435 813 1472 877 iu

337 923 413 1010 ipss
429 924 484 992 uic
499 929 717 1010 peruenerunt
732 920 775 987 ed
791 919 954 1006 quendem
974 921 1123 1006 ticulum,
1150 927 1183 989 et
1198 922 1232 987 iu
1251 921 1354 989 riuulo
1379 925 1473 988 tenet

339 1039 460 1099 metam
477 1052 549 1098 cum
567 1029 708 1115 eisdem3
733 1029 812 1096 item
829 1028 947 1096 deinde
961 1031 1169 1117 procedendo
1188 1029 1349 1117 superius,
1375 1035 1409 1096 et
1425 1028 1474 1094 di-

340 1139 480 1207 uidendo
497 1148 601 1207 metas
618 1157 676 1224 per
686 1137 826 1206 riuulum
843 1147 1062 1225 peruenerunt
1071 1138 1115 1205 ad
1130 1146 1231 1224 ceput
1244 1137 1349 1225 ipsius
1361 1135 1474 1220 rituli,

340 1257 373 1317 et
389 1250 423 1316 in
439 1257 537 1335 caput
552 1247 648 1316 riuuli
665 1246 763 1314 habet
780 1255 900 1315 metam
916 1255 1056 1316 terream
1068 1269 1140 1315 cum
1157 1248 1303 1332 eisdem;
1324 1247 1401 1313 item
1417 1241 1474 1310 de·

339 1359 415 1426 inde
432 1355 625 1425 declinendo
643 1377 756 1424 versus
782 1355 1046 1442 septemtrionem
1065 1357 1282 1425 ascenderunt
1297 1355 1340 1423 cd
1356 1353 1475 1421 monti-

338 1468 456 1551 culum,
483 1473 515 1533 et
531 1465 576 1532 ibi
592 1463 692 1532 habet
718 1471 837 1532 netem
855 1483 928 1530 eum
944 1464 1089 1552 eisdem;
1118 1465 1238 1534 deinde
1262 1461 1475 1552 procedendo

339 1581 371 1641 et
386 1569 616 1640 descendendo
632 1571 673 1638 de
690 1571 864 1638 monticulo
884 1579 1102 1659 peruenerunt
1117 1572 1273 1658 usquead
1289 1570 1474 1658 predictum

340 1683 472 1751 fluuium
489 1681 669 1766 Liscoueh;
695 1682 772 1747 ilem
790 1680 910 1747 deinde
925 1680 1131 1767 procedendo
1150 1680 1288 1748 inferius
1304 1680 1398 1746 iuxta
1414 1679 1474 1746 flu-

340 1793 438 1877 uium,
464 1791 537 1878 ipso
553 1789 653 1857 fluuio
669 1795 773 1857 metas
798 1788 973 1857 dividendo
989 1810 1062 1858 cum
1076 1787 1231 1877 predictis
1253 1796 1475 1877 peruenerunt

341 1898 504 1985 usquead
528 1898 670 1984 priorem
687 1903 825 1984 metem;
850 1904 882 1964 et
897 1898 946 1965 sic
960 1898 1187 1966 terminarunt.
1217 1899 1259 1966 Vt
1274 1905 1384 1965 sutem
1408 1897 1474 1964 hee

338 2009 373 2074 in
388 2007 492 2075 nostri
507 2007 679 2092 presencie
694 2005 784 2072 fucta
799 2005 846 2073 rei
862 2007 963 2074 series
988 2007 1089 2075 nullis
1105 2027 1248 2091 unquam
1264 2005 1472 2093 temporibus

340 2116 373 2182 in
389 2113 513 2182 irritum
529 2115 641 2182 valeat
656 2113 836 2198 retractari,
861 2113 956 2182 salva
971 2135 1100 2202 semper·
1123 2121 1155 2182 et
1171 2112 1372 2181 inuiolabilis
1395 2134 1474 2199 per-

340 2229 482 2307 maneat,
499 2228 668 2310 presentes
683 2221 901 2290 concessimus
918 2211 1047 2292 litteras
1062 2223 1224 2311 dupplieis
1246 2221 1349 2308 sigilli
1364 2223 1474 2288 nostri

339 2329 517 2398 munimine
532 2329 713 2399 roboratus.
731 2331 853 2397 Datum
868 2350 926 2417 per
944 2351 1057 2401 manus
1073 2332 1185 2400 dilecti
1200 2338 1233 2398 et
1247 2328 1352 2398 fidelis
1367 2330 1475 2396 Nota·

339 2439 379 2506 rii
404 2438 508 2506 nostri
524 2438 675 2524 Magistri
691 2437 870 2524 Benedicti,
897 2460 982 2509 enno
998 2440 1130 2509 Domini
1153 2439 1326 2508 millesimo
1349 2436 1475 2504 dueen-

337 2546 454 2614 tesirno
469 2543 722 2631 quadragesimo
738 2551 865 2631 quarto.

412 2745 459 2811 (ΛΖ
473 2745 575 2800 eredsti
589 2744 654 2800 utin
667 2745 771 2800 Frenkl
782 2747 895 2818 Vilicus,
907 2745 997 2800 lissei
1008 2745 1177 2816 Olrmr'rnytcir
1188 2749 1239 2802 111.
1252 2750 1308 2802 rot.
1324 2749 1348 2802 l.
1362 2745 1393 2818 l.)

771 3060 1032 3072 *ιι-ιι...-

867 3555 941 3624 114.

342 3736 362 3800 I
369 3736 400 3802 V.
417 3736 506 3803 Incze
517 3737 670 3826 pdpdnulr
680 3739 839 3819 reodetere,
858 3738 999 3824 melplpel
1007 3761 1046 3802 uz
1055 3739 1152 3803 elttti
1160 3738 1298 3803 borentot
1302 3740 1487 3826 piispdiw,

338 3868 352 3908 s
368 3857 447 3911 most
461 3869 502 3910 ez.
521 3846 698 3912 Domonlros
712 3847 807 3912 sorde
821 3851 987 3926 mestere'rc,
1010 3869 1048 3910 oz
1061 3851 1147 3931 egere
1162 3845 1240 3910 send
1247 3845 1350 3930 felettc'
1364 3847 1486 3918 batal-

725 3965 789 4018 mut
803 3953 953 4018 rchdzza.
973 3951 1069 4017 1244.

445 4150 654 4218 Innocentius
679 4151 861 4240 Episcopus
885 4171 999 4221 seruus
1022 4171 1187 4222 seruorum
1207 4151 1269 4218 Dei
1284 4157 1492 4228 venerabili

338 4258 576 4346 ...Episcopo
602 4260 764 4345 quondum
789 4261 959 4348 Bosnensi,
983 4261 1151 4348 lllsgistro,
1179 4268 1211 4328 ct
1233 4261 1362 4328 dilectis
1391 4264 1491 4339 liliis

337 4361 492 4432 iratribus
503 4365 635 4436 Ordinis
651 4368 908 4456 Predieutorum,
925 4371 1062 4437 salutem
1079 4375 1111 4434 et
1126 4371 1353 4456 Apostolieem
1369 4370 1494 4450 bene-

338 4467 522 4538 dictionem.
540 4474 627 4542 lntcr
642 4475 721 4562 ulis,
738 4477 855 4562 quibus
872 4499 911 4545 ex
928 4477 1071 4546 iniuncto
1087 4477 1181 4545 nobis
1202 4477 1309 4544 olileio
1325 4477 1494 4564 Aposto-

337 4575 424 4642 latus
449 4576 661 4669 intendimus,
694 4584 863 4668 religionis
889 4585 989 4654 Serre
1019 4583 1205 4674 specialiter
1237 4586 1494 4668 desiderantes
