3148 5156
607 197 768 297 „rn-

117 386 202 454 tilios
219 386 361 454 liliorum
376 395 535 475 perpetuo
549 390 791 478 possidendam,
809 395 983 462 tenendam
1001 403 1034 464 et
1054 399 1249 470 habendam.

118 495 202 562 llete
219 496 325 563 eriam
350 496 457 583 ipsius
472 498 700 586 possessionis,
726 501 811 569 siout
826 503 922 572 nobis
948 504 1037 572 idem
1051 507 1173 592 Symon
1188 509 1249 577 sub

119 606 305 674 testimonio
322 604 466 693 Capituli
482 605 656 675 Nitriensis
673 608 829 698 exhibuit,
855 611 917 679 hoo
933 610 1051 680 ordine
1067 613 1248 700 distingun-

118 723 188 780 tur:
214 713 406 800 Incipiendo
429 713 462 778 in
478 718 571 800 parte
594 713 747 784 orientali
767 717 801 782 in
817 714 982 801 quoddam
998 718 1085 809 (igy)
1102 729 1211 791 monte
1227 743 1249 788 a

118 820 264 905 quadam
289 827 378 890 meto
394 820 481 888 eirea
497 821 585 888 uiam
610 821 781 909 existente,
808 844 871 910 que
884 836 1019 913 separat
1033 849 1055 896 a
1069 829 1249 898 Keleehent

118 939 153 1000 et
165 930 297 1018 Dyehy,
323 937 355 998 et
370 927 597 1000 deseendendo
613 930 656 998 de
670 932 743 1016 ipso
759 939 866 1001 monte
881 933 914 1000 in
933 933 1076 1019 quodam
1090 936 1247 1005 vallieulo

119 1041 238 1106 transit
262 1039 430 1124 qnondam
457 1038 544 1106 uiam
569 1039 614 1108 ad
629 1038 795 1124 quoddam
809 1065 903 1131 saepo,
929 1049 963 1112 et
977 1064 1036 1130 per
1059 1043 1198 1112 eundem
1216 1051 1249 1113 et

117 1168 223 1233 agros
234 1147 338 1216 tendit
364 1147 408 1215 ad
424 1147 512 1215 uiam
527 1149 705 1234 antiquam,
731 1169 830 1235 quam
844 1150 965 1218 transit
988 1153 1022 1219 in
1038 1159 1148 1222 monte
1167 1173 1244 1240 quo·

118 1259 216 1343 dam3
232 1255 354 1324 abinde
364 1253 657 1352 deseendituersus
667 1255 826 1326 uillamin
841 1258 983 1342 quodam
1003 1283 1088 1349 ωερε
1102 1267 1136 1328 et
1146 1280 1245 1345 agros

117 1366 210 1434 eirea
223 1367 358 1434 arbo'res
382 1363 522 1434 nuatum
537 1363 626 1454 (lgy)
650 1364 856 1452 prosedendo
882 1367 1030 1452 peruenit
1053 1367 1098 1436 ad
1121 1369 1245 1453 uillam,

31 1541 35 1551 ,
118 1493 219 1560 quam
243 1473 360 1540 transit
382 1490 442 1559 per
467 1471 693 1557 latitudinem
719 1471 838 1540 abinde
863 1472 896 1538 in
919 1481 1015 1560 parte
1040 1476 1247 1546 meridionali

119 1579 225 1650 tendit
239 1579 283 1646 ad
309 1584 451 1646 montem
476 1577 520 1645 ad
544 1578 711 1661 quandam
727 1577 827 1665 viam,
855 1579 910 1646 nbi
937 1578 971 1648 in
996 1584 1138 1669 quodam
1161 1607 1248 1673 ωερε

119 1699 169 1760 eet
190 1695 289 1775 meta,
315 1687 402 1756 eires
416 1707 516 1772 quam
539 1687 574 1754 in
590 1687 710 1755 uallem
737 1687 902 1772 quoddam
928 1687 1014 1779 (lgy)
1040 1691 1179 1760 deetitnr
1202 1693 1247 1760 ad

119 1817 282 1880 oeeesnm
308 1803 341 1864 et
355 1794 503 1883 peruenit
525 1794 727 1862 transeundo
755 1795 843 1862 eirea
857 1798 992 1866 arbores
1017 1797 1177 1868 suenum
1201 1801 1247 1868 ad

120 1908 231 1974 alliam
247 1902 335 1992 (lgy)
352 1904 450 1988 uiam,
475 1907 509 1969 et
521 1900 720 1970 transeundo
736 1921 796 1988 per
811 1922 910 1988 agros
934 1902 1103 1972 deseendit
1116 1925 1175 1993 per
1191 1907 1245 1976 sil·

120 2029 209 2097 nam,
222 2013 257 2080 in
273 2032 339 2098 quo
356 2017 406 2080 est
420 2017 509 2080 meta
523 2009 569 2076 ad
584 2007 752 2095 quandam
767 2007 900 2096 vallem,
923 2010 959 2079 in
973 2031 1039 2096 qua
1055 2013 1144 2080 oiroa
1159 2014 1247 2082 uiam
1341 2099 1343 2104 Ι

121 2129 169 2190 est
184 2127 284 2206 meta,
309 2119 422 2203 ibique
436 2117 577 2184 lleotitnr
602 2115 646 2184 ad
663 2117 851 2202 aquilonem
866 2118 901 2185 in
917 2120 973 2186 via
997 2120 1157 2210 prediola,
1183 2143 1247 2206 que

120 2235 252 2316 separat
266 2226 351 2294 duas
375 2225 472 2294 uillas
486 2227 554 2310 Sag
570 2245 592 2293 a
608 2225 797 2308 Boymnoh5
826 2229 859 2292 et
874 2225 908 2292 in
924 2225 1040 2294 eadem
1062 2228 1120 2296 uia
1133 2249 1246 2316 proee-
1293 2309 1297 2313 .

122 2337 227 2405 dendo
243 2333 393 2422 peruenit
408 2333 452 2400 ad
469 2333 570 2402 aliam
585 2333 684 2420 niem,
702 2337 734 2398 et
742 2331 944 2399 transeundo
959 2333 1066 2419 ipsam
1079 2334 1247 2404 'uioinstur

121 2449 186 2532 Sag
200 2465 274 2512 eum
290 2444 409 2530 Dyehy
424 2448 457 2510 et
466 2437 656 2526 'Boymoeh5
672 2437 794 2507 abinde
809 2439 986 2509 nioinando
1002 2442 1121 2527 Dyohy
1136 2463 1246 2512 aseen-

123 2553 168 2621 dit
181 2558 325 2620 montem
340 2559 375 2618 et
388 2549 508 2618 transit
522 2548 609 2616 niam
626 2547 661 2614 in
677 2548 749 2635 ipso
765 2556 885 2632 monte,
901 2567 966 2632 qne
984 2549 1090 2616 tendit
1103 2570 1163 2636 per
1176 2551 1247 2638 pla·

123 2660 236 2728 niriem
251 2660 352 2744 Regis
368 2657 588 2743 Kyralmeney
603 2655 747 2740 dietam;
773 2654 895 2724 abinde
910 2655 943 2722 in
959 2653 1117 2726 deseensu
1141 2657 1247 2727 euius·

123 2768 195 2835 dam
210 2765 381 2835 montieuli
396 2764 500 2832 tendit
515 2783 630 2832 uersus
646 2763 760 2832 uillam
776 2764 913 2850 Dyelry;
939 2763 1060 2832 abinde
1078 2763 1247 2834 deseendit

123 2877 164 2942 ad
186 2876 275 2944 uiam
290 2893 455 2960 magnam,
481 2878 515 2939 et
533 2891 592 2958 per
617 2872 755 2938 eandem
776 2869 981 2958 precedendo
1006 2873 1178 2941 reuertitur
1202 2876 1246 2943 ad

124 2980 402 3069 metam-primam.
429 2981 472 3047 Et
487 2985 523 3046 nt
539 2997 678 3066 presens
695 2983 808 3046 nostra
832 2975 971 3044 donatio
987 2979 1085 3045 robur
1100 2981 1247 3050 obtineat

124 3099 275 3178 perpetue
290 3089 464 3173 firmitatis,
486 3095 658 3174 presentes
674 3087 781 3154 eidem
791 3085 980 3154 Alexandro
996 3085 1146 3156 dedimus
1161 3089 1245 3158 litte-

124 3220 178 3266 ras
189 3197 342 3286 duppliey
352 3197 461 3282 sigillo
472 3201 584 3264 nostro
595 3193 772 3280 sigillatas.
789 3195 910 3261 Datum
919 3213 978 3281 per
987 3214 1105 3262 manns
1114 3196 1247 3264 disereti

124 3305 341 3390 ririllngistri
350 3303 504 3390 Farlresij
517 3301 845 3390 PrepesitiAlbensis
858 3299 970 3368 dilecti
987 3299 1247 3372 etfidelisnostri
1300 3343 1303 3352 ·

123 3434 206 3480 anno
224 3411 355 3480 Domini
375 3411 496 3479 M⁰Gd⁰
511 3411 781 3497 quinquagesimo
808 3417 902 3478 sexto
912 3459 921 3494 ‚
948 3409 1061 3495 quinto
1085 3409 1246 3480 kalendas

125 3521 328 3607 Septembris,
344 3521 450 3606 Regni
465 3525 575 3588 autem
589 3518 693 3588 nostri
709 3537 796 3586 anno
814 3517 969 3585 vieesimo
984 3517 1138 3585 seeundo.

126 3719 258 3784 (Eredetie
271 3715 443 3786 bdrhfirtydn,
465 3717 576 3784 melyrd'l
589 3733 606 3768 a
616 3712 706 3783 kirssy
719 3716 809 3770 kettds
828 3711 1004 3784 peesdtidnek
1023 3713 1150 3768 tdredelre
1164 3723 1245 3770 vltrds

261 3807 486 3877 selyemzsindron
497 3807 604 3874 stigma
615 3807 697 3859 budsi
711 3807 760 3857 lrir.
774 3806 898 3858 kamerai
912 3800 1102 3872 levdltdrban.)

555 4109 810 4124 Μ
