3198 5160
698 751 778 822 380.

171 952 203 1020 A
214 955 367 1040 poeuonyi
382 952 602 1038 lociptolanoolr
613 952 881 1037 bizouysctpleuels,
897 954 977 1040 luogy
992 953 1211 1039 Huutpaznuu
1221 975 1304 1019 ruem·

168 1059 448 1148 zotedgbeliBulren
460 1081 557 1124 nomm
567 1059 738 1144 anyjdnalu
755 1060 870 1124 bitbe're
885 1065 915 1124 e'e
931 1061 1056 1146 baveppi
1065 1059 1302 1148 jogoaitodayoi

439 1165 560 1249 faje'beu
576 1166 655 1250 oe‘qg
663 1163 754 1248 fului
769 1166 896 1231 eradere.
921 1169 1017 1232 1260.

276 1361 463 1450 Capitulum
479 1361 628 1428 lieolesie
643 1359 854 1429 Pesouiensis
870 1362 1031 1430 vuiuersis
1050 1361 1171 1430 Christi
1195 1361 1296 1430 fideli-

168 1475 229 1541 bus
239 1479 308 1538 tam
324 1469 529 1558 presentibus
545 1488 643 1554 quatu
654 1467 770 1535 futuris
787 1473 956 1554 presentes
966 1469 1092 1538 litteras
1103 1469 1298 1556 inspeoturis

167 1580 308 1648 salutem
334 1579 368 1646 in
383 1576 524 1645 Domino
550 1577 792 1663 sempiternom.
820 1576 872 1644 Ad
892 1578 1117 1646 uniuersorum
1143 1579 1297 1646 notioiam

167 1687 284 1754 harum
301 1686 385 1755 serie
402 1685 560 1754 uolumus
576 1686 758 1772 peruenire,
777 1685 863 1769 qued
874 1684 1058 1754 constitutis
1074 1705 1184 1755 eoram
1202 1685 1296 1755 nobis
1382 1777 1384 1780 Ι
1481 1667 1487 1681 ’

167 1795 386 1883 personaliter
396 1793 520 1864 Gemite
530 1793 739 1864 Bulrenfilius
750 1793 836 1882 (tgy)
849 1794 984 1864 Comitis
994 1795 1109 1864 Bulsen
1124 1795 1166 1863 de
1175 1815 1298 1882 genero

165 1903 384 1991 ldnntpaznan
406 1903 448 1970 ab
467 1922 532 1969 vna
557 1908 660 1989 parte,
687 1901 820 1972 demina
845 1902 1016 1972 Eliuabeth
1040 1909 1143 1971 matre
1168 1922 1229 1972 sna
1254 1923 1296 1970 ex

165 2011 283 2098 altera,
310 2011 397 2079 idem
422 2009 539 2080 Oomes
564 2010 680 2078 Buken
707 2019 757 2079 est
781 2009 950 2078 oonlessus
975 2011 1062 2078 wiua
1087 2031 1181 2098 uooe,
1208 2009 1295 2098 qnod

165 2125 301 2205 proptor
326 2117 520 2186 discordiam
536 2117 643 2202 Regni
668 2125 701 2185 et
726 2116 991 2186 deuastaoionem
1008 2117 1296 2205 Theutnnioorum,

164 2245 316 2294 ausuum
332 2225 541 2294 infortunium
558 2245 615 2294 seu
631 2231 868 2313 paupertatem,
885 2223 928 2292 do
943 2225 1208 2312 possessionibus
1224 2227 1293 2296 suis

164 2333 250 2402 dixit
264 2355 301 2402 se
316 2333 499 2422 dissipasse
515 2333 608 2402 iuxta
623 2333 730 2418 Regni
746 2333 1021 2418 consuetudinem,
1042 2335 1129 2402 sient
1144 2354 1214 2403 mos
1230 2334 1292 2403 fuit

164 2442 208 2508 ab
233 2442 378 2528 antiquo,
404 2463 462 2529 pro
478 2441 555 2510 dote
571 2460 612 2507 eo
637 2440 802 2527 dotalieijs
828 2447 860 2508 et
884 2440 980 2508 rebus
1006 2459 1115 2508 seeum
1141 2439 1292 2512 adduotis

161 2548 294 2616 domine
311 2551 425 2617 matris
443 2569 510 2636 sue,
528 2547 647 2634 quibus
663 2549 735 2636 ipse
751 2547 831 2615 dare
846 2547 1026 2633 tenebatur,
1045 2549 1174 2635 penitus
1190 2549 1290 2616 niobil

161 2677 200 2725 se
226 2656 357 2725 dedisse
374 2655 568 2741 affirmauit,
596 2653 655 2722 sed
671 2663 846 2741 antequem
871 2655 1041 2723 inluuiem
1063 2655 1186 2742 judiois
1211 2657 1290 2744 legi·

161 2769 241 2834 time
258 2765 433 2834 conuenire
460 2763 649 2832 debuissent
665 2785 706 2830 ex
721 2763 927 2852 beneplacito
953 2764 1083 2833 demine
1101 2765 1215 2834 matris
1231 2785 1290 2834 sue

159 2875 254 2942 iuxta
280 2871 524 2940 ordinationem
551 2877 582 2938 et
608 2870 881 2956 composicionem
908 2871 1087 2957 Beronum,
1120 2871 1197 2957 quia
1221 2871 1289 2939 lilia

159 2983 283 3052 sororis
299 2982 397 3067 Regis
413 2981 541 3049 Andree
558 3001 631 3049 esse
647 2980 904 3067 diuessoebatur,
923 2982 962 3047 ob
981 2982 1041 3048 hoe
1057 2979 1212 3051 dotalieia
1229 3002 1288 3050 sua

158 3100 192 3160 et
208 3111 262 3159 res
279 3110 389 3159 seeum
406 3090 565 3158 adductas
581 3093 614 3156 in
630 3110 720 3174 aure,
747 3097 897 3175 argento,¹
912 3091 1049 3174 gemmis
1066 3097 1098 3156 et
1118 3091 1287 3178 preciosis·

155 3198 249 3266 simis
264 3197 443 3285 lapidibus,
470 3219 508 3264 ao
527 3197 640 3282 viginti
658 3197 768 3284 eapite
795 3195 959 3264 homiuum
973 3191 1121 3283 'predioti
1141 3195 1287 3268 Berones

154 3325 221 3373 vno
237 3327 309 3374 enm
325 3306 489 3374 nobilibus
506 3304 612 3391 Regni
629 3305 672 3373 ad
690 3306 835 3374 ualerem
852 3305 942 3372 mille
953 3325 1137 3374 marearum
1153 3309 1287 3376 extima-

154 3420 240 3481 runt.
267 3413 330 3494 Qui
347 3413 433 3481 idem
450 3415 567 3482 Comes
584 3414 699 3481 Bulseu
725 3433 963 3499 recognoscens
980 3435 1026 3500 se,
1053 3414 1141 3501 quod
1157 3415 1199 3484 de
1215 3437 1286 3505 pre-

155 3522 238 3610 priJs
255 3521 325 3588 suis
341 3526 466 3588 mutam
483 3539 642 3588 summam
657 3522 805 3606 pecunie,
824 3522 909 3588 uude
920 3524 1056 3608 soluere,
1074 3544 1139 3591 non
1156 3521 1285 3591 babuis-

152 3637 224 3718 set;
251 3638 390 3716 quatuor
409 3629 505 3696 villus
529 3650 606 3698 suus
622 3630 738 3720 Knrtb,
754 3630 857 3717 Pala,
875 3632 965 3700 Belo
982 3640 1015 3700 et
1035 3631 1285 3699 chuturrukhel-

154 3740 245 3826 wigy
262 3745 417 3824 uocatas,
445 3757 516 3805 oum
533 3738 683 3806 omnibus
700 3737 895 3805 utilitatibus
922 3739 989 3806 suis
1009 3738 1051 3806 ad
1077 3739 1168 3826 ipsas
1187 3739 1283 3826 perti·

151 3849 279 3935 nenoiJs
305 3847 340 3913 in
366 3845 546 3915 Ghollolrnz
573 3847 774 3932 adiacentes,
801 3853 1015 3933 excepisset
1041 3853 1211 3934 exemptas
1240 3849 1283 3915 ub

150 3955 240 4024 omui
264 3953 478 4021 iuridieeione
504 3961 716 4038 cognatorum
734 3973 864 4021 suorum
881 3959 914 4018 et
938 3953 1190 4040 generacionum
1207 3975 1280 4022 sua·

151 4083 235 4148 rum,
253 4062 385 4130 demine
401 4061 516 4130 matris
533 4082 592 4130 sue
612 4062 763 4148 superius
780 4065 937 4130 annotate
954 4060 1038 4128 dixit
1057 4081 1093 4130 se
1115 4061 1280 4149 statuisse,

149 4179 185 4240 ot
199 4169 314 4240 statuit
339 4190 447 4238 eoram
464 4169 559 4237 nobis
576 4169 610 4236 in
636 4175 827 4257 perpetuum
845 4175 877 4234 et
893 4169 1153 4237 irreuooabiliter
1178 4169 1281 4257 pessi-

148 4277 292 4348 dendam
312 4275 407 4364 (lgy).
433 4277 484 4343 lta
501 4283 620 4363 tamen,
647 4276 735 4361 quod
753 4297 792 4343 ne
809 4295 965 4364 prooessn
990 4283 1169 4365 temporum
1194 4274 1280 4344 idem

148 4387 268 4458 Comes
284 4385 400 4453 Buken
417 4385 528 4469 aliquo
548 4386 693 4471 maligno
709 4384 876 4470 iustinotu,
903 4404 964 4451 neo
980 4385 1037 4473 filij
1055 4385 1117 4471 sui,
1144 4403 1203 4452 neo
1220 4385 1279 4472 filij

148 4495 301 4582 liliorum,
329 4514 406 4582 ymo
421 4515 482 4562 neo
498 4493 600 4578 aliqui
625 4493 667 4562 de
683 4494 954 4580 generacionibus
979 4491 1047 4561 suis
1064 4493 1195 4562 racione
1210 4513 1279 4581 pra·
