3082 5150
365 986 425 1051 IV.
442 987 522 1052 Belo
536 986 702 1074 ltrdlpnak
717 988 783 1054 reto
798 989 1173 1075 pdmdrmeqyca'sdldeket
1195 993 1345 1079 tcirppusd
1360 991 1474 1056 atoue

546 1119 609 1182 apo
626 1095 714 1160 Peter
729 1118 836 1176 comes,
853 1095 969 1162 Pluere
975 1099 1026 1181 sia
1041 1100 1196 1166 szdmctru.
1212 1099 1311 1164 1252.

470 1273 551 1340 Bela
566 1272 629 1338 Dei
654 1273 769 1356 gracie
794 1274 972 1359 Huugarie,
996 1275 1176 1360 Dalmaeie,
1203 1277 1348 1362 tiroacic,
1374 1278 1472 1360 Reme,

362 1380 485 1468 Sernie,
503 1379 656 1465 Gallicis,
668 1378 872 1466 Lodomerie‚
889 1380 1110 1468 Oumauicque
1121 1385 1351 1452 Rexomnibus
1364 1383 1473 1450 Christi
1533 1375 1534 1432 l

360 1488 512 1556 fidelibus
528 1493 697 1576 presentes
713 1486 839 1556 litteras
850 1488 1045 1576 inspecturis
1061 1492 1201 1558 salutem
1212 1491 1244 1558 in
1261 1494 1402 1560 omnium
1419 1491 1470 1559 ssl-
1533 1519 1534 1564 r

361 1605 484 1664 uctore.
500 1596 591 1663 Licet
606 1594 740 1680 Regalis
765 1595 978 1680 prouideneia
994 1597 1178 1665 Maiestatis
1200 1597 1244 1664 ad
1260 1599 1422 1683 quoslibet
1445 1599 1472 1662 li·

359 1703 473 1770 beuter
497 1702 618 1769 habere
635 1721 671 1769 se
690 1701 829 1786 debect;
855 1703 930 1772 illos
950 1711 1059 1772 tamen
1083 1705 1236 1790 ampliori
1260 1705 1472 1774 munificencie

360 1830 419 1878 sue
434 1810 546 1895 gracia
570 1809 722 1896 prosequi
749 1810 918 1877 consueuit
943 1817 976 1878 et
998 1811 1130 1897 fouerc;
1154 1831 1291 1898 quorum
1317 1813 1473 1880 fidelitatis

359 1919 581 1987 constanciam
611 1937 671 2006 per
694 1918 851 1989 uirtutum
875 1939 975 2007 opera
1005 1921 1240 2008 conprobauit.
1271 1921 1411 1991 Proinde
1436 1919 1472 1985 ad
1533 1909 1534 1962 l

358 2027 585 2094 vuluersorum
599 2030 667 2091 tam
684 2026 888 2112 presencium
904 2045 1002 2112 quam
1028 2033 1229 2114 posterorum
1245 2027 1398 2095 noticiam
1413 2047 1474 2113 per·
1533 2031 1534 2112 g

358 2132 469 2201 uenire
493 2131 643 2200 volumus
668 2133 872 2218 presencium
897 2155 957 2220 per
982 2141 1136 2222 tenorem,
1160 2135 1248 2222 qued
1273 2155 1347 2202 cum
1369 2136 1473 2202 Petrus
1533 2161 1534 2164 ¹

358 2240 475 2309 Comes
490 2239 576 2308 iilius
592 2240 734 2326 Protesij
751 2240 856 2308 tidelis
872 2247 983 2310 noster
997 2243 1092 2310 uobis
1110 2245 1212 2311 multa
1234 2250 1268 2312 et
1283 2252 1380 2331 grata
1396 2241 1475 2310 exhi-

357 2352 483 2419 buisset
497 2348 649 2432 seruicia,
676 2367 737 2415 nos
754 2348 859 2416 eidem
876 2369 936 2436 pro
953 2349 1167 2438 multiplicum
1183 2353 1393 2420 seruiciornm
1412 2370 1474 2416 suo·
1533 2403 1534 2420 r

356 2479 428 2528 rum
445 2458 569 2527 meritis
584 2456 696 2524 debito
712 2457 859 2525 volentes
875 2460 1151 2526 remuneracionis
1166 2461 1368 2547 respondere
1389 2461 1474 2526 bene
1533 2461 1534 2498 ³

356 2569 440 2654 ficio,
466 2575 587 2636 terram
603 2565 734 2632 Witslis
745 2565 939 2651 jobegionis
958 2565 1065 2633 Castri
1083 2567 1319 2654 vauriensis,
1345 2586 1473 2634 comme

354 2677 461 2744 laneis
476 2675 632 2760 eiusdem,
648 2671 802 2740 videlieet
812 2672 913 2757 Jank,
930 2674 1121 2759 Damazlor,
1132 2675 1300 2744 Demetrio
1316 2681 1349 2743 et
1359 2677 1473 2742 Paulus

354 2803 412 2868 pro
429 2803 466 2850 se
481 2789 514 2850 et
530 2803 589 2870 pro
606 2780 860 2864 consanguineis
876 2779 947 2850 suis
963 2781 996 2846 iu
1013 2783 1183 2868 presencia
1200 2788 1314 2849 nostra
1329 2783 1473 2850 coustitu-

353 2890 397 2956 tis
412 2896 445 2956 et
463 2887 745 2957 consencientibus
760 2912 767 2975 ;
794 2894 827 2954 et
841 2893 961 2955 terram
976 2888 1137 2979 Nymhiri‚
1154 2909 1195 2956 ac
1210 2897 1331 2956 terram
1347 2887 1473 2958 Roberti

353 2998 395 3066 de
410 2991 626 3085 generacione
642 2995 858 3064 soruicncium
873 3003 1068 3083 nostrorum,
1084 3016 1168 3080 qncs
1184 2996 1353 3064 habebant
1369 2996 1403 3063 in
1418 2995 1470 3062 Co·

352 3107 466 3174 mitstu
484 3103 704 3189 Grmurieusi,
723 3104 787 3170 illis
804 3104 874 3170 sine
893 3102 1012 3171 herede
1029 3104 1262 3172 decedentibus
1272 3103 1317 3171 ad
1332 3126 1394 3173 nos
1410 3107 1472 3172 iure
1533 3115 1534 3120 ’

351 3215 456 3298 Regio
483 3213 667 3298 deuolutus,
693 3211 756 3299 ipsi
772 3211 869 3278 Petro
884 3209 1002 3279 domiti
1018 3219 1051 3278 et
1067 3213 1134 3280 suis
1150 3213 1398 3280 successoribus
1424 3211 1473 3278 do-

350 3323 509 3408 nauimus,
536 3319 731 3388 contulimus
756 3325 855 3404 atque
879 3319 1073 3386 tradidimus
1094 3321 1171 3406 jure
1196 3321 1293 3406 pleno
1317 3328 1471 3406 perpetuo

349 3427 575 3518 possidendas.
602 3428 639 3492 lu
657 3446 794 3513 quarum
819 3433 978 3494 terrarum
1003 3427 1206 3512 corporalem
1230 3429 1471 3512 possessionem

348 3540 456 3625 ipsum
472 3537 601 3603 Petrum
618 3533 776 3602 Comitem
801 3551 859 3620 per
875 3532 1004 3601 fidelem
1019 3540 1165 3601 nostrum
1184 3535 1296 3602 Tekus
1313 3533 1470 3602 Comitem

346 3644 483 3713 lecimus
499 3641 678 3728 introduci;
704 3643 760 3726 qui
777 3642 860 3708 sicut
884 3642 979 3710 nobis
996 3641 1028 3708 in
1053 3643 1122 3710 suis
1148 3642 1268 3708 litteris
1293 3641 1468 3723 intimarit,

346 3753 440 3840 ipsas
465 3759 569 3820 terras
592 3751 688 3816 Petro
714 3747 831 3815 domiti
859 3754 1035 3817 memorato
1061 3749 1121 3816 sub
1152 3745 1276 3816 eisdem
1306 3751 1469 3816 veteribus

346 3861 452 3947 metis,
467 3859 527 3927 sub
544 3857 662 3942 quibus
678 3875 735 3924 eas
761 3854 941 3942 supradicti
957 3855 1100 3942 Witalis,
1117 3855 1286 3941 Nymhyre
1302 3861 1335 3920 et
1354 3857 1470 3923 Rober·

344 3976 396 4036 tus
413 3967 634 4054 possidebant,
652 3963 846 4049 assignauit.
870 3964 908 4030 In
924 3965 1016 4030 cuius
1032 3963 1078 4030 rei
1094 3961 1316 4031 testimonium
1337 3983 1466 4050 presen-

343 4084 393 4144 tes
418 4076 524 4142 eidem
539 4075 637 4141 Petro
658 4071 776 4139 Oomiti
799 4071 1020 4139 concessimus
1046 4071 1175 4138 litteras
1199 4069 1341 4158 duplicis
1367 4071 1468 4155 sigilli

342 4187 445 4254 nestri
471 4182 648 4252 munimine
663 4181 843 4250 roboratas.
870 4181 990 4248 Datum
1017 4201 1102 4250 anno
1120 4180 1291 4250 Dominice
1307 4180 1464 4246 Incarus·

341 4291 443 4359 eiouis
467 4288 658 4359 millessimo
683 4287 904 4355 ducentesimo
930 4287 1202 4374 quinquagesimo
1227 4287 1372 4354 secundo
1397 4288 1469 4354 Vll.

341 4397 502 4466 kalendas
518 4397 607 4483 Maii,
624 4417 709 4464 anno
726 4401 836 4464 cutem
852 4396 957 4481 Regni
973 4395 1075 4463 nostri
1089 4399 1206 4463 octauo
1222 4391 1361 4461 decimo.

340 4523 481 4587 (Eredetie
493 4521 665 4591 bdrhlrtytm
688 4521 894 4590 audrgu-bsrnc
913 4521 1138 4590 selyemzsindrun
1162 4523 1272 4588 iilgg'dtt
1284 4517 1376 4587 pecsdt
1398 4521 1470 4574 clre-

600 4621 677 4676 szstt,
689 4626 707 4663 ι
719 4613 801 4666 budai
814 4613 863 4665 kir.
878 4613 1001 4664 kamarai
1014 4609 1204 4679 lereltirbuu.)
