3122 5154
136 489 290 556 Hemerici
314 487 554 575 predecessoris
580 487 683 553 nostri
699 494 730 553 cl
747 485 877 552 Andree
903 484 1060 570 genitoris
1075 484 1178 551 nostri
1194 483 1253 548 Re-

133 619 204 682 gum
229 597 395 681 Hungcrie
421 596 602 663 llluslrium
621 593 765 661 indebite
789 595 943 676 alienato,
970 592 1010 660 de
1036 594 1203 661 uoluntate
1223 597 1254 658 et

133 725 288 774 consensu
314 705 483 773 karissimi
509 704 618 771 fratris
644 704 747 772 nostri
774 703 943 770 colomani
968 701 1069 786 Regis
1096 707 1128 766 et
1153 701 1253 769 Ducis

133 817 236 883 tocius
252 815 435 897 Sclavouie,
454 835 493 881 ae
509 813 650 880 omnium
666 813 829 880 Beronum
846 819 1028 878 nostrorum
1045 810 1190 894 consilio,
1208 829 1254 874 re-

131 943 340 1008 uocaremus3
367 922 551 990 insanimus
566 927 685 988 terram
702 920 867 1006 quandam
883 922 990 986 Ratun
1010 916 1141 986 nomine
1158 939 1179 984 a
1195 917 1252 984 Ca-

130 1039 196 1100 stro
212 1031 369 1100 Nitrieusi
395 1037 568 1118 exceptam
584 1049 643 1116 per
658 1035 782 1116 patrem
799 1036 945 1096 uestrum
965 1027 1144 1112 predictum
1160 1028 1253 1095 Nico-

129 1139 181 1206 lso
198 1147 230 1206 et
244 1139 352 1225 'lump
376 1139 452 1205 filiis
469 1140 569 1206 Zetes
586 1137 627 1203 de
643 1137 723 1203 uilla
737 1135 895 1202 Tulmaclr
915 1135 985 1202 iore
1000 1133 1165 1218 colinton,
1191 1156 1253 1220 que

131 1269 203 1315 cum
219 1255 329 1316 castro
346 1248 534 1336 supradicto
551 1246 666 1313 fuisset
681 1245 839 1326 restituta,
864 1245 947 1312 sicut
963 1243 1003 1310 de
1019 1245 1088 1311 iure
1105 1243 1252 1326 decebat,

129 1356 226 1442 ijdem
243 1377 303 1425 nos
319 1355 487 1423 humiliter
502 1359 700 1440 rogauerunt
720 1360 752 1420 et
767 1353 927 1420 instanter
944 1389 988 1402 -
998 1371 1126 1420 -cere
1142 1353 1253 1440 digna-

130 1483 235 1531 remur
252 1501 296 1512 -—
307 1499 351 1510 -
362 1501 406 1512 —
417 1462 671 1548 considerantes,
688 1459 775 1544 quod
792 1460 932 1528 donacio
944 1497 1254 1510 ------

128 1581 247 1639 terram
268 1573 395 1640 culture
410 1572 547 1640 duorum
564 1577 744 1638 aratrorum
770 1568 983 1637 sufficientem
1008 1568 1049 1636 de
1065 1576 1151 1636 terra
1167 1574 1253 1635 aute·

130 1679 216 1746 diets
232 1679 358 1747 eisdem
385 1679 536 1746 duximus
561 1677 816 1763 relinquendam,
842 1684 909 1744 tam
924 1677 968 1744 ab
983 1675 1075 1764 ipsis,
1094 1697 1192 1762 quem
1211 1677 1254 1742 ab

130 1787 290 1872 omuibus,
315 1786 371 1871 qui
387 1787 431 1852 ab
455 1785 537 1872 ipsis
563 1785 791 1854 descenderint
815 1785 885 1852 iure
906 1791 1062 1872 perpetuo
1087 1785 1254 1870 possiden·

129 1893 222 1980 dam3
249 1895 310 1961 tali
324 1901 435 1961 tamen
451 1893 640 1962 condicione
658 1892 791 1977 inserta,
817 1900 854 1960 ut
869 1901 1013 1980 tempore
1031 1891 1254 1980 expediciouis

130 2014 237 2072 nosue
254 2023 354 2070 unum
369 2001 506 2070 militem
530 2001 630 2070 ermis
646 1999 843 2069 militaribus
858 2004 941 2070 bene
965 2011 1176 2090 preparatum
1192 2004 1253 2072 sub

129 2111 248 2180 uexillo
273 2111 377 2197 Regio
402 2110 662 2197 progredientem
688 2111 732 2177 ad
754 2117 900 2180 nostrum
924 2111 1101 2180 exereitum
1124 2111 1253 2182 mittere

130 2227 309 2306 tencantur,
326 2219 381 2304 qui
397 2239 470 2287 cum
485 2219 606 2288 uostris
621 2218 776 2287 militibus
793 2217 981 2305 descendat,
1000 2221 1083 2288 nulli
1097 2222 1132 2288 iu
1148 2222 1249 2290 socie-

129 2335 195 2396 tate
210 2330 374 2396 Beronum
399 2331 580 2394 noseorum
596 2327 778 2395 adiunctus.
805 2327 911 2407 Quam
926 2329 1036 2413 utique
1051 2337 1171 2396 terram
1194 2347 1254 2418 per

130 2437 257 2504 fidelem
282 2441 428 2504 nostrum
446 2433 606 2504 comtum
624 2432 812 2523 Ohepauum
829 2436 870 2504 de
886 2434 1012 2502 Chanar
1030 2435 1136 2504 eidem
1152 2438 1253 2504 statui

132 2543 265 2613 etcertis
275 2541 526 2629 cirumquaque
536 2542 631 2611 metis
646 2543 782 2611 fecimus
799 2542 973 2629 assignari.
990 2543 1033 2610 Vt
1047 2542 1147 2628 igitur
1157 2543 1253 2613 huius

133 2659 238 2722 nosue
253 2651 446 2722 donacionis
472 2653 575 2722 series
592 2654 687 2721 salus
711 2672 839 2740 semper
862 2656 895 2720 et
909 2652 1104 2721 inconeussa
1127 2672 1253 2740 perma-

14 2799 15 2826 1
132 2767 215 2851 neat,
240 2781 301 2828 uec
326 2760 431 2848 possit
451 2761 495 2828 ab
519 2761 629 2847 aliquo
655 2761 855 2848 inposterum
878 2762 1058 2847 retractari,
1083 2771 1253 2850 presentes

134 2871 253 2939 eisdem
270 2870 490 2939 concessimus
513 2871 639 2938 litteras
655 2869 819 2958 dupplicis
836 2867 936 2956 sigilli
956 2870 1061 2939 uestri
1077 2869 1253 2939 munimine

132 2979 370 3068 perhempuiter
385 2979 566 3047 roboratas.
583 2981 705 3048 Datum
721 2997 780 3066 per
795 2997 911 3046 munus
920 2979 1071 3063 Magistri
1085 2979 1253 3048 Benedicti

15 3151 16 3174 ,
132 3085 291 3174 Prepesiti
301 3083 455 3154 Alliensis
464 3086 539 3155 aule
549 3093 661 3156 nostre
671 3087 880 3172 cancellarij,
900 3089 1014 3174 quinto
1024 3086 1101 3156 Idus
1112 3090 1252 3174 Augusti

15 3209 16 3219 ¹
132 3213 210 3262 anuo
241 3194 353 3283 gracie
383 3195 558 3263 millesimo
588 3195 809 3264 ducentesimo
845 3196 1114 3282 quadragesimo,
1147 3199 1251 3283 Regni

16 3303 17 3318 ¹
133 3310 235 3370 autem
250 3301 351 3370 nostri
368 3321 455 3370 anno
471 3305 592 3389 quinto.

268 3499 303 3566 (A
316 3499 416 3569 irrupt
428 3503 510 3557 kurie
522 3499 710 3558 levelttiribau
724 3507 812 3560 dredtt
824 3502 883 3573 regi
895 3501 1101 3574 periratokbdl)
