3102 5160
630 343 695 406 259

578 431 744 444 ’.ποι-..-

106 535 189 620 qnasi
214 536 443 604 circumeundo
470 537 633 604 modicum
657 556 717 623 per
737 557 834 604 vnum
860 541 1122 628 nerharsthalto;
1149 545 1227 614 inde

106 644 180 710 iuste
193 644 331 711 tenendo
347 642 390 710 ad
403 650 508 712 metas
518 643 654 712 Comitis
665 645 866 734 Bogbumirij
884 667 1013 735 semper
1027 651 1071 718 ad
1086 660 1226 740 septem·

103 750 230 817 trionem
255 749 360 817 tendit
385 750 518 837 ibidem,
546 753 601 818 vbi
628 761 823 840 separantur
848 762 932 824 mete
957 759 1001 825 ab
1026 758 1175 845 inuicem,
1193 765 1226 828 et

103 857 214 924 intrant
238 857 373 924 fluuium
389 859 564 926 Werbiehe
582 858 626 925 ad
651 861 808 928 orientem
826 863 925 950 solis;
943 865 1060 932 deinde
1079 863 1227 954 procedit

101 965 179 1032 inira
193 986 252 1052 per
280 967 387 1054 ipsum
403 967 579 1035 Werbiehe
605 975 718 1036 contra
742 971 922 1058 meridiem,
949 980 981 1039 et
1004 972 1082 1040 inde
1106 976 1224 1042 iterato

99 1073 180 1138 uenit
195 1073 240 1139 ad
256 1093 355 1140 ruam
380 1074 531 1141 arborem
548 1075 671 1160 salicis,
696 1077 730 1142 in
746 1097 812 1160 qua
828 1080 895 1146 dna
911 1088 961 1146 cst
986 1081 1091 1150 clauis
1116 1089 1148 1150 et
1164 1101 1222 1149 sex

98 1181 245 1248 elauienli
272 1181 391 1267 ierrei;
417 1182 493 1250 inde
508 1183 688 1268 pertransit
712 1184 846 1252 fluuium
865 1185 1039 1255 Werbiehe
1063 1196 1096 1256 et
1117 1189 1223 1258 tendit

97 1298 178 1356 recto
194 1289 292 1356 modo
308 1289 353 1356 ad
368 1289 501 1356 fluuium
512 1290 632 1376 Wagh,
648 1290 704 1357 vbi
721 1301 771 1358 est
787 1312 871 1378 pons
886 1293 999 1380 Besin,
1014 1296 1048 1361 in
1064 1298 1129 1363 fine
1145 1317 1222 1382 pon-

96 1399 133 1462 lis
148 1403 214 1462 stat
228 1397 327 1462 arbor
343 1395 468 1483 salicis,
493 1399 526 1462 iu
543 1397 681 1482 quadri
705 1406 782 1464 sunt
797 1399 948 1468 clauiculi
969 1401 1122 1489 Bobatis;
1143 1405 1219 1472 inde

96 1503 260 1570 descendit
275 1522 335 1590 per
351 1501 484 1570 fluuium
499 1505 608 1589 Wagh
626 1501 669 1570 ad
684 1505 813 1590 priores
828 1513 942 1592 metas,
959 1516 992 1574 et
1007 1508 1053 1576 ibi
1069 1509 1219 1577 termina-

95 1623 150 1677 tur.
167 1611 237 1678 Nos
252 1631 332 1679 vero
345 1609 502 1696 inspectis
517 1611 667 1696 seruicijs
678 1613 907 1699 predictorum,
924 1635 986 1699 que
1001 1616 1097 1684 nobis
1113 1653 1157 1666 -
1175 1655 1214 1666 -

93 1755 133 1766 -
148 1755 192 1768 -
205 1756 252 1768 -
267 1755 313 1766 -
329 1717 549 1804 imperciendo
566 1719 790 1805 exhibuerunt,
807 1739 871 1806 qne
883 1741 1035 1790 enarrare
1052 1744 1115 1791 uon
1132 1723 1216 1792 sulfi-

97 1827 201 1911 eimus,
217 1825 411 1911 inquirendo
428 1834 461 1893 et
476 1824 674 1894 debellando
689 1826 909 1897 ferocissimos
918 1829 1075 1899 Tartaros
1091 1831 1215 1898 crudeli

97 1935 235 2018 periculo
251 1933 367 2001 mortis
382 1952 418 2000 se
433 1933 525 2018 ipsos
542 1939 754 2020 opponentes,
773 1955 833 2002 nec
847 1957 913 2004 non
930 1937 971 2004 ob
987 1937 1103 2004 merite
1117 1937 1215 2006 serui·

96 2043 221 2128 riorum,
248 2042 289 2108 dc
312 2039 451 2107 consilio
468 2045 500 2108 et
515 2077 559 2090 -
573 2075 618 2090 -
632 2077 677 2090 -·
694 2079 733 2090 -
751 2041 856 2127 Regni
880 2043 984 2112 nostri
1006 2042 1164 2112 nobilium
1183 2051 1216 2112 et

96 2151 265 2233 Beronum,
282 2149 324 2215 de
340 2147 543 2232 benignitate
552 2133 657 2232 Regia
672 2146 757 2214 hanc
772 2148 918 2236 graciam
929 2149 1052 2218 eisdem
1065 2150 1214 2218 duximus

97 2255 321 2324 conserendam
345 2255 379 2320 iu
403 2255 611 2341 possessione
640 2255 777 2341 collata,¹
797 2257 944 2342 rogando
969 2265 1001 2324 et
1029 2257 1214 2326 mandando

93 2363 174 2432 fideli
198 2371 323 2446 nostro,
348 2364 452 2450 primo
477 2361 704 2448 principaliter
726 2362 843 2430 Comiti
867 2365 909 2432 de
925 2365 1037 2432 Zolom
1052 2367 1086 2432 in
1102 2365 1213 2432 secula

4 2485 5 2516 ³
94 2473 270 2539 seculorum
295 2471 543 2540 suceedentibus
558 2491 618 2557 pro
643 2470 724 2557 ipsis
750 2480 879 2540 etcum
904 2471 996 2558 ipsis,
1022 2478 1056 2537 vt
1081 2471 1212 2541 eosdem

92 2587 238 2664 protegat
262 2587 296 2647 et
319 2580 480 2665 gubernet
504 2579 538 2644 in
558 2578 792 2664 temporalibus
818 2585 926 2664 preter
950 2577 1089 2646 seruicia
1106 2578 1212 2664 Regia

92 2699 120 2756 et
137 2687 275 2756 Comitis
297 2689 339 2754 de
355 2688 486 2772 Zolom,
513 2687 590 2754 item
618 2686 662 2752 ab
686 2687 773 2755 omni
798 2687 935 2770 negocio
962 2685 1212 2771 prouincialium

91 2807 234 2886 excepto,
251 2807 358 2885 preter
374 2797 543 2881 negocium
560 2794 697 2864 Comitis
718 2797 760 2863 de
775 2797 906 2881 Zolom,
932 2815 1072 2864 necnon
1088 2797 1131 2864 ab
1146 2817 1213 2865 orn·

91 2909 182 2974 nibus
217 2903 449 2972 exaccionibus
484 2909 517 2969 et
541 2901 686 2969 collectis
720 2909 829 2988 preter
853 2902 990 2970 Comitis
1024 2903 1211 2990 supradicti.

90 3015 243 3081 Volumus
270 3021 303 3079 et
318 3011 403 3077 banc
427 3011 613 3076 libertatem
638 3009 761 3076 eisdem
786 3010 952 3094 alieniore,
978 3011 1066 3093 qnod
1092 3009 1211 3078 nullius

6 3105 7 3114 ἵ
89 3124 256 3211 presencie
273 3127 484 3206 compareant
499 3119 550 3185 vel
567 3117 715 3200 citentur,
732 3125 840 3204 preter
851 3120 988 3202 Regiam
1005 3120 1211 3186 Presenciam

7 3311 8 3316 ἵ
87 3246 117 3298 et
143 3229 282 3298 Comitis
306 3228 349 3295 de
373 3228 506 3312 Zolom,
532 3226 598 3292 imo
624 3225 653 3292 si
680 3224 828 3292 inducias
853 3247 1026 3293 cansarum
1051 3227 1212 3294 voluerint

85 3340 207 3422 differe,
236 3337 401 3404 biennium
417 3335 469 3401 vel
487 3333 661 3401 triennium
684 3333 773 3400 licite
790 3333 913 3400 eisdem
939 3335 1082 3402 debeant
1102 3354 1211 3420 proro-

86 3467 173 3530 gare,
190 3445 286 3513 saluo
301 3443 372 3510 iure
388 3442 524 3510 Comitis
539 3440 581 3508 de
595 3443 719 3508 Zolom.
747 3443 867 3508 Volens
883 3441 990 3508 adhue
1004 3442 1091 3510 idem
1110 3443 1210 3511 Bosin

86 3557 205 3642 scripta
221 3573 284 3620 sna
309 3551 415 3636 magis
442 3553 476 3618 in
492 3552 597 3616 lucem
614 3549 766 3634 prolerre,
792 3549 876 3617 filios
902 3569 978 3616 suos
997 3548 1094 3616 duria
1108 3551 1210 3634 Regie

86 3659 336 3728 commendauit.
352 3660 390 3724 In
400 3657 491 3725 cuins
505 3658 554 3724 rei
564 3656 751 3726 memoriam
762 3665 795 3724 ct
809 3659 906 3726 robur
916 3665 1074 3743 perpetus
1084 3659 1208 3725 stabili·

84 3771 158 3838 tatis
183 3775 354 3856 presentes
380 3767 508 3833 litteras
533 3771 664 3832 nostras
692 3765 913 3833 concessimus
937 3764 1077 3850 duplicis
1108 3765 1208 3847 sigilli

86 3879 181 3948 cosmi
199 3875 378 3944 munimine
393 3873 576 3942 roboratas.
593 3872 713 3938 Datum
730 3891 788 3958 per
803 3891 918 3939 manus
929 3870 1039 3937 dilecti
1054 3878 1088 3937 et
1102 3869 1207 3937 tidelis

85 3983 285 4052 Venerabilis
301 3979 472 4048 Benedicti
488 3978 735 4066 Archiepiscopi
752 3977 938 4046 colocensis
954 3977 1041 4065 (lgy)
1061 3975 1135 4042 aule
1151 3995 1205 4042 no·

84 4107 143 4160 atre
153 4089 354 4174 Cancellarij
365 4107 450 4155 anuo
466 4086 598 4152 Domini
608 4085 802 4152 millesimod
813 4086 1012 4154 ncentesimo
1029 4083 1207 4170 quadrage-

83 4205 157 4271 aimo
174 4207 306 4269 octauo.

370 4357 419 4426 (Aa
433 4352 607 4422 Okelicsainyi
621 4353 710 4407 eselid
723 4351 918 4422 lave'ltdrlbol.)

552 4543 775 4556 -ssn--a—u—
