3112 5148
605 290 759 393 jot-

124 505 251 552 ruorum
266 505 493 572 possessorum
519 487 566 555 ad
581 507 694 556 manus
710 487 832 574 Regias
847 487 985 556 luissent
1007 485 1170 572 deuolute,
1186 505 1246 556 nos

120 613 172 660 ras
187 593 361 663 karissimo
376 596 598 667 iratriuostro
610 597 787 666 Colomano
798 597 881 682 Regi
898 594 1024 663 etDuci
1041 595 1146 663 tocius
1157 596 1246 664 Scla-

16 727 17 774 l
115 701 206 768 uouie
216 703 365 789 pijssime
373 704 619 776 recordacionis
630 706 889 790 contulissemus,
901 705 1061 788 quasdam
1070 724 1148 772 uero
1160 704 1246 770 idem

16 899 17 904 ἵ
115 810 189 894 Rex,
204 830 289 895 quas
301 811 482 898 empcionis
499 813 596 880 titulo
607 812 810 900 possederat,
831 813 884 879 uel
900 812 986 880 alies
1002 831 1132 896 quoquo
1148 807 1245 878 modo

16 907 17 962 l
114 916 192 983 iusto
208 917 307 988 modo
323 919 368 986 ad
379 920 520 988 eundem
537 919 745 1006 deueherent,
757 921 821 988 sibi
837 920 936 1006 pleno
956 925 988 986 et
1002 924 1160 1006 perpetuo
1175 918 1245 986 iure

116 1045 181 1092 oum
196 1027 352 1096 omuibus
376 1029 525 1114 ipserum
542 1029 750 1115 pertinencijs
777 1027 972 1095 conferendo
993 1027 1028 1093 iu
1052 1031 1245 1113 perpetuum

113 1134 340 1220 possidendas,
357 1137 401 1202 ad
417 1137 614 1224 peticionem
630 1137 732 1225 ipsius
749 1158 788 1205 eo
805 1145 962 1223 tempore,
987 1156 1060 1202 cum
1076 1143 1243 1220 assumpto

16 1303 17 1314 ,
113 1241 201 1326 siguo
227 1243 338 1310 crucis
354 1249 470 1312 oontm
485 1245 654 1312 Paterinos
670 1245 704 1311 in
720 1245 864 1312 Boanam
889 1250 921 1310 et
943 1245 977 1309 in
1002 1249 1122 1310 terram
1140 1243 1243 1309 Rame

16 1417 17 1420 ,
113 1370 166 1436 pro
180 1350 318 1419 nomine
328 1351 450 1420 Christi
466 1353 732 1438 proficisceretur,
754 1356 1045 1436 confirmassemus,
1064 1359 1169 1418 terras
1180 1371 1243 1416 om·

16 1537 17 1540 ¹
113 1477 166 1526 nes
188 1460 386 1546 specialiter
410 1468 443 1527 et
458 1482 518 1547 per
545 1462 691 1548 singulas
717 1464 751 1529 in
767 1461 885 1529 litteris
911 1461 1031 1528 nostris
1056 1457 1243 1527 secrecioris

16 1591 17 1594 ¹
112 1566 209 1650 sigilli
226 1567 335 1634 nostri
351 1567 539 1653 munimine,
556 1589 655 1637 auree
669 1569 824 1638 uidelicet
839 1570 928 1636 bulle
937 1574 1047 1637 nostre
1062 1565 1242 1654 exprimen-

112 1683 168 1760 les,
184 1695 271 1760 quas
282 1675 391 1743 eidem
403 1676 609 1763 dederamus,
624 1679 682 1767 ita,
700 1677 786 1765 quod
795 1699 836 1746 ex
854 1677 936 1766 ipsis
946 1675 1094 1746 omnibus
1105 1675 1241 1740 liberam

112 1781 249 1850 haberet
272 1783 466 1852 facultatem
492 1785 696 1872 disponendi,
721 1785 921 1872 conterendi,
946 1781 1088 1853 donandi
1113 1789 1146 1848 et
1168 1799 1243 1865 quo·

16 1943 17 1968 ,
111 1892 346 1974 cunquemodo
361 1891 530 1960 alienandi
540 1893 716 1961 secuudum
732 1913 790 1961 sue
801 1892 1040 1980 beneplacitum
1050 1889 1241 1973 voluntatis;

16 1983 17 2016 ³
110 1999 240 2086 accidit,
256 2005 295 2066 rt
309 1999 467 2084 Magister
482 1999 586 2087 Phyle
601 1999 790 2088 Prepositus
806 1998 1049 2086 Zagrabieusis,
1066 2002 1164 2081 etque
1178 1995 1242 2062 fra·

109 2113 172 2173 tres
198 2108 263 2194 sui,
289 2109 435 2177 Thomas
450 2108 567 2178 Comes
590 2117 622 2176 et
641 2109 766 2196 Petrus,
792 2129 852 2197 per
871 2107 1086 2176 Bertramium
1107 2106 1241 2172 fratrem

110 2211 267 2296 Symonis
284 2215 422 2282 Comitis
447 2216 488 2283 de
503 2217 639 2301 Bayoch
655 2215 805 2284 meritum
829 2215 941 2282 uxoris
967 2211 1131 2299 quondam
1153 2211 1242 2279 Salo-

16 2335 17 2368 1
110 2321 214 2390 monis
230 2323 318 2388 Bani
332 2324 462 2391 nomine
477 2323 588 2391 uxoris
603 2343 672 2408 suc,
689 2343 787 2412 super
801 2329 891 2390 terra
904 2319 1035 2408 Heyreh
1047 2326 1080 2386 et
1095 2318 1241 2386 eiusdem

110 2429 327 2515 pertinencijs
350 2431 384 2497 in
399 2435 543 2498 nostram
566 2430 658 2498 foere
684 2431 776 2498 citati
801 2428 1024 2518 presenciam
1041 2423 1097 2510 qui
1114 2423 1242 2491 nomine

110 2539 223 2606 uxoris
239 2556 302 2606 sue
324 2537 465 2606 eandem
481 2545 602 2607 terram
617 2539 651 2606 iu
667 2537 781 2608 ordine
805 2537 886 2606 iuris
902 2556 1011 2604 coram
1032 2534 1126 2602 uobis
1140 2529 1243 2620 pecijt

111 2645 249 2730 restitui,
275 2667 426 2714 asserens
442 2647 548 2732 ipsam
564 2655 685 2716 terram
701 2669 774 2715 oum
791 2648 859 2715 suis
874 2641 1083 2732 pertinenciis
1098 2663 1119 2708 a
1134 2641 1242 2726 priore

16 2761 18 2782 ⁸
110 2753 230 2821 marito
253 2755 366 2822 uxoris
385 2773 444 2820 sue
462 2756 566 2840 Botyz
582 2753 708 2824 Comite
731 2755 833 2823 foisse
856 2753 1029 2836 collatam;
1054 2767 1152 2836 super
1176 2767 1242 2832 qua

110 2861 294 2928 collacione
317 2859 444 2928 litteras
463 2863 606 2948 Capituli
622 2862 784 2944 Albeusis,
806 2881 868 2945 que
892 2865 1001 2926 tamen
1016 2857 1139 2926 nullam
1155 2877 1241 2924 men·

16 3035 17 3050 ,
110 2969 238 3038 cionem
263 2969 432 3038 faciebant
456 2969 497 3038 sle
522 2971 610 3038 dicte
630 2969 811 3040 donacione
835 2967 1033 3055 specialiter,
1057 2971 1090 3032 et
1113 2965 1241 3032 litteras

16 3059 17 3072 ¹
110 3077 256 3163 Capituli
272 3077 475 3164 Bachyeusis
501 3077 585 3145 alias
601 3076 758 3162 exhibuit,
775 3096 839 3161 que
863 3075 924 3142 etsi
941 3073 1150 3157 mencionem,
1168 3091 1241 3140 oon-

16 3215 17 3274 ἦ
108 3186 279 3252 timebatur
302 3191 413 3254 tamen
436 3187 470 3252 in
486 3183 621 3272 eisdem,
649 3185 737 3270 quod
761 3205 825 3251 non
850 3183 884 3250 iu
908 3181 1080 3270 presencia
1098 3178 1242 3271 Capituli

16 3287 17 3330 ³
109 3293 228 3379 ipsius,
245 3292 304 3359 sed
320 3312 430 3360 coram
445 3313 509 3362 uno
525 3293 745 3360 concanonico
770 3293 874 3380 ipsius
890 3289 1034 3376 Capituli
1049 3287 1092 3356 ad
1110 3286 1241 3374 peticio-

109 3421 184 3468 nem
211 3399 320 3487 ipsius
339 3403 442 3487 Batya
466 3400 658 3469 transmisso
682 3399 780 3467 luerit
803 3399 880 3466 talis
904 3397 994 3465 lacta
1017 3395 1187 3463 consessio.
1213 3393 1242 3459 hl

110 3515 227 3576 eontra
241 3508 403 3593 Magister
417 3509 523 3594 Phyle
536 3507 726 3596 Propositus
740 3505 982 3593 Zagrabyensis
1006 3525 1064 3591 pro
1080 3523 1116 3572 se
1131 3509 1165 3570 et
1180 3500 1241 3569 lra-

108 3617 215 3682 trihus
230 3613 302 3681 suis
318 3614 499 3700 respoudit,
524 3614 612 3699 quod
628 3615 671 3681 ab
697 3614 745 3681 eis
760 3613 927 3681 restitucio
953 3611 1019 3699 peti
1034 3632 1099 3680 uon
1119 3609 1240 3694 debuit,

108 3745 179 3791 cum
209 3725 281 3790 iarn
305 3719 395 3789 diota
419 3729 505 3790 terra
528 3743 602 3791 curu
622 3725 690 3791 suis
715 3723 927 3818 pertinencijs
951 3743 1009 3810 per
1033 3721 1241 3787 karissimum

16 3847 17 3850 ’
107 3833 245 3900 tratrem
266 3837 413 3899 nostrum
428 3830 638 3900 Colomanem
654 3831 739 3922 (lgy)
755 3835 878 3918 Regem
894 3831 1084 3914 Ducemque
1107 3827 1142 3894 in
1157 3847 1243 3893 com·

16 4009 17 4014 ,
107 3939 297 4008 mutacione
307 3938 510 4023 quarundam
520 3946 679 4008 terrarum
689 3959 831 4024 suarum,
842 3943 954 4025 utpote
963 3957 1023 4023 pro
1032 3941 1128 4019 terra,
1143 3951 1241 4016 quem

108 4047 283 4115 habebant
298 4045 332 4112 iu
348 4047 484 4114 Warnus
500 4045 544 4114 ad
559 4047 677 4132 uiginti
694 4053 805 4114 aratra
820 4046 999 4112 donacione
1014 4041 1117 4128 ipsius
1132 4041 1242 4108 fratris

107 4156 225 4244 nostri,
243 4161 279 4222 et
293 4175 391 4242 super
407 4161 494 4222 terra
503 4156 647 4242 Kyhcni,
665 4175 763 4242 quam
777 4150 1136 4239 habebantempticiam
1151 4149 1243 4218 iuxta

107 4263 251 4334 eandem
263 4315 274 4349 ,
305 4281 406 4350 super
430 4283 495 4348 qua
522 4265 649 4332 litteras
675 4263 818 4352 Capituli
844 4259 1015 4347 Agrieusis
1042 4256 1129 4346 (lgy)
1154 4258 1243 4326 exhi·

16 4441 17 4446 ,
107 4377 221 4458 haere,
249 4377 284 4438 et
298 4389 398 4457 super
422 4376 510 4438 terra
525 4371 649 4457 Musch,
677 4378 710 4438 et
728 4370 855 4438 duabus
879 4367 985 4436 uineis
1009 4367 1158 4453 Farcasij
1183 4368 1242 4454 filij

108 4482 218 4550 Cehze
235 4479 273 4546 in
289 4477 452 4548 Comitatu
468 4481 509 4547 cle
524 4480 672 4563 Borona,
694 4478 781 4546 vnde
797 4477 943 4544 similiter
958 4475 1086 4543 litteras
1100 4475 1242 4561 Capituli

16 4687 17 4700 ἵ
108 4589 475 4678 Qninqueecclesiensis
491 4591 678 4675 exhibuere,
704 4589 748 4657 ad
764 4609 821 4656 cos
836 4586 932 4656 luerit
947 4585 1112 4656 deuoluta.
1139 4588 1242 4669 Super
