3112 5148
840 305 997 408 ..130-

356 505 587 593 Dapiierorum
612 512 645 572 ct
662 503 788 573 Comitc
805 503 1030 589 Supruniensi‚
1054 500 1213 569 Mauricio
1235 499 1395 586 Magistro
1411 501 1497 568 Pin-

356 635 526 682 cemarum
552 619 584 680 et
600 613 724 681 Oomitc
740 611 911 698 leudensi,
929 611 1098 699 Stephano
1114 610 1275 695 Magistro
1297 608 1499 694 Agazonum

356 731 388 792 ct
404 723 531 792 Gemite
547 723 588 790 de
605 724 722 811 Vrbaa,
748 721 910 790 Baldnino
938 719 1063 789 Oomite
1080 718 1244 805 Nitricnsi,
1270 719 1409 786 Henrico
1425 717 1497 784 Co-

356 833 434 900 mite
449 835 572 918 Ferrey
588 831 704 918 Oastri,
723 851 762 898 ac
778 831 894 898 ceteris
903 831 1114 916 Magistratus
1135 833 1168 895 et
1183 827 1365 895 Comitatus
1380 825 1498 912 Regni

356 939 461 1008 nostri
485 938 682 1007 tenentibus.
710 939 804 1006 Anno
824 937 866 1004 ab
891 935 1123 1004 incarnacione
1150 932 1283 1000 Domini
1311 933 1496 1000 millesimo

357 1047 499 1117 OG⁰XL⁰
506 1047 592 1114 11110.
604 1047 747 1117 secundo
757 1045 918 1114 kalendas
926 1044 1137 1130 Nouembris,
1148 1043 1256 1129 Regni
1266 1047 1375 1110 autem
1383 1043 1497 1110 nostri

357 1178 443 1226 anno
461 1157 596 1226 decimo.

361 1353 397 1423 (A
410 1354 484 1410 bdcsi
497 1353 685 1426 kdptalannak
698 1357 808 1410 rste-ki
820 1353 976 1420 dtiratdbdl,
995 1355 1066 1421 moly
1079 1371 1097 1408 a
1111 1355 1192 1408 budai
1205 1354 1257 1406 lrir.
1269 1354 1392 1406 kamaraci
1404 1351 1496 1405 loudl-

789 1442 888 1500 carcaa
909 1443 1057 1512 crocus.)
1151 1445 1156 1448 ·

889 2197 966 2264 110.

361 2379 421 2446 IV.
431 2380 510 2446 Bcla
520 2381 624 2467 leirdly
634 2379 770 2465 Sapide,
781 2379 954 2444 Rdbcrtack
961 2379 1039 2462 ficit,
1057 2377 1295 2443 Usztc'cccr’adczc'
1308 2376 1499 2442 birtokdbarc

772 2491 952 2576 asepcrdse'tc'.
976 2487 1074 2552 1244.

465 2687 546 2754 Bela
566 2688 629 2752 Dci
654 2685 769 2772 gracia
791 2683 968 2769 Hungarie,
993 2683 1175 2768 Dalmacic,
1200 2681 1347 2768 Oroacie,
1373 2683 1494 2770 Rame,

361 2795 486 2880 Seruio,
502 2795 653 2881 Gallicis,
663 2794 858 2864 Lodomcrie
868 2794 1090 2879 Cumanieque
1105 2795 1175 2860 Rex
1191 2791 1354 2859 uniuersis
1366 2789 1494 2860 Ghristi

360 2901 509 2972 fidelibus
518 2904 719 2990 presencium
728 2903 884 2970 noticiam
894 2899 1055 2968 habituris
1065 2902 1208 2968 salutem
1218 2902 1252 2968 in
1263 2921 1312 2986 eo,
1328 2901 1383 2985 qui
1393 2903 1494 2987 Regi-

361 3011 423 3078 bus
448 3010 506 3077 dat
531 3011 680 3080 salutem.
696 3011 747 3077 Ex
768 3009 878 3079 debito
904 3009 1047 3097 suscepti
1072 3009 1243 3094 regiminis
1267 3015 1423 3094 terremur,
1452 3017 1493 3077 vt

361 3117 635 3203 quomadmodum
651 3119 736 3204 legis
760 3119 878 3187 author
893 3139 1004 3186 sumus
1018 3139 1040 3185 a
1056 3118 1194 3186 Domino
1211 3136 1310 3204 super
1331 3137 1423 3185 suam
1440 3117 1492 3186 fa-

362 3225 485 3295 miliam
507 3227 693 3311 constituti;
719 3227 768 3294 sic
783 3225 928 3293 ciusdem
943 3225 1027 3310 legis
1043 3229 1255 3293 conseruntur
1277 3224 1379 3294 simus
1398 3225 1493 3292 beni-

362 3353 446 3421 gnus
471 3354 512 3401 ac
536 3335 640 3401 eciam
666 3333 930 3420 circumspectus.
955 3333 1132 3400 Nemeum
1157 3332 1262 3402 nostm
1287 3331 1401 3400 fidcles
1426 3335 1493 3400 snb

362 3449 474 3512 nostro
483 3442 642 3530 regimine
652 3443 737 3529 juris
747 3443 902 3511 beneficio
918 3447 1148 3528 sustentantur,
1168 3463 1208 3509 ex
1223 3443 1286 3510 hoc
1301 3441 1418 3508 solium
1433 3463 1494 3509 no-

365 3559 431 3619 stre
447 3550 656 3619 celsitudinis
671 3553 808 3619 nitorem
825 3551 962 3638 suscipit
976 3556 1009 3616 et
1023 3549 1180 3638 rigorem.
1204 3549 1347 3616 Proinde
1362 3549 1406 3615 ad
1420 3552 1495 3618 vni·

363 3678 527 3726 uersorum
558 3659 761 3745 presencium
786 3666 819 3727 ct
843 3663 1045 3746 posterorum
1071 3659 1225 3727 noticiam
1255 3657 1373 3724 harum
1403 3659 1495 3726 serie

361 3768 512 3836 volumus
537 3767 726 3853 peruenirc;
753 3767 841 3852 quod
866 3767 1026 3835 accedens
1052 3767 1095 3834 ad
1112 3773 1258 3836 nosuam
1283 3764 1495 3852 presenciam

362 3875 468 3944 tidelis
492 3882 604 3944 noster
619 3875 761 3963 Stephco
785 3875 870 3944 lilius
887 3875 1019 3944 Roberti
1035 3895 1133 3964 super
1158 3875 1300 3961 quadam
1324 3881 1413 3941 terra
1428 3893 1497 3942 sua

362 3985 492 4052 nomine
507 3984 783 4070 Wsticherncuch‚
809 4005 908 4068 quam
924 3983 1103 4071 empcicnis
1114 3984 1190 4068 jure
1205 4003 1241 4049 sc
1257 3981 1425 4069 possidere
1440 3981 1494 4047 di-

361 4094 466 4177 cebat,
483 4092 584 4180 pecijt
600 4113 621 4160 a
635 4092 730 4161 nobis
754 4091 920 4162 concionis
944 4098 1102 4180 perpetue
1128 4090 1371 4158 munimentum.
1395 4089 1493 4157 Gete-

361 4221 432 4268 rum
446 4201 593 4269 volentes
608 4198 650 4268 dc
665 4199 924 4286 circumstancijs
940 4196 1087 4266 ciusdem
1098 4208 1182 4264 terre
1197 4197 1373 4282 certiorari,
1390 4193 1484 4263 dilec

360 4315 429 4374 tum
453 4313 487 4374 et
502 4307 628 4376 fidelem
655 4315 801 4378 nostrum
817 4307 989 4376 Nicolaum
1004 4307 1209 4392 Propositum
1227 4305 1421 4392 Agriensem
1448 4305 1502 4372 ad

363 4413 583 4499 inspiciendas
608 4423 712 4484 metas
729 4417 873 4484 ciusdem
898 4421 984 4483 terre
1000 4415 1249 4500 transmisimus,
1277 4421 1310 4482 ct
1329 4415 1373 4482 ad
1388 4413 1501 4500 inqui-

362 4518 498 4586 rendum
515 4519 701 4607 diligenter,
728 4542 792 4608 quo
803 4523 878 4607 jure
894 4528 983 4588 terra
999 4522 1114 4590 eadem
1140 4521 1308 4610 adipsum
1328 4519 1501 4608 pertinere

362 4633 526 4696 noscatur.
543 4626 607 4704 Qui
623 4628 665 4695 ad
681 4629 837 4697 maiorem
852 4631 1015 4698 cautelam
1024 4631 1145 4716 petitos
1162 4651 1183 4697 a
1199 4629 1348 4698 fidelibus
1368 4629 1501 4698 nostris
