3134 5158
820 259 979 370 ..³3⁴4

333 467 419 555 gitur
444 467 488 536 ed
503 467 642 536 insulam
658 465 833 552 quendam,
858 467 892 532 in
907 485 974 548 qua
989 463 1187 551 particulam
1210 461 1377 549 quandam
1393 481 1466 530 sor-

333 579 461 645 ciuntur
476 576 634 662 cruciferi,
649 575 783 642 relicum
800 594 876 642 uero
892 573 1050 659 Magister
1065 571 1236 642 Hoboldus
1256 570 1444 658 possidebit
1459 593 1470 654 ;

333 685 449 753 deinde
465 687 584 752 transit
608 685 746 752 eandem
770 683 912 752 insulam
936 682 979 750 ad
994 691 1120 769 partem
1146 679 1389 748 occidentalem
1408 700 1469 765 po-

332 813 412 861 nens
429 793 565 861 eundem
581 792 714 860 fluuium
730 812 790 878 pro
807 796 905 874 meta,
921 791 968 857 ita
985 797 1019 857 nt
1034 791 1108 876 ipse
1123 787 1242 856 fluuius
1252 787 1411 856 succedat
1425 787 1465 854 in

332 903 573 990 possessionem
590 900 730 970 Hoholdi
755 899 935 986 memorati,
961 907 1049 967 terra
1063 917 1142 966 uero
1159 899 1244 966 ultre
1269 897 1377 984 ipsum
1401 895 1462 962 tlu-

333 1011 421 1078 uium
446 1017 496 1078 est
519 1009 671 1077 Bersabe
694 1009 805 1076 fratris
825 1008 953 1095 Pydur;
980 1007 1084 1075 etita
1111 1006 1234 1074 uadens
1259 1005 1304 1074 ad
1330 1014 1465 1093 portem

332 1116 630 1204 septemtrionalem
645 1117 725 1199 linit,
752 1123 871 1184 meum
886 1115 1027 1201 priorem
1052 1114 1245 1200 confingens
1271 1135 1329 1200 per
1348 1113 1466 1182 reduc·

332 1227 467 1295 cionem.
495 1225 564 1293 lios
579 1225 679 1312 igitur
696 1225 740 1293 ad
766 1225 961 1312 peticionem
977 1224 1122 1312 parcium
1139 1223 1183 1292 ad
1197 1243 1245 1308 ea,
1272 1223 1385 1307 quein
1403 1243 1467 1288 no·

331 1338 401 1401 stra
414 1339 490 1401 sunt
505 1339 580 1399 acta
595 1333 774 1420 presencia,
791 1353 833 1400 ne
847 1333 944 1420 lapsu
961 1333 1118 1419 temporis
1138 1331 1171 1397 in
1187 1331 1314 1398 irritum
1329 1331 1464 1417 possint

331 1441 512 1526 retractari,
530 1440 655 1508 litteras
666 1449 795 1510 nostrus
812 1441 914 1526 sigilli
930 1441 1033 1509 nostri
1048 1439 1266 1508 concessimus
1279 1439 1463 1506 munimine

332 1550 513 1634 roboratas,
531 1571 616 1618 enno
632 1552 743 1636 gracie
759 1550 1157 1636 M⁰OO⁰quinquagesimo
1175 1549 1290 1637 primo.
1307 1547 1460 1616 Gersrdo

332 1659 476 1742 Decano,
492 1657 671 1726 Laurencio
688 1657 839 1742 Custode,
861 1659 1033 1728 benedicto
1051 1657 1174 1725 Ouriali
1191 1657 1317 1726 Comite
1334 1663 1460 1740 nostro,

332 1774 364 1833 et
380 1766 456 1852 nlijs
466 1767 699 1851 jobugionibus
715 1767 917 1850 Lodomerio,
937 1764 1126 1851 Colonum,
1144 1764 1277 1832 Tenkus
1298 1771 1331 1832 et
1346 1765 1464 1852 Fytok

332 1874 556 1942 existentibus.

332 2055 471 2120 (Eredetie
493 2052 665 2122 bllrhlrtytn
687 2071 704 2106 s
722 2053 961 2122 kttrtrgsbarnn
983 2055 1209 2123 selysmrsinbron
1235 2057 1343 2122 lllggbtt
1366 2055 1467 2123 peccet

564 2145 701 2209 elvcscett,
714 2161 731 2198 a
743 2145 824 2198 budai
837 2147 889 2198 lrir.
902 2147 1024 2198 itamar-si
1038 2144 1230 2214 levtlttrban.)

765 2443 1028 2458 *-

857 2937 937 3009 282.

330 3119 362 3183 A
377 3117 500 3185 kunicai
514 3119 592 3206 aptit
609 3117 723 3186 Ponet
747 3121 886 3186 norncocci
902 3119 1042 3188 Rotaria
1056 3120 1214 3205 helpreqro
1238 3141 1328 3184 necue
1343 3141 1456 3204 eppes-

784 3227 882 3298 lrcdilr.
908 3227 1005 3292 1251.

437 3405 637 3477 Nos'l'omss
647 3407 769 3475 Diuina
784 3405 997 3475 miseracione
1004 3404 1117 3474 Abbas
1129 3405 1317 3492 Monasterij
1332 3406 1460 3474 Sancte

330 3515 443 3583 Crucis
458 3514 499 3582 de
514 3515 640 3584 Kanisa
666 3515 827 3584 uniuersis
844 3513 965 3582 Obristl
982 3513 1130 3582 fidelibus
1147 3533 1282 3602 presens
1297 3513 1461 3600 scriptum

331 3625 523 3710 inspecturis
539 3625 678 3692 salutem
695 3625 729 3691 in
741 3642 817 3691 uero
833 3623 949 3691 salutis
963 3627 1105 3690 auctore.
1123 3623 1336 3691 Vniuersitati
1348 3629 1465 3690 vestre

330 3731 536 3818 presentibus
553 3731 704 3800 duximus
719 3731 947 3817 intimandnm,
966 3729 1054 3817 quod
1069 3751 1141 3798 cnm
1158 3729 1228 3798 litis
1245 3731 1372 3817 questm
1390 3751 1466 3799 ner-

330 3847 452 3908 teretur
478 3841 562 3908 inter
587 3860 646 3908 nos
663 3841 705 3907 ab
732 3860 798 3908 nna
812 3846 916 3927 parte,
942 3847 976 3907 et
990 3839 1114 3908 Ponieh
1132 3839 1290 3909 Comitem
1315 3839 1358 3906 ab
1373 3839 1463 3925 alia,

330 3970 390 4036 pro
404 3955 494 4018 terra
508 3949 668 4034 Rakacis,
696 3969 794 4034 qnam
811 3949 898 4016 idem
914 3950 951 4016 P.
968 3947 1085 4017 (lomes
1112 3949 1191 4018 emit
1206 3948 1250 4016 ab
1268 3947 1369 4016 Elecb
1390 3948 1466 4016 filio

330 4057 440 4125 Fudur
456 4056 591 4125 (inmitis
607 4057 760 4144 Nyoolay
784 4057 869 4126 iusto
895 4057 990 4125 titulo
1007 4056 1185 4143 empcionis
1209 4057 1303 4124 iuxta
1327 4057 1466 4126 estima-

330 4166 457 4233 cionem
468 4163 624 4233 bonorum
635 4165 776 4232 uirorum
789 4164 1113 4252 comprouincialium
1124 4185 1256 4233 snorum
1273 4183 1331 4252 pro
1342 4164 1465 4234 decem

330 4273 449 4339 marcis
466 4274 605 4358 argenti.
631 4271 730 4340 Ouios
756 4279 841 4341 terre
861 4273 1028 4355 quantitas
1052 4271 1229 4340 secundum
1254 4273 1465 4341 sentenciam

330 4378 505 4446 eorundem
535 4380 674 4448 virorum
707 4379 957 4466 prouincialium
988 4379 1178 4448 continebat
1207 4387 1328 4446 terram
1356 4381 1466 4449 trium

333 4489 514 4552 aratrorum
530 4505 603 4553 cum
618 4494 714 4572 parte
730 4487 846 4572 insule,
872 4488 983 4571 quein
999 4486 1249 4555 continuacione
1267 4483 1355 4552 dicte
1369 4491 1467 4556 terre

331 4591 472 4675 adiacet,
498 4609 562 4673 que
585 4594 689 4659 eciam
715 4593 838 4662 dictum
858 4594 958 4662 lilecb
987 4594 1207 4681 contingebat,
1230 4595 1323 4662 cuins
1348 4597 1467 4666 insule
