3112 5148
683 359 791 459 -lffi

125 573 222 618 snam
251 573 447 638 magnam
481 554 593 639 viam,
621 561 654 622 ot
668 556 743 623 indo
769 557 873 626 tendit
898 580 956 645 por
980 569 1083 629 terras
1108 563 1252 630 arabiles
1278 565 1322 631 ad

118 679 218 726 maru
246 682 422 748 paruam
454 663 607 750 siluam,
634 663 721 748 quod
745 667 843 752 vulgo
864 667 1024 737 voeabulo
1048 678 1219 740 erezteuen
1245 673 1322 740 dioi-

2 779 4 894 p
114 777 173 854 tur,
200 772 272 838 sub
290 771 411 838 euius
445 769 528 839 fine
558 777 635 838 sunt
651 772 715 840 due
737 780 823 842 mete
848 782 962 861 terreo,
987 786 1019 845 et
1035 779 1083 846 sio
1110 780 1202 846 insta
1229 781 1321 847 illam

2 907 3 974 ,
108 881 230 947 siluam
249 879 378 948 enrrit
400 899 550 948 uersus
580 887 683 949 metas
706 883 843 968 priores,
868 883 922 950 vbi
939 889 1014 951 sunt
1030 889 1244 954 oommetanei
1265 908 1320 955 no-

2 983 3 1024 i
109 989 186 1056 biles
208 988 258 1056 de
281 988 526 1056 chalamie.
563 988 637 1066 Quo
655 987 785 1072 quidem
804 989 889 1056 siloa
917 1009 974 1058 seu
992 1000 1162 1062 erezteuen
1189 995 1319 1065 omnino

104 1101 256 1163 remanet
275 1095 389 1162 inter
424 1101 565 1161 metas
583 1093 628 1161 ad
645 1101 764 1162 terram
781 1096 932 1182 Koarzeg
955 1105 1106 1166 uooalam
1123 1109 1156 1168 et
1170 1107 1318 1188 prenota-

2 1245 3 1272 l
104 1213 183 1290 tam;
202 1213 241 1272 et
259 1207 322 1272 sie
343 1203 628 1273 terminantur.
646 1203 696 1269 Ne
711 1203 810 1288 igitur
825 1204 857 1271 in
875 1213 1038 1290 postorum
1061 1207 1147 1274 idem
1163 1209 1318 1275 Nioolaus

2 1365 3 1372 κ
103 1313 204 1381 idelis
221 1321 373 1400 noster,
400 1318 448 1378 et
461 1309 530 1378 sui
553 1309 701 1397 heredes,
719 1329 818 1397 super
834 1311 1047 1380 eademterra
1064 1317 1317 1404 per-quempiam

101 1425 234 1490 valeant
252 1420 499 1503 molestari,
534 1425 572 1484 et
589 1437 631 1485 ne
646 1419 813 1486 autentica
830 1426 944 1486 nostra
963 1417 1102 1488 donatio
1118 1421 1316 1491 irritaoionis

102 1533 210 1600 illicite
239 1529 496 1600 molestiam
520 1525 688 1612 paciatur,
714 1526 773 1593 sed
798 1526 846 1594 eis
865 1527 1001 1613 poeifiee
1025 1534 1058 1592 et
1076 1527 1184 1612 quiete
1204 1547 1315 1615 perpe·

101 1650 145 1707 luo
162 1641 321 1706 valeant
340 1651 611 1724 permanere,
638 1641 807 1719 presentes
823 1634 1017 1701 tradidimus
1037 1635 1173 1720 litteras,
1190 1637 1315 1723 duppli·

100 1749 139 1817 eis
161 1747 279 1834 sigilli
313 1743 461 1813 nostri
494 1740 687 1808 munimine
711 1741 744 1808 in
761 1751 906 1810 eternum
932 1742 1113 1810 roboratas.
1140 1745 1261 1810 Datum
1281 1745 1313 1811 iu

100 1857 286 1945 Gyormoth
319 1875 400 1942 per
442 1867 592 1920 manus
617 1851 767 1936 Magistri
791 1851 933 1918 Achillis
958 1850 1120 1937 Propositi
1146 1851 1311 1938 Albensis,

101 1968 168 2034 mle
181 1971 314 2035 nostre
327 1958 1311 2043 Viae-Caneellarlj,annoDominioelneamaeionismil·

7 2077 8 2082 ’
102 2077 209 2144 lesimo
237 2067 545 2141 dueentesimo
575 2065 828 2151 quadragesimo
854 2071 981 2154 quarto,
1008 2065 1134 2132 deoimo
1151 2065 1312 2135 kalendas

101 2186 181 2273 llsij,
198 2182 328 2268 Regni
351 2185 509 2246 autem
531 2172 640 2242 nostri
658 2173 823 2244 vieesimo.

8 2339 9 2342 Ἴ
103 2383 130 2450 (Α
142 2383 223 2438 viai
238 2377 497 2451 kiptahmnak
517 2373 635 2425 iate-ks·
648 2371 749 2426 ritirata
761 2371 827 2426 utto
840 2373 912 2426 Rtth
924 2371 1024 2442 Keiroly
1039 2377 1128 2428 Hanai
1140 2371 1311 2442 Okruainyteir

632 2460 860 2532 mmmm

114 3393 170 3457 ll'.
201 3393 294 3458 Be'la
328 3376 538 3465 kileilynal·
563 3375 709 3440 Rakouelz
732 3375 838 3460 Jdlde'r
861 3379 1012 3464 tcirppozo'
1037 3381 1216 3466 odomrinpu
1242 3383 1309 3446 hiae

540 3482 673 3550 Clomele
687 3491 842 3551 sadotem.
866 3486 961 3550 1244.

234 3699 337 3768 Bela
368 3688 451 3758 Dei
480 3683 597 3769 gracia
611 3683 790 3769 Hungarie,
816 3684 999 3770 Dalmaoie,
1025 3685 1170 3772 Croaoie,
1195 3689 1307 3764 Rame,

118 3811 250 3896 Seruis,
272 3797 467 3876 Gallicis,
485 3791 679 3860 Lodomerie
689 3791 913 3877 (lunarisque
922 3796 992 3860 Rex
1009 3795 1169 3862 universis
1187 3794 1308 3860 Christi

123 3917 291 3984 fidelibus
310 3919 482 3998 presens
495 3900 651 3985 seriptum
663 3899 858 3985 inspecturis
869 3901 1008 3968 salutem
1019 3900 1052 3968 in
1064 3919 1140 3968 roro
1159 3901 1307 3968 salutari.

1 3937 6 4062 i
125 4013 471 4111 Regleiiaiestatis
487 4009 680 4076 interestsie
696 4007 740 4075 ad
751 4029 827 4077 suos
843 4007 990 4077 subditos
1009 4015 1041 4076 ot
1052 4007 1165 4074 fideles
1176 4028 1305 4074 manum

127 4133 338 4218 largifluam
357 4116 563 4202 extendere,
581 4117 800 4202 vtRegiorum
816 4117 1042 4184 benefitiorum
1059 4117 1230 4202 prouooatl
1244 4117 1306 4183 lar-

132 4243 242 4326 gitate
259 4235 312 4305 ad
330 4225 498 4301 seruicia
514 4223 626 4292 debita
641 4224 756 4292 merito
772 4224 994 4312 prompeiores
1010 4224 1200 4292 habeantur.
1223 4225 1308 4292 Hine

136 4357 210 4435 est,
237 4343 342 4431 quod
372 4335 427 4404 ad
456 4333 681 4400 vniuersorum
707 4332 861 4400 notioiem
887 4339 954 4400 tam
980 4333 1183 4422 presentium
1209 4355 1307 4421 quam

138 4465 369 4544 posterorum
381 4447 508 4513 harum
523 4441 608 4508 serie
617 4441 766 4509 volumus
775 4443 956 4528 peruenire,
976 4443 1063 4527 quod
1075 4461 1147 4510 oum
1157 4441 1307 4512 Chemolr

2 4625 3 4650 ,
141 4565 188 4630 ab
207 4560 311 4628 annis
328 4553 414 4624 suis
431 4547 555 4616 teneris
572 4545 669 4614 nobis
684 4547 857 4615 seruiuerit
873 4547 1010 4616 fideliter
1025 4555 1059 4617 et
1074 4549 1199 4635 deuote,
1225 4556 1257 4616 et
1272 4556 1307 4615 vt

2 4663 4 4715 l
139 4691 205 4760 per
230 4669 309 4736 eius
336 4657 544 4732 fidelitatem
560 4654 731 4742 porolpere
755 4654 932 4743 potuimus,
959 4655 1158 4723 voluntatem
1186 4654 1307 4722 habeat

2 4723 5 4810 l
