3198 5160
833 301 988 404 ..ror-
1081 409 1082 412 ψ

355 520 433 567 rem.
450 499 591 567 Proinde
607 498 825 567 uniuersorum
841 501 961 568 noticie
977 505 1091 568 tenore
1106 497 1314 585 presencium
1330 497 1483 564 volumus

354 607 657 692 immanifestum,
685 607 769 690 quod
793 608 910 676 iratres
927 607 1196 693 (lysterchienses
1221 605 1263 672 de
1282 604 1482 674 Monasterio

355 716 552 784 Victoriensi
573 716 668 784 nobis
694 716 817 784 litteras
842 716 1001 784 Friderici
1027 716 1129 784 Ducis
1156 717 1212 803 pie
1236 712 1481 783 recordacionis

355 824 466 892 fratris
490 824 593 892 nostri
619 825 783 892 karissimi
808 824 1016 892 exhibuerint
1041 824 1102 891 sub
1128 825 1193 890 hac
1216 825 1332 890 forma.
1358 820 1483 906 Fryde·

355 935 442 1000 ricus
459 934 521 1000 Dei
548 933 662 1018 gracia
678 936 752 1001 Dux
767 931 898 1002 Austrie
922 939 954 1000 ct
969 933 1068 1002 Stirie
1093 937 1125 1000 et
1140 931 1291 1000 dominus
1315 929 1482 1014 Oarnyole

355 1044 506 1111 omnibns
517 1043 752 1110 hanelitteram
767 1041 962 1130 inspecturis
979 1043 1121 1110 salutem
1137 1045 1365 1127 inperpetuum
1382 1036 1418 1126 (a
1428 1057 1482 1103 ne-

355 1157 463 1219 vezelt
486 1150 681 1219 klaslromct
704 1172 762 1238 pro
778 1148 920 1218 remedio
936 1148 1044 1217 anime
1069 1169 1128 1218 sue
1147 1155 1400 1230 cunctorumque
1424 1164 1482 1231 pa·

355 1267 482 1328 rentum
507 1279 639 1327 suornm
662 1259 801 1346 kegynri
828 1257 975 1326 redelme
991 1259 1046 1326 all
1065 1257 1226 1345 fogadjs.)
1252 1259 1374 1324 Datum
1391 1251 1482 1340 apud

355 1367 492 1436 Lenbrm
508 1387 594 1435 anno
609 1367 652 1436 ab
662 1369 893 1435 Incarnacionc
904 1367 1035 1434 Domini
1050 1367 1096 1434 M⁰
1107 1363 1172 1432 00⁰
1182 1365 1288 1432 XLX⁰
1298 1363 1359 1430 111⁰
1373 1360 1481 1430 Indic-

356 1475 449 1544 oicne
464 1475 538 1542 VIl⁰
555 1474 713 1543 kalendas
722 1475 930 1563 Septembris.
951 1475 1160 1542 Postulantes
1176 1471 1300 1540 anobis
1316 1467 1483 1538 humiliter

355 1591 389 1652 et
402 1583 529 1669 deuote,
554 1590 591 1651 nt
605 1582 768 1670 predictas
792 1583 921 1652 litteras
937 1584 1056 1652 nostris
1072 1581 1190 1648 litteris
1215 1581 1432 1648 insereremus
1449 1581 1483 1643 et

355 1692 487 1761 eosdem
503 1691 687 1760 luceremus
702 1691 761 1760 sub
777 1691 892 1758 eadem
908 1690 1018 1775 specie
1031 1689 1202 1757 libertatis.
1222 1687 1292 1756 Nos
1307 1705 1385 1753 vero
1401 1683 1482 1770 peti·

355 1799 480 1868 cionem
496 1800 673 1868 eorundem
696 1801 813 1868 iustum
831 1799 901 1868 fore
924 1798 1142 1884 attendentes,
1161 1795 1289 1863 litteras
1311 1798 1482 1881 presentes

355 1908 490 1976 inscribi
507 1908 643 1976 lecimus
658 1909 699 1976 de
714 1909 811 1978 verbo
831 1907 1025 1974 adverbum
1051 1904 1171 1972 uostris
1187 1903 1317 1987 litteris,
1334 1909 1367 1968 et
1382 1900 1484 1968 conti·

354 2017 502 2084 nenciam
518 2017 695 2084 earundem
717 2017 878 2104 presentis
894 2013 1060 2103 priuilegij
1077 2013 1180 2082 nostri
1204 2009 1387 2099 patrocinio
1404 2027 1481 2075 con-

355 2123 531 2210 firmamus,
548 2131 581 2192 et
595 2125 725 2212 ipsosin
739 2123 885 2212 predicta
898 2123 1049 2192 libertate
1065 2123 1214 2190 volumus
1226 2125 1384 2207 perpetuo
1407 2137 1483 2185 con·

357 2249 499 2297 seruare.
516 2233 637 2300 Datum
652 2253 711 2319 per
726 2251 840 2300 manus
851 2229 1001 2316 Magistri
1017 2228 1185 2298 Benedicti
1195 2225 1357 2314 Preposili
1367 2225 1484 2292 Eccle-

354 2338 402 2404 sie
417 2339 529 2406 Sancti
544 2339 762 2408 Bartholomei
779 2339 820 2406 de
835 2341 982 2424 Fryseco
1005 2337 1081 2404 aule
1096 2343 1206 2404 nostre
1221 2331 1485 2402 vicecancella-

354 2444 394 2529 rij
413 2466 498 2514 anno
514 2447 647 2514 Domini
660 2449 705 2514 Μ0
715 2447 780 2514 00⁰
790 2447 829 2512 11⁰
845 2467 939 2514 nono.

391 2623 424 2690 (Α
438 2623 512 2680 becci
525 2625 609 2682 caasa.
620 2630 704 2685 titirus
716 2625 886 2685 leveltirusls
899 2627 1018 2684 credolio
1031 2623 1099 2678 utto
1111 2625 1186 2677 karli
1199 2621 1315 2678 Horccltlr
1327 2619 1449 2689 Mtlrdlp.)

783 2912 1043 2927 ffl-

879 3365 957 3432 360.

354 3543 463 3608 lutecia
479 3543 580 3629 ajath
603 3545 706 3631 lrr'rcily
725 3547 758 3610 cs
775 3545 878 3632 Stiria
893 3544 1091 3630 lucroche'raelc
1109 3545 1292 3631 udomrtapu
1308 3545 1482 3612 Eberhard

628 3655 796 3740 marburgi
805 3656 922 3745 polqa'r
937 3657 1093 3719 szdmdra.
1115 3651 1210 3718 1259.

462 3847 532 3916 Nos
549 3849 734 3936 Stephanus
750 3849 812 3915 Dei
838 3849 953 3936 gracia
968 3851 1048 3935 Rex,
1075 3847 1314 3938 primogenitus
1341 3849 1485 3916 illustris

353 3957 451 4042 Regis
469 3956 648 4040 Hungarie‚
675 3963 708 4024 et
723 3959 798 4024 Dux
812 3957 929 4043 Styrie,
956 3965 1070 4025 tenore
1086 3955 1293 4043 presencium
1319 3957 1486 4040 significa-

352 4083 423 4130 mns
447 4065 616 4151 uniuersis,
647 4064 733 4150 quod
752 4085 812 4132 nos
837 4065 1052 4132 consideratis
1078 4065 1272 4134 fidelitalnm
1297 4065 1425 4132 meritis
1451 4074 1487 4130 et

352 4172 564 4253 seruiciorum
589 4173 770 4240 Eberhardi
796 4175 902 4241 fidelis
919 4175 1001 4240 ciuis
1027 4175 1128 4242 nostri
1156 4174 1197 4241 de
1224 4175 1392 4261 lllarpurg,
1419 4195 1485 4259 quc

352 4281 482 4348 domino
492 4282 572 4366 Regi
589 4282 781 4350 charissimo
793 4283 880 4369 petri
896 4287 1004 4350 nostro
1015 4289 1047 4348 et
1064 4285 1155 4350 nobis
1172 4281 1297 4350 stnduit
1311 4283 1485 4351 inuiolabi-

352 4389 426 4453 liter
441 4390 635 4477 obserusre;
662 4413 724 4459 nos
740 4391 772 4456 in
797 4393 1137 4478 recompensacionem
1164 4391 1376 4459 seruiciorunr
1398 4393 1483 4458 eius-

354 4492 438 4560 dem.
464 4497 519 4578 qni
534 4497 611 4564 licet
627 4499 722 4583 plura
737 4505 910 4583 mereatur,
928 4499 961 4564 in
979 4500 1059 4566 villa
1079 4501 1240 4566 Wsleuim
1258 4499 1372 4566 decem
1392 4518 1484 4564 men-

355 4619 419 4683 sus,
443 4602 476 4666 in
501 4603 582 4672 villa
606 4606 706 4672 Olrost
729 4615 868 4693 quatuor
894 4628 1037 4701 mansos,
1069 4615 1103 4684 et
1126 4609 1158 4684 ip
1184 4609 1265 4683 villa
1290 4607 1376 4680 Vdel
1401 4607 1485 4680 duos
