3134 5158
859 262 1012 364 Q

372 464 460 532 ribus
486 463 527 530 de
543 461 672 551 populis
688 462 722 528 in
738 459 901 529 comitutu
927 465 1036 528 vestro
1066 459 1294 544 existentibus,
1319 459 1377 542 qui
1393 479 1502 526 eorum

372 570 466 640 vobis
491 577 726 656 remanserunt,
750 567 876 654 judieiu
900 573 1013 637 nostre
1037 569 1222 654 exigeretis,
1248 574 1282 635 et
1297 567 1500 636 aduersariis

369 678 622 763 satisfaceretis3
649 677 804 745 miremur
827 674 968 762 quidem,
996 676 1083 762 quod
1096 677 1199 744 niolnii
1223 674 1402 744 seeundum
1424 695 1499 742 eon·

369 785 572 855 suetudinem
582 785 688 868 Regni
703 784 810 852 faeere
825 781 1003 852 intenditis.
1021 783 1102 852 Cum
1118 801 1215 870 super
1236 782 1299 851 hoo
1314 781 1409 850 vobis
1426 803 1497 869 per·

367 895 524 962 sonaliter
540 893 694 962 fuerimus
709 892 820 978 loeuti,
836 899 946 960 tumen
963 890 1070 960 sunno
1087 911 1108 960 a
1123 891 1218 960 vobis
1239 891 1392 978 petimus,
1409 891 1498 975 quod

366 1003 478 1070 reliete
493 1000 552 1070 Osl
567 1001 651 1068 Beni
667 999 708 1068 de
724 1000 792 1068 suis
815 1000 1025 1087 adversariis,
1051 1000 1106 1087 qui
1125 1021 1236 1069 eoram
1260 999 1354 1068 nobis
1370 1017 1498 1064 remen-

366 1117 486 1195 serunt,
498 1109 667 1196 justioiem
681 1108 821 1194 leniatis,
839 1115 871 1176 et
886 1115 1023 1196 pentem,
1041 1129 1104 1194 que
1121 1129 1180 1178 nos
1197 1127 1255 1196 pro
1273 1107 1394 1177 nostris
1406 1107 1494 1192 judi·

365 1215 425 1283 eiis
441 1215 609 1303 contingit,
634 1237 693 1304 per
707 1216 870 1284 hominem
891 1223 1038 1285 nostrum
1061 1216 1156 1286 nobis
1182 1215 1338 1303 mittetis,
1365 1223 1496 1301 portem

363 1343 453 1411 vero,
469 1343 532 1408 que
547 1343 607 1393 vos
623 1325 781 1411 oontingit
795 1323 961 1413 recipietis
978 1325 1083 1412 vobis,
1101 1325 1185 1393 sieut
1205 1321 1340 1392 debetis.

470 1521 521 1588 (As
533 1523 635 1578 emisti
647 1521 712 1578 utun
724 1525 894 1593 begyrmrs,
907 1523 996 1578 Eunai
1006 1519 1175 1591 Olrmtnyttr
1186 1523 1208 1576 Ι.
1222 1524 1279 1576 tut.
1291 1525 1335 1577 it.
1348 1524 1379 1590 l‚)

797 1829 1065 1848 Μ

884 2313 962 2383 213.

360 2493 488 2560 Roland
503 2493 606 2560 sodor
619 2493 806 2580 rneqbappja
816 2491 935 2561 coriaut
950 2497 1029 2559 neoti
1041 2493 1312 2581 ptu'utalduednab
1328 2497 1411 2586 kopp
1432 2501 1492 2566 ost

457 2600 519 2666 bun
533 2603 674 2687 b'zvoqpe‘t
690 2597 815 2668 Otalaot
829 2599 987 2668 birtekdba
1000 2603 1121 2668 ikmea.
1149 2601 1381 2670 1249-1260.

462 2793 533 2860 Nos
548 2795 585 2860 R.
602 2795 772 2863 Palatinus
789 2801 820 2862 et
837 2796 952 2865 (lomes
968 2797 1179 2884 Posoniensis
1203 2799 1404 2886 precipimus
1425 2803 1494 2872 tibi

343 2898 518 2985 pristaldo
537 2905 648 2968 nostro
664 2899 813 2988 Oorludo,
839 2911 998 2988 qnatenus
1015 2912 1183 2992 assumpto
1207 2913 1315 2976 teenm
1333 2909 1489 2979 testimo-

356 3005 411 3073 nio
426 3005 568 3093 Capituli
593 3007 780 3078 Govriensis
807 3011 920 3094 vades,
946 3018 978 3080 et
994 3013 1104 3080 villum
1125 3011 1251 3082 Ohulud
1277 3022 1407 3084 statues
1436 3041 1490 3087 re-

356 3112 432 3179 liote
448 3113 507 3181 Osl
522 3114 606 3181 Beni
622 3135 720 3204 super
735 3123 827 3185 tante
842 3138 969 3187 summu
982 3122 1129 3208 peounie,
1156 3121 1240 3190 sieut
1255 3124 1489 3195 continebitur

356 3219 391 3285 in
405 3219 523 3287 litteris
539 3223 657 3291 nostris
673 3224 847 3311 prioribus,
876 3231 907 3292 et
924 3227 1073 3312 assignes
1100 3229 1272 3297 terminum
1298 3242 1494 3319 oompeten-

355 3333 422 3392 tem
437 3331 667 3397 eommetsneis
684 3330 829 3416 ejusdem
841 3339 936 3419 terre,
953 3333 987 3401 in
1003 3352 1076 3420 quo,
1095 3337 1123 3402 si
1142 3337 1302 3404 voluerint
1317 3339 1495 3410 redimant

355 3439 476 3500 terrum
501 3443 712 3505 memoratam
736 3440 780 3508 ud
804 3461 849 3509 se.
876 3443 996 3510 Datum
1022 3443 1110 3512 Geur
1134 3445 1167 3511 in
1193 3447 1337 3515 erastino
1367 3450 1492 3521 Sancti

354 3540 487 3609 Andree
502 3541 660 3629 Apostoli.

310 3763 320 3772 ·
455 3741 505 3807 (An
519 3741 620 3834 eredeti
632 3739 698 3794 utun
710 3743 789 3810 ngy
802 3745 878 3808 Imro,
892 3747 979 3801 Herui
994 3745 1165 3816 otmtnyttr
1177 3753 1199 3803 Ι,
1214 3753 1268 3804 lrbt.
1285 3757 1328 3807 ⁶26.
1346 3754 1377 3823 l.)

786 4081 1043 4096 *nn-nm
