3102 5160
621 324 686 392 263
701 419 727 429 -

93 539 236 608 continue
249 537 418 606 fidelitatis
436 557 539 607 nexus
556 547 589 608 et
604 539 817 608 seruitiorum
836 543 1051 610 eminencium
1066 543 1217 628 frequen·

93 649 137 715 cia
152 647 294 734 stringit,
320 647 416 714 nobis
432 647 573 715 uberiori
598 656 709 717 nostre
735 650 847 734 gracie
873 671 1005 719 munere
1030 653 1215 721 confodere.

91 756 223 824 Proinde
238 755 282 822 ad
301 757 529 824 uniuersorum
557 759 763 842 presenciam
779 765 812 825 et
830 765 1033 852 posterorum
1057 759 1216 829 noticiam

91 865 197 929 buum
213 865 299 930 serie
315 865 466 933 uolumus
491 865 671 952 peruenire,
699 865 786 950 qnod
810 867 918 935 animo
934 866 1140 935 reuoluen⁴es
1165 866 1214 933 di-

90 973 157 1039 lecti
174 981 206 1041 et
220 973 328 1040 fidelis
345 973 448 1041 nostri
473 972 608 1042 Comitis
625 974 786 1044 Hcrbordi
800 976 860 1061 filij
877 973 936 1042 Osl
952 975 1086 1044 Comitis
1107 976 1214 1043 eonti-

89 1101 145 1148 nne
159 1081 330 1148 fidelitatis
345 1081 514 1166 obsequia,
531 1103 594 1166 que
611 1104 631 1149 a
646 1090 758 1151 tenera
774 1083 881 1150 adbuc
897 1089 983 1151 etate
1000 1091 1113 1152 nostra
1128 1085 1215 1170 pari-

86 1195 179 1256 teret
194 1209 255 1255 sna
281 1189 314 1255 in
331 1197 446 1256 nostra
461 1189 551 1256 curia
578 1190 745 1276 educatus
769 1191 840 1257 sine
856 1191 1096 1259 intermissione
1115 1193 1213 1260 nobis

87 1297 239 1379 exhibuit,
262 1303 342 1363 tunc
355 1297 390 1362 in
406 1306 513 1364 mente
529 1298 711 1382 statuimus,
738 1317 810 1364 eom
826 1297 1005 1384 prouehere
1024 1299 1211 1366 munificen-

86 1404 250 1488 oieltegie
275 1403 460 1488 donatiuis3
487 1411 518 1470 et
534 1413 570 1471 ut
588 1403 728 1488 quedam
744 1405 786 1471 dc
811 1405 921 1474 multis
946 1405 1114 1473 fidelitatis
1139 1409 1212 1474 eius

85 1509 259 1596 obseqnijs,
286 1529 349 1594 que
363 1509 496 1596 longum
523 1510 607 1579 soret
623 1511 732 1578 omnia
749 1531 913 1598 enarrare,
933 1515 1139 1600 presentibus
1156 1534 1211 1581 ex-

87 1621 269 1705 primamus,
287 1619 359 1686 vice
375 1620 517 1702 quadam
532 1619 565 1686 in
582 1621 713 1705 Ruscia,
733 1621 793 1687 sub
810 1642 932 1708 magna
948 1628 1043 1708 porta
1059 1621 1210 1705 Gallicis,

85 1749 142 1812 que
165 1735 303 1796 uocatur
317 1727 491 1814 Vngarica,
517 1727 612 1796 nobis
628 1728 812 1812 nostrisque
827 1727 1009 1796 Beronibus
1026 1728 1057 1793 in
1075 1729 1212 1816 expedi-

86 1839 171 1902 cione
185 1835 406 1922 presentibus,
422 1833 633 1901 laudabiliter
649 1832 846 1920 dimicando,
862 1833 978 1901 dehinc
994 1835 1097 1900 eciam
1112 1855 1211 1922 super

86 1945 211 2011 linaium
238 1943 412 2009 Denisztur
426 1941 563 2009 viriliter
588 1961 697 2009 coram
722 1943 817 2010 nobis
833 1941 975 2028 prestitit
999 1943 1033 2010 in
1049 1941 1210 2010 conflictu.

85 2053 239 2118 Reuersus
262 2055 372 2116 autem
397 2047 564 2115 nobiseum
589 2049 623 2114 in
649 2069 768 2135 corpus
793 2049 956 2134 Vngarie,
983 2051 1094 2136 sepius
1119 2051 1209 2137 lega-

85 2159 187 2226 ciones
211 2167 343 2224 nostrae
366 2155 482 2222 detulit
505 2163 598 2223 extra
614 2158 779 2241 Regnum
802 2177 956 2244 processu
983 2179 1061 2228 aero
1086 2166 1208 2244 tempo-

8 2345 9 2350 ,
87 2267 126 2330 ris
147 2285 219 2331 oum
243 2267 391 2350 Regnum
417 2271 562 2331 nostrum
578 2263 697 2332 Diuino
722 2264 853 2350 iudicio,
879 2266 931 2332 oui
947 2265 1055 2334 resisti
1074 2285 1137 2333 non
1154 2287 1212 2352 po-

8 2363 9 2378 *
87 2383 152 2460 test,
175 2373 300 2440 inuasit
323 2391 404 2456 gens
429 2371 587 2460 pestifera
603 2375 822 2458 Tartarorum,
849 2375 921 2461 ipse
938 2383 1006 2440 tum
1030 2377 1211 2459 possessio-

85 2501 147 2565 nes,
172 2501 271 2564 quam
287 2497 399 2546 omnes
427 2477 545 2545 fratres
564 2483 597 2545 et
612 2479 872 2564 consanguineos
896 2499 983 2562 suos,
1009 2487 1041 2545 et
1056 2479 1140 2547 alios
1157 2499 1210 2545 ca-

87 2611 133 2657 ros
154 2589 351 2670 relinquens,
377 2589 542 2656 innostro
567 2586 705 2654 seruicio
729 2589 897 2656 nobiscum
921 2587 965 2653 ed
983 2595 1093 2674 partes
1113 2587 1209 2652 mari-

86 2700 176 2764 timas
198 2695 372 2776 transibit,
401 2694 546 2761 obicum
572 2699 682 2763 nostro
699 2695 795 2762 lateri
818 2715 877 2782 per
902 2715 995 2762 suum
1020 2694 1208 2760 continuam

8 2869 9 2872 ,
85 2807 249 2872 scruioium
285 2803 432 2886 adhesit,
473 2802 619 2870 custodie
654 2803 820 2870 karissimi
855 2803 1063 2889 primogeniti
1103 2803 1208 2870 nostri

8 2889 9 2958 l
85 2913 230 3000 Stephani
255 2910 355 2996 Regis
380 2909 539 2994 Illustris,
571 2931 645 2978 eum
671 2931 743 2980 cum
768 2911 885 2994 grandi
910 2909 1030 2978 fiducia
1055 2909 1208 2977 duximus
1232 2985 1235 2994 ‚

83 3019 316 3108 deputandum,
343 3017 514 3085 statuendo
540 3037 613 3084 cum
642 3015 686 3082 ad
702 3015 917 3084 habitandum
933 3017 966 3082 in
983 3017 1097 3086 Castro
1114 3015 1206 3101 Olyz,

87 3129 116 3196 in
138 3129 230 3197 domo
255 3128 406 3214 proxima
430 3126 473 3193 ad
492 3125 630 3194 eundem
653 3125 865 3194 karissimum
880 3126 1132 3212 primogenitum
1151 3147 1209 3194 no-

8 3227 10 3264 ³
84 3245 179 3304 sunm
212 3235 431 3318 antedictum,
470 3241 506 3300 ut
540 3241 685 3321 tempore
719 3234 857 3320 periculi
891 3241 968 3302 tune
995 3233 1206 3317 imminentis,

8 3339 9 3352 ¹
87 3363 152 3411 enm
176 3341 274 3409 lateri
290 3361 348 3408 suo
373 3341 472 3408 uelud
497 3341 660 3425 quoddam
676 3343 956 3430 propugnaculum
981 3341 1119 3411 haberet
1135 3363 1207 3428 pro·

86 3452 200 3517 simum
224 3457 324 3533 atque
351 3448 460 3534 fidum,
488 3449 543 3515 vbi
568 3448 736 3515 fidelitatis
762 3449 833 3515 eius
860 3451 945 3517 nitor
964 3451 1118 3538 precipue
1143 3455 1207 3518 ola-

85 3559 143 3626 ruit
158 3579 268 3626 coram
283 3555 389 3642 nobis,
415 3556 470 3642 qui
487 3563 554 3622 tam
578 3557 612 3622 in
628 3563 717 3624 terra
732 3575 831 3640 quam
847 3557 930 3622 mari
955 3559 1049 3626 nobis
1066 3577 1104 3627 eo
1128 3567 1208 3626 tem-

8 3703 9 3738 ι
85 3687 157 3751 porc
171 3665 322 3753 inpendit
338 3663 523 3731 laudabiles
539 3663 727 3730 famulatus.
744 3662 968 3730 Redeuntibus
984 3673 1094 3731 autem
1109 3668 1206 3736 nobis

83 3776 120 3840 ‹le
139 3776 290 3862 partibus
305 3773 466 3839 martimis
486 3769 570 3838 duce
586 3768 726 3854 Christo,
742 3770 986 3838 acciditeontra
1000 3773 1123 3840 Ducem
1142 3775 1207 3841 Au-

8 3905 9 3924 *
80 3883 155 3949 sirie
170 3901 231 3950 nos
251 3879 427 3948 exercitum
446 3897 659 3964 commouere,
686 3877 721 3944 in
737 3897 811 3962 quo,
828 3877 911 3945 sicat
937 3887 970 3948 ct
985 3879 1020 3945 in
1035 3881 1110 3968 aliJs
1133 3903 1207 3951 con·

8 3999 9 4052 ἱ
81 3987 225 4073 dictibus,
241 3987 337 4056 nobis
352 3986 526 4056 honorifice
542 3985 731 4053 deseruiuit.
757 3987 895 4052 Demum
911 4005 990 4054 uero
1006 3988 1068 4054 sub
1094 3997 1204 4058 castro

8 4183 9 4188 Ἰ
82 4095 227 4181 Kwszng,
248 4095 306 4162 vbi
323 4115 396 4162 oum
411 4095 481 4162 sais
496 4101 565 4161 tarn
580 4095 667 4162 caris
683 4113 781 4176 quam
797 4093 924 4160 familia
939 4095 1206 4164 commendabili-

8 4199 9 4282 l
83 4203 136 4268 bur
153 4205 234 4271 actis
251 4203 360 4270 extitit
375 4203 603 4288 triumphator,
626 4203 738 4270 decem
753 4223 887 4270 numero
905 4203 946 4269 de
961 4223 1021 4270 suo
1037 4207 1206 4274 consorcia

79 4317 149 4377 sunt
172 4311 317 4379 letaliter
342 4311 514 4396 uulnerati,
541 4295 601 4399 per
626 4331 762 4398 quorum
786 4311 995 4380 victoriosum
1021 4313 1206 4382 conflictum

8 4493 9 4496 Ἴ
82 4419 168 4486 nobis
183 4419 272 4487 idem
295 4427 439 4486 castrum
455 4418 599 4487 reddidit
616 4421 668 4490 uis
685 4419 825 4486 celestis.
848 4418 887 4486 ln
902 4421 1091 4489 memoriam
1107 4422 1208 4508 igitur

81 4531 125 4593 tot
138 4533 171 4594 et
183 4533 348 4595 tantorum
358 4527 585 4615 seruioiortum
602 4527 688 4615 eiu)s
703 4545 768 4594 non
778 4529 1069 4615 tameninplenam
1085 4549 1207 4600 recom-

8 4629 9 4666 ³
83 4637 315 4724 pemseionem,
343 4655 415 4703 oum
431 4635 528 4723 longe
546 4637 650 4704 minut
667 4635 721 4724 sit,
738 4635 825 4720 quod
849 4636 880 4702 ei
897 4635 1063 4706 offerimus
1087 4640 1120 4705 in
1137 4659 1207 4724 pre·
