3102 5160
863 851 941 922 198.

333 1041 467 1128 Spalmc
492 1045 584 1104 coroa
608 1037 752 1103 aretoas
776 1037 917 1120 &acopos
941 1032 1160 1098 analectoa'mot
1185 1035 1336 1120 airppozo'
1361 1035 1471 1098 {teleta

851 1137 949 1204 1248.

405 1341 499 1406 Anno
509 1335 883 1406 InoarnationisDamini
893 1335 996 1401 nostri
1006 1335 1087 1401 Jesu
1097 1335 1218 1402 Christi
1227 1332 1469 1404 nccxnvnr.

335 1468 448 1515 mense
472 1447 645 1515 Decembri
671 1445 724 1511 die
738 1445 848 1511 XXII.
872 1442 1016 1508 intrante
1035 1442 1214 1510 indictione
1229 1445 1317 1529 vl1.;
1344 1446 1469 1530 praesi-

333 1555 430 1623 dente
446 1555 575 1622 domino
601 1555 728 1621 Joanne
744 1548 935 1637 spalatensi
950 1548 1164 1632 Archielectc,
1191 1557 1335 1635 tempore
1352 1551 1468 1620 Desae

336 1661 516 1743 Michaelis,
542 1659 682 1728 Joannis
704 1657 823 1724 Vitalis
849 1662 882 1723 et
905 1655 1006 1722 Dobri
1031 1655 1169 1722 Brasich
1194 1655 1355 1726 Judicum.
1382 1657 1469 1725 Cum

334 1790 394 1837 nos
412 1767 572 1855 siquidem
589 1765 770 1852 supradicti
785 1763 917 1833 Judices
933 1783 975 1830 ex
989 1765 1112 1848 injucto
1128 1763 1234 1832 officio
1261 1766 1467 1850 sederemus,

335 1876 476 1943 incuria
502 1874 648 1960 generali
660 1875 716 1958 jns
741 1893 836 1939 snum
861 1871 976 1956 cuique
992 1871 1172 1953 tribuendo,
1197 1873 1468 1958 supervenientes

334 1985 424 2050 Desa
448 1982 547 2050 Corbi
572 1979 765 2064 Canonicus
792 1984 824 2045 et
848 1979 938 2045 Desa
962 1979 1065 2062 Inani,
1086 1979 1317 2047 Procuratores
1344 1978 1469 2048 Curiae

335 2089 644 2175 archiepiscopalis,
662 2087 829 2170 conquesti
845 2094 921 2153 sunt
936 2105 1047 2154 coram
1063 2087 1156 2154 nobis
1174 2087 1214 2154 de
1238 2088 1365 2155 Joanne
1382 2089 1468 2155 Dui-

334 2199 390 2285 mi,
415 2197 470 2282 qui
487 2197 549 2264 sibi
565 2197 644 2263 dare
660 2195 845 2279 denegabat
859 2195 901 2261 de
917 2196 1058 2280 quodam
1083 2195 1268 2265 molendino
1294 2217 1352 2265 sno
1363 2199 1466 2284 justi·

334 2305 414 2371 tiam
442 2303 585 2370 debitam
609 2302 721 2370 Sancti
745 2302 887 2386 Domnii‚
913 2301 997 2369 sicut
1022 2309 1054 2369 et
1070 2302 1137 2369 alia
1160 2303 1347 2370 molendina
1370 2305 1467 2372 Salo-

335 2433 398 2478 nae
414 2411 594 2479 solvebant.
621 2411 777 2491 Quicum
801 2411 1075 2495 percontrarium
1100 2411 1312 2497 responderet
1335 2411 1466 2498 dicens,

333 2518 415 2586 nihil
431 2519 493 2585 sibi
510 2519 590 2586 dare
605 2519 733 2604 debere,
761 2524 793 2584 et
809 2517 891 2584 nihil
915 2516 1041 2603 aliquid
1058 2526 1180 2586 certum
1197 2517 1402 2603 ostenderet3
1432 2532 1468 2588 et

335 2625 415 2693 dicti
429 2629 662 2695 Procuratores
677 2626 712 2692 in
729 2626 907 2693 continenti
918 2627 1130 2694 ostenderunt
1145 2627 1317 2712 qnamdam
1334 2635 1466 2696 senten-

332 2735 413 2800 tiam
430 2731 642 2815 derinitivam,
669 2733 770 2798 latam
786 2753 845 2818 per
861 2731 994 2801 Judices
1020 2735 1173 2800 Dnimum
1189 2733 1314 2801 Fiorini
1333 2741 1466 2822 patrem

333 2840 438 2925 ipsius
455 2839 604 2924 ioannis,
631 2847 664 2906 et
683 2839 821 2907 Micham
850 2841 953 2907 Medii
969 2840 1080 2927 Soppe
1096 2861 1194 2927 snper
1218 2843 1322 2928 ipsius
1338 2845 1466 2911 molen·

334 2945 402 3012 dini
418 2944 539 3031 placito
556 2945 632 3012 clim
649 2945 747 3012 etiam
763 2946 1014 3031 promulgatum.
1033 2947 1106 3026 Qua
1116 2949 1269 3033 perlecta,
1287 2957 1318 3016 et
1333 2951 1467 3019 anobis

333 3052 431 3138 plane
447 3051 613 3120 intellecta
628 3051 830 3120 concorditer
849 3073 920 3120 cum
937 3055 1097 3122 communi
1114 3057 1250 3124 consilio
1264 3059 1466 3144 approbavi·

334 3180 415 3246 mus,
437 3166 470 3226 et
495 3161 610 3226 eadem
636 3161 898 3228 confirmavimus
923 3163 1167 3250 sententiand03
1194 3171 1227 3230 et
1249 3163 1314 3250 ipsi
1338 3165 1466 3234 Jcanni

334 3269 572 3354 praecepimus,
596 3287 637 3334 ne
653 3267 695 3335 de
711 3275 819 3336 cetero
836 3269 957 3336 similia
972 3277 1193 3356 praesumeret
1210 3277 1383 3342 attentare.
1400 3275 1464 3342 Te·

333 3381 400 3441 stes
417 3381 492 3441 sunt
506 3375 651 3443 Joannes
664 3375 840 3442 Buccasins
857 3381 891 3441 et
906 3377 1051 3444 Joannes
1067 3376 1190 3444 Cindri.

564 3571 690 3638 (Parieti,
703 3575 842 3641 Illyricum
855 3574 968 3630 Sacrum
980 3577 1027 3629 IV.
1041 3577 1098 3628 not.
1118 3578 1179 3632 27³.
1192 3577 1222 3644 1.)

760 3857 1021 3870 *ι*
