3134 5158
600 893 676 964 270.

25 1119 26 1132 2
92 1072 137 1136 IV.
159 1074 235 1141 Beda
258 1076 362 1163 toury
378 1101 398 1140 a
411 1078 641 1164 pannonbatmi
664 1083 694 1142 e'a
719 1079 957 1163 a·com09ycdce‘
982 1076 1093 1162 cpdtok
1117 1077 1197 1142 lodari

25 1257 26 1276 ἒ
91 1183 153 1246 Fuiz
168 1186 318 1271 betycdyre
334 1187 503 1252 ronatkozd
518 1185 801 1274 eqyccettease'qekct
816 1187 944 1250 etintdzi.
960 1185 1192 1250 1245-1258.

25 1311 26 1356 i

181 1381 248 1448 Nos
263 1381 345 1450 Bela
361 1383 424 1450 Dei
451 1383 564 1468 gracia
578 1385 646 1450 Rex
663 1385 831 1468 Hungarie
856 1385 971 1452 damus
998 1403 1056 1468 pro
1073 1404 1193 1452 memo-

25 1487 26 1548 }
92 1487 139 1572 ria,
162 1489 246 1573 qnod
263 1510 336 1558 cum
352 1491 436 1558 inter
451 1493 538 1559 viros
563 1493 743 1580 religiosos,
769 1491 922 1560 videlicet
938 1493 1049 1561 Sancti
1064 1493 1195 1562 Martini

89 1593 122 1658 de
143 1599 317 1686 Pannonia,
344 1606 377 1666 ct
400 1601 512 1667 Sancti
536 1601 646 1686 Egidii
674 1601 714 1667 de
739 1601 885 1687 Symigio
911 1602 1056 1668 Abbeter
1080 1611 1194 1669 exorta

25 1691 26 1734 ¹
90 1703 187 1772 inisset
211 1711 347 1775 materia
374 1711 554 1793 questionis
580 1730 679 1796 super
703 1708 845 1794 quadam
875 1717 968 1797 parte
995 1719 1079 1777 terre
1103 1710 1192 1792 Fain,

90 1811 205 1878 tandem
220 1815 439 1884 mediantibus
455 1818 534 1884 uiris
550 1819 677 1886 idoneis
694 1819 770 1886 talis
786 1819 869 1884 inter
884 1819 1013 1886 eosdem
1035 1818 1190 1903 composi-

88 1921 128 1986 cio
141 1924 328 2010 intervenit3
357 1928 454 2012 quod.
466 1928 632 2014 predictus
651 1929 764 1995 Abbas
780 1929 891 1995 Sancti
914 1928 1043 1993 Martini
1069 1928 1103 1995 in
1119 1947 1191 2013 pre-

88 2029 144 2096 iata
158 2033 236 2100 villa
256 2037 333 2101 Foin
355 2036 496 2120 quinque
519 2037 704 2104 mansiones
726 2037 939 2122 jobagionum
964 2037 1108 2122 hebebit,
1138 2035 1194 2120 qui

25 2159 26 2168 ¹
87 2137 189 2206 ibidem
210 2154 457 2230 commorantes,
481 2153 612 2212 utentur
635 2145 792 2213 fructibus
813 2155 846 2212 et
863 2145 1004 2213 utilitate
1021 2152 1106 2211 terre
1122 2163 1192 2232 pre-

86 2245 151 2328 tate,
174 2251 258 2318 sicut
275 2255 471 2339 jcbagiones
488 2255 625 2322 Abbatis
644 2255 869 2340 Symigiensis,
896 2256 1096 2341 proprietate
1106 2260 1192 2319 terre

25 2399 26 2470 ἢ
87 2375 173 2438 penes
197 2358 429 2427 Monasterium
458 2360 500 2427 de
526 2361 671 2448 Symigio
698 2369 905 2445 remanente;
939 2361 968 2426 si
994 2368 1102 2426 autem
1135 2382 1190 2429 nu-

25 2473 26 2488 *
87 2484 177 2533 nerns
203 2470 382 2536 excreverit
407 2467 591 2552 eorundem,
618 2469 733 2554 reliqui
759 2469 956 2555 posteriores
976 2469 1189 2535 removebun-

86 2581 137 2656 tnr,
151 2577 290 2661 quinque
304 2579 372 2646 iliis
388 2581 447 2645 vel·
459 2579 534 2646 aliis
551 2579 693 2663 quinque
709 2579 869 2645 duntaxat
884 2576 955 2644 loco
971 2576 1098 2643 iliorum
1116 2579 1190 2644 sub-

25 2765 26 2770 *
86 2683 191 2750 stitutio
203 2689 444 2755 remanentibus
456 2686 552 2754 modo
562 2686 760 2773 supradicto,
778 2683 1036 2752 contradiccione
1047 2685 1192 2769 qualibet

25 2793 26 2876 Ῑ
85 2811 137 2856 non
152 2793 321 2876 abstante;
338 2795 450 2862 Abbas
466 2801 575 2862 tamen
592 2793 808 2880 Synrigiensis
821 2794 855 2859 in
870 2793 936 2859 iliis
952 2793 1191 2878 quinquemen-

25 2879 26 2970 ἶ
84 2897 215 2969 sionibus
241 2903 373 2970 racione
388 2911 474 2971 terre
498 2905 660 2972 fructuum
677 2909 902 2989 perceptorum
925 2908 958 2968 et
973 2901 1192 2988 percipiendo·

25 3019 26 3108 t
85 3028 142 3074 rum
158 3009 279 3077 nullam
289 3011 352 3076 sibi
364 3011 631 3096 jurisdiccionem
642 3011 771 3098 penitus
781 3011 986 3097 vendicabit;
1004 3011 1062 3078 sed
1071 3011 1192 3078 Abbati

25 3109 26 3168 i
84 3115 182 3183 Sancti
206 3119 338 3189 Martini
365 3121 507 3187 servient
531 3120 706 3186 secundum
731 3115 906 3186 eorundem
928 3119 1193 3186 consuetudinem

85 3223 228 3295 hactenus
246 3230 464 3296 observatam.
480 3231 633 3298 Preterea
643 3229 858 3297 existentibus
874 3227 940 3295 iilis
951 3227 1091 3314 quinque
1107 3249 1193 3294 man-

25 3383 26 3390 i
83 3331 227 3421 sionibus,
252 3339 305 3404 vei
322 3337 445 3406 eisdem
461 3337 700 3422 deficientibus,
714 3338 827 3404 Abbas
842 3336 955 3403 Sancti
970 3335 1115 3422 Martini,
1141 3337 1193 3402 vel

25 3435 26 3448 ¹
83 3441 224 3512 officiales
253 3445 399 3513 eiusdem
414 3445 456 3512 de
481 3453 569 3513 terra
585 3445 661 3533 ipsa
676 3447 785 3513 locare
800 3442 875 3509 aliis
902 3463 967 3509 non
982 3449 1133 3528 poterunt
1149 3443 1193 3510 cd

25 3551 26 3616 f
84 3549 250 3639 culturam;
275 3554 335 3620 sed
350 3554 392 3622 de
407 3553 565 3622 imctibus
590 3563 623 3621 et
638 3553 781 3621 utilitate
796 3551 867 3639 ipse
892 3552 1032 3636 quinque
1055 3553 1193 3620 mansio·

83 3674 139 3743 nes,
164 3661 218 3726 vei
245 3663 521 3748 superexistentes
546 3663 735 3747 pauciores,
768 3665 897 3728 utentur
921 3658 1017 3728 modo
1043 3660 1193 3745 superius

82 3775 256 3836 memorato.
282 3771 403 3839 Datum
419 3771 453 3836 in
477 3771 594 3838 castris
613 3771 701 3837 circa
716 3769 886 3836 Petoviam
911 3768 945 3832 in
971 3766 1192 3836 translacione

81 3873 179 3942 Sancti
195 3877 336 3946 Martini.

81 4075 204 4132 tErcdetie
217 4075 389 4145 btirhrirtyin,
400 4095 418 4129 a
431 4077 655 4146 bbrtyaasincgen
669 4079 753 4146 tuggo
765 4074 911 4144 pccsbtnek
926 4072 1054 4128 teredine
1064 4087 1189 4140 inegram

329 4185 346 4220 a
359 4169 551 4236 pannonhalmi
564 4167 707 4236 fdepdtsrig
720 4164 922 4233 leuditdrbban.)

491 4461 765 4471 ———--—
