3102 5160
867 851 942 918 lte.

339 1039 475 1118 Iwancu,
491 1044 522 1101 c's
543 1036 661 1122 Tyanae
679 1034 937 1116 lenneznetfic,
954 1056 975 1096 a
989 959 1116 1098 cuccari
1129 1031 1280 1118 kdptulun
1295 1031 1366 1096 ewa
1384 1029 1473 1093 Ram

338 1145 456 1212 bircka
463 1145 553 1230 sdctt
568 1150 648 1230 πόρῃ
665 1157 740 1208 tana
756 1145 826 1209 auu
836 1147 1009 1228 appensique
1024 1139 1140 1226 tepesci,
1156 1161 1235 1204 uzon
1242 1139 1361 1224 selte'td
1377 1138 1473 1214 alati,

338 1254 420 1338 kopp
434 1275 454 1316 a
477 1250 588 1336 mclpik
603 1249 655 1336 sc'l
678 1274 717 1314 az
742 1254 910 1335 appeuac'pet
934 1247 1106 1332 mepszepi,
1131 1243 1199 1312 500
1222 1247 1310 1330 piretu
1322 1245 1472 1328 fiunnen.

855 1353 951 1420 1246.

681 1533 721 1599 A.
882 1531 919 1597 Β.
1083 1529 1119 1596 Ο.

450 1717 518 1783 Nos
530 1714 716 1801 Capitulum
733 1711 880 1779 Ecclesie
890 1711 1002 1777 Sancti
1019 1709 1189 1776 Michaelis
1209 1707 1251 1775 de
1268 1707 1384 1775 Oastrc
1395 1709 1475 1774 Fer-

344 1844 400 1891 ren
414 1825 563 1890 omnibus
573 1830 683 1890 netum
699 1823 846 1904 iacimus,
869 1820 956 1904 quud
968 1821 1098 1886 iwunca
1108 1817 1225 1885 cheli
1241 1837 1301 1904 pre
1312 1836 1476 1900 germano

344 1951 403 1999 sno
419 1932 538 2016 etfiiin,
556 1931 721 1998 etPaulus
738 1929 779 1995 de
789 1928 941 2015 Ohoupsc
960 1948 1001 1995 ex
1017 1947 1082 1994 una
1101 1933 1195 2013 parte
1207 1925 1474 2012 respondentes3

345 2045 378 2104 et
393 2040 518 2122 Tywnn
534 2038 620 2104 filius
637 2035 810 2122 Laureneij
828 2056 887 2122 pro
905 2055 940 2102 se
958 2041 990 2100 ct
1007 2036 1083 2121 iilijs
1098 2043 1131 2103 et
1151 2033 1315 2120 germanis
1332 2033 1412 2115 suis,
1442 2041 1479 2098 et

347 2145 537 2212 Gotherdus
553 2167 611 2230 pro
622 2163 658 2211 sc
674 2149 707 2211 et
722 2150 816 2230 patre
831 2163 890 2210 suo
900 2143 1025 2211 scilicet
1039 2143 1144 2210 Paule
1160 2161 1202 2208 ex
1218 2142 1324 2209 altera
1338 2159 1479 2226 respon-

347 2252 470 2335 dentes,
497 2251 638 2338 professi
664 2255 741 2317 sunt
766 2269 875 2317 coram
900 2251 1005 2333 nobis,
1031 2249 1119 2334 qnod
1144 2249 1208 2336 ipsi
1224 2247 1265 2315 rie
1289 2249 1347 2314 lite
1371 2267 1478 2334 snper

345 2367 434 2427 terra
449 2361 541 2443 Rum,
559 2359 668 2425 Marco
680 2365 712 2424 ct
727 2357 880 2424 fratribus
893 2358 964 2425 'nnis
976 2363 1155 2444 spectante,
1172 2357 1256 2422 inter
1268 2375 1323 2422 ecs
1344 2363 1478 2440 exorta,

348 2473 380 2534 et
396 2486 494 2553 super
509 2465 657 2550 qnalibet
681 2465 904 2532 controuersia
920 2466 1035 2550 altera,
1052 2485 1166 2551 pacem
1182 2468 1373 2550 perpetuam
1400 2485 1480 2532 ron-

347 2573 525 2657 dirissent;
551 2580 584 2639 et
600 2591 698 2657 super
716 2571 777 2636 hoc
792 2576 975 2638 statuerunt
991 2591 1100 2638 coram
1116 2571 1210 2639 nobis
1226 2577 1365 2655 quatuor
1385 2575 1481 2641 uiros

348 2680 567 2763 fideiussores,
584 2680 778 2746 Michaeiem
795 2679 919 2746 scilicet
944 2680 1046 2744 filium
1065 2681 1185 2764 Moym,
1205 2680 1347 2748 Pansam
1371 2681 1481 2748 filium

349 2789 442 2872 Sceh,
459 2788 580 2858 Bucam
589 2786 691 2852 fiiium
701 2785 873 2870 Jnhannis,
885 2784 1062 2870 Georgium
1072 2786 1173 2850 filium
1184 2785 1281 2854 Wota
1291 2789 1350 2854 tali
1366 2789 1482 2872 mode,

349 2893 435 2982 qnod
450 2913 640 2979 quecunque
655 2893 801 2980 parcium
819 2893 1039 2979 predictarum
1058 2894 1148 2961 litcm
1164 2895 1309 2978 aliquam
1325 2915 1383 2962 scu
1400 2917 1483 2964 ecn-

349 3003 543 3070 troncrsiam
560 3021 657 3086 super
681 3008 771 3068 terra
786 3001 855 3068 siue
873 3021 1066 3087 quacunque
1084 3021 1187 3070 causa
1204 3003 1271 3070 alia
1291 3011 1485 3090 acceptaret

351 3115 464 3177 centra
490 3109 639 3192 alteram,
665 3125 730 3171 non
754 3125 922 3174 recurrens
947 3109 991 3173 ad
1011 3108 1217 3178 fideiussores
1241 3109 1417 3195 predictos,
1447 3113 1485 3179 in

350 3215 588 3301 quinquaginta
613 3214 732 3280 marcis
749 3221 932 3280 remaneret
954 3237 1013 3302 pro
1029 3216 1121 3302 pacis
1142 3215 1253 3283 sedere
1278 3217 1400 3284 uiolato
1429 3239 1486 3286 se·

352 3321 492 3393 cundum
516 3321 651 3387 uerbum
677 3319 905 3389 fideiussorum
931 3323 1161 3408 predictorum.
1191 3323 1286 3401 Quod
1311 3333 1346 3391 ut
1371 3331 1487 3394 ratum

354 3430 408 3513 sit,
425 3449 561 3516 presens
586 3430 742 3516 scriptum
758 3431 953 3498 contulimus
969 3431 1070 3516 sigilli
1087 3432 1190 3500 nostri
1212 3432 1322 3500 federe
1338 3453 1483 3502 commu·

353 3540 465 3607 nitnm.
481 3539 586 3606 Panlo
597 3539 756 3606 existente
767 3545 877 3608 nostro
888 3541 1069 3627 Proposito,
1086 3543 1227 3609 Robertc
1238 3541 1390 3624 Camere,
1404 3543 1489 3609 Orn-

354 3648 421 3716 buti
430 3645 583 3732 Custode,
602 3647 774 3732 Eymerico
785 3649 929 3716 Decano.
943 3649 1038 3717 Anno
1049 3648 1181 3715 Domini
1197 3647 1491 3720 M000⁰x1rv1⁰.

351 3845 489 3911 (smnus
501 3865 519 3900 a
530 3847 619 3913 Bumy
632 3849 724 3906 esaltd
735 3847 930 3914 revertentem,
941 3851 1075 3906 maculata
1088 3869 1105 3904 a
1117 3854 1231 3920 Magyar
1243 3853 1313 3907 Tnd.
1325 3853 1493 3910 Akaunmia

724 3941 836 3994 nezirati
850 3941 1116 4010 pyiijtnmcnpcben.)
