3102 5160
882 892 960 962 141.

354 1081 385 1145 A
403 1079 520 1164 operosi
543 1075 755 1162 sciptolcmnoi·
781 1074 1052 1161 &sometimes-ele,
1078 1077 1160 1161 kopp
1179 1071 1295 1161 Gyreio
1314 1073 1406 1138 Deba
1423 1073 1489 1158 fia,

354 1185 585 1274 eqpszersmiod
603 1183 780 1247 reseco-mei
796 1183 998 1266 Mihederjnek
1022 1183 1269 1268 beleeppeze'seosl
1282 1183 1311 1246 is
1326 1180 1489 1244 Heneuch·

354 1295 409 1358 hen
435 1293 500 1357 le'ob'
523 1289 724 1355 re'szbz'rioirii
743 1288 774 1353 Τ
771 1289 931 1369 aniciensi,
965 1288 1089 1353 Venerei
1104 1290 1220 1374 firinals
1243 1288 1355 1374 eladja.
1382 1285 1486 1353 1246.

462 1485 632 1552 Vniuersis
648 1482 771 1551 Christi
797 1483 956 1567 fidelibus,
974 1482 1018 1550 sd
1037 1503 1119 1568 quos
1143 1491 1314 1570 presentes
1329 1501 1491 1570 peruene-

355 1597 430 1679 rint,
447 1591 621 1660 Nitriensis
637 1591 784 1658 Iioelesie
800 1590 989 1678 Capitulum
1014 1593 1186 1661 oraciones
1210 1593 1245 1660 in
1260 1592 1411 1660 Domino.
1436 1593 1490 1659 Si·

356 1704 547 1788 gnifieamus
572 1707 639 1768 tam
667 1699 830 1766 modernis
857 1719 955 1783 quam
972 1699 1099 1785 suturis,
1124 1700 1212 1786 quod
1227 1702 1371 1770 Thomas
1396 1700 1490 1768 iilius

355 1810 551 1892 Weneeslai,
577 1827 649 1874 eum
667 1807 792 1891 Gyreie
807 1805 875 1874 fiiio
892 1808 989 1875 Dobs
1004 1808 1246 1893 consanguineo
1270 1807 1387 1878 enode
1402 1809 1491 1875 uilis

356 1919 511 1987 iiolonan
539 1915 720 1982 comitatus
736 1915 921 1982 Borsiensis
945 1915 979 1982 in
995 1921 1109 1982 nostra
1133 1915 1305 2003 presencia
1330 1917 1492 1986 eonstitu-

356 2034 418 2112 tus,
447 2031 548 2092 toiam
563 2028 688 2108 partem
713 2043 806 2089 suam
823 2022 865 2089 de
889 2029 976 2090 terre
991 2023 1146 2092 Heneneh
1171 2031 1390 2112 nuncupatam
1410 2045 1492 2092 eum

356 2151 516 2200 consensu
542 2129 652 2197 fratris
677 2131 728 2196 sui
744 2129 908 2216 Mihedey,
934 2131 988 2215 qui
1009 2151 1146 2218 presens
1168 2153 1235 2200 non
1256 2139 1337 2220 erat,
1361 2134 1421 2202 sed
1452 2143 1493 2202 nt

357 2241 442 2306 idom
458 2240 603 2306 Thomas
628 2237 824 2324 affirmabat,
851 2238 914 2324 ipsi
931 2239 1057 2324 Gyreto
1072 2261 1131 2327 pro
1156 2239 1260 2308 tribus
1285 2241 1406 2309 mareis
1430 2263 1489 2310 ar·
1528 2238 1534 2250 '

356 2347 445 2434 genti
462 2347 656 2430 staminia,
683 2367 766 2432 quas
782 2345 888 2413 dietus
904 2347 1047 2416 'ihomas
1063 2347 1147 2415 dixit
1165 2348 1209 2415 ab
1226 2348 1341 2416 eodem
1358 2351 1493 2434 Gyreta

357 2455 503 2542 plenarie
524 2475 560 2523 se
585 2455 759 2542 recepisse,
788 2454 937 2522 uendidit
962 2455 1031 2523 iure
1055 2463 1213 2544 perpetuo
1240 2457 1491 2544 possidendam.

356 2565 424 2631 Nos
441 2563 540 2647 igitur
555 2562 597 2628 rie
613 2583 772 2631 consensu
796 2563 899 2649 ipsius
915 2562 1077 2650 Mihedey,
1097 2571 1131 2631 et
1146 2565 1188 2632 de
1207 2564 1273 2632 situ
1298 2573 1382 2633 terre
1407 2587 1489 2634 uen-

356 2673 423 2738 dite
439 2671 614 2740 eeroiorari
640 2672 798 2754 uolentes,
825 2671 869 2736 sd
884 2671 1006 2738 dietam
1022 2680 1142 2740 terrem
1160 2671 1321 2742 hominem
1337 2681 1492 2744 nostrum

357 2780 606 2862 tmnsmisimus,
624 2779 676 2862 qui
688 2777 818 2846 rediens
829 2801 888 2846 nos
904 2779 1105 2865 certificenit,
1122 2779 1389 2865 qnodMihedens
1410 2805 1493 2851 uen-

357 2887 476 2954 dieioni
503 2886 704 2954 consenserit
719 2892 906 2971 memorate,
933 2886 1075 2973 eoquod
1094 2887 1166 2973 ipse
1181 2887 1341 2975 prefatam
1362 2899 1494 2960 terram

357 2995 484 3062 emendi
501 3016 566 3061 non
583 2995 732 3062 habuerit
747 2995 955 3081 iaeultatem3
973 2994 1014 3062 de
1029 2995 1093 3062 situ
1111 2995 1214 3063 seiam
1232 2997 1378 3064 eiusdem
1395 3005 1495 3067 terre

357 3103 443 3170 idem
459 3105 556 3169 homo
573 3109 684 3171 noster
699 3103 793 3188 dixit,
810 3105 896 3188 quod
913 3104 1000 3171 iaeet
1015 3105 1154 3190 apiago
1170 3105 1319 3173 orientali
1336 3125 1378 3172 ex
1394 3114 1494 3176 ntra-

359 3229 422 3294 que
448 3217 540 3294 porte
566 3209 657 3295 flunij
683 3211 1236 3295 Syivnnominati.1neuiusrei
1263 3214 1495 3284 testimonium

357 3319 482 3385 litteras
508 3325 678 3403 presentes
694 3318 793 3404 sigilii
818 3320 921 3387 nostri
939 3319 1114 3388 munimine
1134 3321 1331 3390 confecimus
1347 3325 1492 3394 robora-

357 3435 417 3493 tas.
434 3425 528 3492 Anno
545 3425 656 3510 graeie
672 3427 716 3491 M⁰
727 3424 879 3494 GC⁰XL⁰¹
896 3433 1001 3495 sexto.
1026 3449 1029 3456 ¹

661 3611 691 3672 Α
904 3606 931 3670 Β
1148 3606 1173 3672 G

354 3785 491 3848 (liredeiie
514 3783 679 3851 biiriririysin
702 3804 719 3837 o
741 3784 926 3850 irriptolnmrak
950 3783 1122 3853 soriis-sirpe
1143 3787 1372 3854 soiyrmnsinoron
1396 3791 1497 3860 iiiggii

546 3875 663 3942 peese'ijo
678 3878 754 3941 alsit,
769 3894 784 3928 a
798 3879 879 3930 budrii
893 3879 943 3929 kir.
958 3879 1078 3930 kamerei
1093 3875 1282 3944 lovoitsrbsn.)
