3112 5148
869 877 945 950 les,

344 1051 364 1126 I
371 1060 403 1128 V.
416 1062 494 1128 Bata
510 1061 675 1148 tafratlpnal·
700 1063 878 1147 udemdopu
895 1087 914 1126 a
926 1061 1124 1148 premant-net·
1145 1064 1330 1148 opdlszr'peti
1344 1085 1386 1127 ez.
1405 1063 1475 1127 Ms-

612 1171 686 1254 lru‘lp
704 1175 906 1256 prepostedpa
922 1176 1077 1236 sectandum.
1104 1170 1200 1234 1245.

450 1367 531 1433 Bela
558 1365 621 1434 Dei
645 1367 759 1450 gracia
775 1365 952 1451 Hungaric,
976 1367 1152 1452 Dalmaeie‚
1183 1364 1329 1450 Groneia,
1358 1369 1474 1449 Rame,

341 1473 469 1558 Seruis,
487 1473 636 1557 Gallicis,
649 1472 851 1557 Lodomerie,
870 1475 1169 1556 carmaniequersex
1187 1475 1337 1542 omnibus
1350 1475 1478 1542 Christi

344 1581 495 1650 fidelibus
522 1591 587 1648 tam
605 1582 810 1668 presentibus
836 1602 933 1666 quam
959 1582 1076 1648 futuris
1101 1583 1240 1649 salntem
1267 1583 1300 1648 in
1328 1581 1477 1648 omnium

343 1691 523 1758 Salnatore.
547 1688 812 1758 Cornmendanda
827 1691 953 1774 Regum
980 1689 1134 1758 nobilitas
1151 1701 1272 1774 quanto
1293 1689 1476 1769 sublimior,

344 1807 435 1868 tanto
455 1798 553 1865 debet
577 1819 649 1866 csse
666 1798 901 1885 prouidencior,
929 1807 964 1866 ut
981 1819 1044 1864 non
1063 1799 1167 1866 solum
1188 1819 1240 1864 res
1264 1799 1477 1884 temporales,

346 1927 457 1974 uerum
475 1908 579 1976 eciam
595 1907 782 1994 spirituales
799 1915 897 1974 canta
913 1913 1091 1990 eognoscat
1107 1907 1282 1992 disponere
1302 1905 1477 1993 prouiden-

345 2015 418 2099 eia,
445 2023 476 2082 et
501 2014 726 2102 propensionis
753 2014 860 2081 studio
888 2015 1008 2082 Diuino
1035 2015 1135 2082 cultui
1161 2013 1278 2082 debeat
1304 2013 1477 2086 adherere.

347 2123 488 2190 Proinde
504 2123 548 2190 ad
565 2123 788 2189 uniuersorum
804 2123 956 2190 noticiam
974 2131 1085 2192 terrore
1102 2123 1306 2209 presencium
1323 2125 1478 2192 uolumus

348 2231 525 2317 peruenire,
545 2229 631 2313 quod
648 2250 722 2296 curn
738 2229 847 2298 dilecti
865 2232 959 2298 nobis
974 2232 1090 2298 iratres
1107 2235 1182 2298 lsou
1198 2233 1292 2298 Prior
1308 2241 1339 2299 et
1353 2232 1478 2298 fratres

349 2337 481 2406 Ordinis
492 2339 840 2406 Premonstratensinm
858 2340 897 2406 de
908 2341 1106 2408 llonasterio
1122 2341 1233 2406 Sancti
1252 2339 1420 2408 Michaelis
1440 2344 1478 2410 in

347 2449 459 2516 insula
474 2447 634 2533 Leporem
651 2446 810 2513 desectum
827 2447 1054 2532 temporalium
1080 2469 1142 2515 non
1161 2447 1321 2514 rnodieum
1338 2450 1479 2517 sustine-

348 2561 430 2638 rent,
448 2563 481 2622 et
497 2553 758 2620 conuersaeionis
774 2553 918 2640 ipsorum
938 2554 1053 2637 religio
1070 2576 1108 2621 ae
1124 2556 1190 2622 urite
1211 2556 1375 2642 sanctitas,
1405 2559 1480 2638 qni-

348 2667 408 2732 bus
432 2683 468 2730 se
484 2665 554 2730 Deo
571 2667 603 2726 et
618 2661 767 2728 omnibus
786 2661 1061 2729 commendabiles
1079 2663 1246 2746 radebant,
1272 2665 1481 2746 requirerent

349 2769 572 2856 excondigno,
590 2777 744 2836 uteorum
757 2771 866 2855 inopie
878 2770 1050 2836 salubriter
1062 2780 1285 2855 succurretur3
1304 2793 1362 2839 nos
1373 2773 1480 2856 igitur

349 2881 390 2946 eb
407 2877 628 2946 reuereneianr
646 2877 776 2943 Ordinis
803 2885 834 2942 et
850 2878 1062 2945 dileeeiorrenr
1084 2879 1219 2945 fratrum
1246 2878 1412 2964 dictorum,
1445 2893 1483 2949 et

350 2989 504 3074 precipue
521 3009 578 3075 pro
607 2987 712 3054 salute
729 2988 836 3053 anime
856 2989 907 3074 pie
923 2989 1077 3054 nrernorie
1094 2989 1267 3054 karissime
1294 2989 1405 3056 matris
1426 3011 1488 3056 no·

352 3105 427 3178 stre,
458 3115 529 3160 cum
547 3095 591 3162 ad
609 3094 801 3176 obsequium
819 3097 988 3162 Altissinro
1006 3094 1200 3162 eriberulum
1221 3096 1487 3164 necessariorum

354 3203 420 3270 ulte
438 3202 583 3268 subsidio
600 3201 791 3288 indigerent,
820 3202 997 3289 predictam
1013 3203 1157 3270 Insulam
1174 3205 1333 3289 Luporum
1357 3205 1401 3272 ad
1416 3207 1487 3274 Re-

353 3310 440 3394 giam
458 3309 664 3376 Maiestatem
691 3311 915 3395 pertinentem,
932 3311 965 3376 in
980 3317 1058 3394 toto,
1076 3331 1147 3378 curn
1165 3310 1313 3378 omnibus
1336 3312 1489 3380 utilitati·

352 3418 410 3483 bns
427 3424 460 3482 et
485 3417 694 3502 pertineneijs
712 3417 790 3500 suis,
819 3418 851 3482 in
869 3417 1105 3502 suplementum
1131 3417 1297 3504 prebende
1321 3418 1489 3488 dictorum

351 3525 487 3592 fratrum
504 3525 536 3591 in
564 3534 739 3592 nremorato
757 3525 952 3592 blcnasterio
969 3526 1079 3591 saneti
1095 3526 1265 3593 Michaelis
1283 3525 1488 3609 degeneirnn

351 3633 534 3719 legauirnus
553 3641 584 3700 et
599 3632 794 3700 tradidinnrs
814 3672 850 3680 -
872 3671 913 3680 -
932 3641 1086 3718 perpetuo
1104 3632 1352 3720 possidendam,
1379 3657 1488 3718 quam

351 3745 490 3810 insulam
514 3753 547 3810 et
571 3743 730 3809 utilitates
757 3743 825 3807 eius
853 3741 1010 3827 sepedicti
1036 3743 1154 3808 fratres
1174 3742 1305 3809 Ordinis
1329 3743 1489 3813 Premen-

351 3851 521 3918 stratensis
539 3851 579 3916 de
596 3849 709 3934 groela
734 3850 976 3935 progenitorum
994 3857 1174 3916 nostrornm
1196 3850 1409 3935 possidebant
1438 3855 1490 3920 ab

352 3961 498 4044 antiquo.
527 3959 685 4024 Dedimus
702 3958 804 4024 eciam
822 3957 967 4044 predicte
984 3959 1130 4026 Ecclesia
1151 3959 1183 4022 in
1201 3959 1281 4025 uilla
1297 3958 1489 4028 l‘auandrrk

352 4089 449 4136 unum
478 4066 696 4134 molendinum
722 4066 764 4131 ad
781 4067 915 4151 Regiam
942 4087 1073 4131 manum
1103 4066 1285 4153 pertinens,
1315 4067 1402 4149 quod
1431 4079 1491 4136 cst

351 4177 444 4242 iuxta
470 4177 687 4242 molendinum
715 4174 862 4241 Ecclesia
888 4173 929 4240 dc
946 4173 1037 4258 Piljs.
1065 4175 1145 4240 item
1166 4173 1313 4240 dedimus
1339 4175 1371 4239 in
1398 4175 1492 4244 uilla

355 4285 481 4350 Parden
497 4293 617 4350 terrant
634 4283 677 4350 ad
695 4283 758 4350 dno
774 4288 885 4349 aratra
903 4302 974 4348 curn
1001 4281 1108 4348 lenate
1126 4279 1167 4346 ad
1185 4277 1406 4364 quadraginta
1422 4283 1494 4350 fal-

308 4469 311 4476 ,
352 4401 461 4458 eastra
472 4391 565 4457 metis
577 4391 720 4473 antiquis
737 4396 769 4454 et
784 4391 915 4457 fossatis
926 4387 1168 4477 circumdatam,
1180 4407 1241 4471 que
1254 4395 1342 4455 terra
1352 4407 1373 4453 a
1383 4399 1492 4475 parte

354 4501 503 4571 orientali
528 4500 780 4565 conterminatnr
805 4505 888 4563 terre
906 4497 1142 4563 Cr·neiferorum
1162 4497 1202 4562 ele
1220 4495 1343 4563 Calidis
1364 4499 1494 4586 Aquis,

355 4613 478 4694 aparte
490 4602 627 4690 (autern)
640 4604 843 4670 meridionali
863 4613 948 4673 terre
959 4604 1195 4672 canonicorum
1207 4603 1354 4671 Ecclesia
1365 4607 1494 4678 Sancti
