3148 5156
601 313 758 416 „432

225 518 296 584 Nos
311 515 394 582 Beda
403 513 467 582 Dei
482 512 774 600 graaiaHungarie
790 511 853 579 stb.
870 505 1084 598 (kevetkeaik
1094 511 1149 576 IV.
1160 509 1243 579 Bela

124 625 302 711 kirtlynak
318 621 453 692 luae-ki
468 621 643 708 okmdn5a‚
660 621 741 688 mint
756 619 888 687 ientebb
905 619 982 689 303.
999 637 1044 684 sa.
1065 616 1111 708 a.)

227 732 333 820 Igitur
347 729 512 820 prediatus
523 730 639 800 Comes
649 729 770 797 Paulus
786 727 820 795 in
836 733 953 796 eataua
964 725 1154 816 supradieta
1169 747 1242 796 eum

124 841 296 912 antedictis
319 839 445 910 dnobus
470 839 547 924 tilijs
572 839 640 908 suis
657 838 787 922 iurauit,
813 843 849 902 vt
864 836 1015 922 debebat,
1037 836 1240 925 presentibus

124 951 196 1038 filij·
212 950 389 1037 Pangraeij
404 948 612 1036 supradietis,
629 955 662 1015 et
676 955 793 1035 postea
802 945 944 1016 seeundo
960 946 1013 1014 die
1028 967 1100 1014 aum
1111 948 1241 1034 pretato

123 1059 251 1127 homine
266 1059 379 1125 Vestro
395 1062 428 1124 et
442 1065 564 1141 nostre,
590 1055 716 1124 scilieet
730 1054 916 1124 Andronieo
932 1053 1074 1122 Custode
1094 1055 1242 1124 Eeelesie

125 1175 231 1237 nosne
246 1167 316 1234 viro
332 1165 507 1251 fidedigne‚
532 1164 679 1254 predicte
693 1171 804 1252 partes
819 1165 864 1233 ad
879 1163 997 1233 faeiem
1017 1165 1125 1252 sepius
1141 1167 1241 1234 nomi-

124 1281 272 1344 natarum
287 1281 464 1343 termarum
480 1274 672 1342 aecedentes
691 1275 969 1342 eteireumeuntes
985 1273 1029 1339 ad
1045 1293 1103 1341 nos
1119 1274 1242 1342 reuersi

124 1385 283 1472 dixerunt,
308 1383 393 1469 qued
409 1391 495 1452 mete
510 1389 544 1451 et
559 1381 789 1451 distineaiones
814 1401 894 1468 sepe
909 1382 1067 1449 dietarum
1084 1391 1242 1451 terrarum

125 1496 185 1563 hoe
200 1491 313 1562 urdine
322 1491 558 1578 distinguntur:
571 1492 683 1558 Prima
698 1499 785 1559 meta
801 1491 915 1578 ineipit
930 1491 973 1558 ab
983 1491 1105 1560 oriente
1114 1491 1148 1558 in
1159 1494 1241 1576 loeo,

123 1604 178 1690 qui
194 1601 411 1687 Kysmezewd
436 1599 552 1668 dieitur
567 1600 660 1668 iuxta
684 1601 825 1668 riuulum
846 1601 974 1686 Derges
998 1607 1159 1684 voratum,
1185 1601 1242 1668 vbi

123 1721 174 1782 est
187 1721 295 1782 terrea
310 1717 415 1795 mata;
432 1708 550 1776 exinde
565 1709 657 1776 vadit
673 1709 794 1778 directe
804 1709 846 1776 ad
863 1707 1063 1777 oeeidentem
1082 1707 1242 1794 adquem·

123 1821 200 1888 dam
223 1823 364 1886 mentem
379 1817 592 1904 Felsytethey
605 1823 766 1903 voratum,
793 1817 847 1886 vbi
864 1817 1027 1904 quondam
1051 1816 1111 1884 init
1125 1817 1241 1901 vinea3

121 1929 261 2018 posthae
271 1928 384 1995 iterum
394 1925 437 1994 ad
446 1923 645 1994 oeeidentem
657 1925 777 1994 direete
786 1925 876 1992 veuit
885 1925 929 1992 ad
939 1926 1055 2012 loeum,
1062 1926 1115 2010 qui
1125 1949 1243 2014 swyer-

121 2041 225 2104 totom
239 2040 384 2119 tumtur,
399 2033 490 2102 iuxta
499 2053 648 2120 eampum
658 2031 827 2101 cuiusdam
838 2032 945 2119 vallis,
961 2053 1025 2119 que
1035 2034 1243 2120 Vlnoaowiey

123 2151 338 2231 nuncupatur,
364 2141 418 2210 vbi
433 2148 510 2210 sunt
532 2140 639 2226 lignea
664 2147 760 2228 mete,
785 2146 818 2207 et
832 2140 880 2207 ibi
894 2141 972 2208 illas
994 2141 1122 2227 ligneas
1138 2150 1243 2210 metas

122 2252 323 2340 proscriptus
340 2251 456 2320 Comes
471 2249 593 2318 Paulus
608 2269 722 2318 versus
738 2249 928 2335 aquilonem
942 2251 1027 2319 intra
1042 2257 1147 2319 terras
1164 2251 1244 2317 Tha-

121 2357 200 2446 legd
214 2363 247 2425 et
261 2359 406 2426 Zaboleh
430 2355 646 2444 prediaterum
661 2356 800 2426 tiliorum
813 2358 997 2444 Pangraeij‚
1024 2358 1134 2426 dicens
1157 2359 1243 2426 idem

119 2469 238 2536 (tornes
262 2467 386 2534 Paulus
410 2485 467 2534 eas
483 2484 557 2533 esse
572 2463 685 2549 falsas,
712 2472 744 2532 et
759 2486 820 2553 per
841 2464 1051 2552 semetipsum
1078 2466 1242 2552 quondam

121 2597 180 2644 aas
195 2597 269 2644 esse
293 2575 417 2659 iaetas3
443 2581 477 2642 et
497 2573 616 2642 exinde
640 2593 700 2662 per
724 2572 904 2661 predietam
929 2573 1050 2642 vallem
1076 2576 1241 2644 Vinonoun

118 2687 244 2754 duecte
268 2683 418 2754 similiter
448 2685 492 2752 ad
516 2681 716 2752 accidentem
739 2682 833 2750 uadit
857 2681 944 2750 iufra
969 2703 1073 2768 usque
1104 2683 1241 2752 riuulum

123 2794 242 2881 Kegek
266 2801 428 2878 venatum,
454 2801 487 2860 et
510 2797 627 2880 postea
651 2811 710 2880 per
734 2790 874 2858 rinnlnm
897 2791 1013 2876 Kegelr
1039 2789 1182 2859 declinat
1199 2794 1243 2860 ad

122 2902 321 2989 aquilonem,
348 2907 380 2968 et
394 2899 483 2969 venit
498 2899 541 2966 ad
556 2900 648 2968 illum
665 2902 781 2986 lenum,
807 2900 862 2968 vbi
875 2897 1015 2986 quedam
1039 2901 1174 2986 antiqua
1189 2901 1244 2970 via

119 3011 211 3078 uadit
225 3009 261 3076 in
276 3007 404 3094 Kegek,
429 3016 461 3076 et
476 3007 552 3076 inde
568 3007 635 3076 exit
650 3006 693 3075 ad
718 3028 869 3096 eampum
884 3007 1060 3076 Zairadath
1083 3017 1242 3096 voeotum,

118 3127 154 3188 et
166 3117 237 3187 illie
251 3115 286 3185 in
303 3117 411 3205 eapite
425 3117 515 3184 illius
531 3114 639 3202 aampi
654 3124 730 3185 sunt
744 3117 852 3204 lignee
867 3123 963 3203 mete,
988 3125 1020 3186 et
1035 3124 1142 3186 terrea
1156 3125 1244 3188 meta

119 3247 220 3315 super
236 3226 409 3296 arboribus
421 3225 521 3312 ilieijs
537 3231 570 3293 et
584 3225 755 3314 populatu
772 3235 806 3294 et
821 3233 937 3313 postea
946 3246 1006 3314 per
1022 3227 1161 3295 medium
1176 3249 1243 3318 pre·

119 3335 318 3422 dietieampi
327 3332 503 3402 Zakadath
518 3333 668 3402 similiter
685 3334 922 3420 adaquilonem
934 3333 1023 3402 venit
1038 3333 1082 3402 ad
1092 3355 1243 3422 magnam

116 3445 210 3512 viam
226 3449 449 3512 transeuntem
464 3442 508 3510 ad
522 3449 633 3531 partes
648 3443 915 3529 Transsiluanas,
940 3465 1004 3530 que
1020 3451 1070 3514 est
1087 3445 1121 3513 in
1136 3447 1243 3516 medio

116 3553 198 3621 ville
213 3554 310 3622 Jenw
326 3557 358 3619 et
375 3551 530 3637 Zabeleh,
555 3551 611 3619 vbi
626 3553 719 3620 iuxta
736 3553 844 3640 ipsam
868 3573 1022 3640 magnam
1037 3553 1126 3622 viam
1141 3561 1175 3622 et
1189 3575 1242 3624 ar-

118 3653 219 3731 bore's
235 3660 350 3728 iliceas
366 3659 471 3727 seeuri
481 3663 640 3729 mactatas
658 3663 691 3729 in
711 3662 839 3747 signum
858 3669 943 3730 mete
959 3670 1009 3730 est
1017 3669 1123 3730 terrea
1137 3668 1241 3749 meta;

115 3777 150 3840 et
165 3769 297 3856 exinde,
314 3768 399 3837 sieut
413 3767 617 3837 direeteexit
634 3769 675 3837 de
690 3770 794 3857 syluis
804 3769 848 3839 ad
863 3771 1043 3858 predictam
1061 3773 1148 3840 viam
1160 3772 1243 3838 inter

114 3883 317 3949 memoratas
327 3877 425 3947 villas
440 3883 672 3965 transeuntem,
692 3879 806 3949 eodem
816 3879 911 3948 modo
921 3879 1026 3948 tendit
1036 3899 1146 3948 versus
1156 3878 1243 3964 aqui·

114 3989 225 4058 ionem
241 3987 286 4056 ad
301 3986 466 4072 quandam
489 3989 610 4055 vallem
619 3991 806 4075 juneosam,
830 4009 893 4075 que
907 3991 1074 4077 rasweotqy
1097 3994 1240 4064 venatur,

114 4097 172 4164 vbi
188 4105 240 4167 est
255 4103 363 4164 terrea
377 4103 482 4184 meta3
500 4097 606 4164 adhue
622 4117 681 4184 per
697 4096 834 4166 eandem
850 4097 970 4165 vallem
988 4095 1079 4165 vadit
1093 4096 1137 4164 ad
1155 4095 1243 4182 aqui-

115 4205 226 4274 lonem
246 4203 291 4274 ad
315 4205 481 4290 quandam
505 4223 634 4291 aquam
660 4225 723 4290 que
741 4203 1005 4294 Koppankwnek
1028 4209 1242 4292 nuncupatur,

119 4323 153 4382 et
177 4313 297 4382 exinde
321 4312 436 4380 eodem
465 4311 561 4381 modo
583 4333 699 4383 uersus
730 4315 915 4402 aquilonem
945 4311 1063 4380 transit
1092 4331 1242 4399 eampum

120 4421 332 4509 Sumuaigeth
350 4427 510 4511 voratum,
536 4429 569 4490 et
582 4424 672 4492 venit
694 4423 786 4491 iuxta
808 4423 927 4491 flumen
943 4420 1047 4508 crysij
1068 4421 1111 4488 ad
1125 4421 1241 4508 tonum,

106 4531 180 4613 ‚qui
195 4529 402 4618 Lopmurlaz
417 4536 563 4617 venatur,
588 4531 643 4598 vbi
671 4531 836 4619 prediatus
861 4549 995 4618 campus
1014 4530 1244 4617 Sumuzigethe

122 4657 183 4723 per
206 4638 561 4728 appropinguaeienem
587 4638 694 4728 Crysij
721 4646 754 4708 et
768 4637 1028 4727 Kappankwnek
1052 4639 1149 4706 valde
1170 4659 1243 4709 aon-
