3148 5156
857 233 1004 348 joa*

371 453 404 512 et
420 436 457 512 i.
482 443 682 532 prefatorum
699 447 868 529 presentes
883 437 1103 508 concessimus
1125 437 1252 504 litterae
1269 423 1373 521 sigilli
1396 429 1515 502 nostri

370 554 548 621 munimine
563 552 745 620 roboratas.
762 551 884 617 Datum
902 569 960 635 per
975 567 1091 614 manus
1107 543 1257 631 Magistri
1273 543 1368 630 Syrti
1388 545 1515 611 Lecto·

369 661 416 729 ris
440 659 588 726 Ecclesie
612 663 723 728 nostre
750 677 835 726 anno
862 655 1031 723 Dominice
1056 653 1303 722 lucarnacionis
1328 649 1514 718 M⁰cc⁰L⁰

368 771 492 857 quinto,
509 788 595 836 nouo
610 767 771 836 kalendas
791 765 950 834 Octobris.

627 947 657 1014 A
820 945 847 1012 B
1008 941 1034 1009 O
1197 942 1227 1006 D

369 1127 508 1194 (Eredetic
518 1122 693 1195 blirlutrtydm
708 1142 726 1178 a
738 1122 884 1180 virts-kdlr
894 1119 1123 1192 selyemasindron
1135 1119 1245 1188 fdggdtt
1253 1120 1347 1188 pocsdt
1357 1119 1512 1180 clrcszctt,

676 1216 787 1269 abudai
801 1216 851 1266 hir.
866 1213 991 1267 kamarai
1003 1208 1193 1278 levdltdrban.)

800 1499 1059 1510 *auu-.-

895 1944 973 2013 286.

369 2131 419 2194 As
434 2129 618 2214 eaempami
631 2123 846 2211 lepratanoat
856 2124 1124 2210 biaoopsdpleoete,
1139 2125 1221 2210 kopp
1236 2126 1426 2211 apparaack
1438 2127 1510 2193 Ru-

367 2259 426 2322 pac
442 2233 595 2302 comesset
604 2233 719 2300 Saroni
733 2232 934 2298 dirtolrolraclc
949 2253 1006 2318 epp
1021 2229 1123 2298 moal
1136 2237 1232 2296 resset
1247 2233 1380 2300 elodtdk.
1399 2234 1509 2299 1255.

622 2413 657 2476 ‘A
818 2407 1225 2492 non

474 2590 648 2677 Philippus
664 2589 866 2676 Propositus,
882 2593 916 2655 et
931 2587 1117 2674 Capitulum
1133 2587 1281 2656 Ecclesie
1296 2587 1509 2673 Strigonien-

367 2699 415 2768 sis
440 2698 590 2766 omnibus
606 2695 726 2764 Christi
751 2695 902 2763 fidelibus
926 2695 1128 2782 presencium
1153 2695 1307 2764 noticiam
1332 2695 1508 2764 habituris

367 2807 508 2874 salutem
532 2805 567 2872 in
589 2803 729 2872 Domino
750 2805 828 2871 Jesu
846 2803 985 2871 Christo.
1012 2804 1063 2871 Ad
1088 2803 1313 2873 uniuersorum
1336 2802 1507 2872 noticiam

366 2915 481 2980 harum
498 2913 584 2980 serie
593 2912 740 2980 volumus
758 2915 937 2999 peruenire,
954 2911 1041 2997 quod
1052 2914 1147 2998 (luge
1162 2913 1229 2981 filio
1241 2911 1329 2980 Petri
1344 2911 1388 2979 dc
1405 2913 1506 2978 willa

367 3019 481 3104 Balau,
500 3018 699 3088 ctLadizlao
716 3019 783 3087 lilio
800 3019 937 3088 Adriani
951 3021 1053 3088 fratre
1069 3041 1128 3090 suo
1145 3022 1188 3088 ab
1199 3041 1264 3088 una
1279 3027 1373 3106 parte
1387 3042 1396 3103 ;
1419 3019 1505 3086 item

367 3127 492 3196 (tomite
505 3130 618 3215 Rugas
644 3128 685 3196 de
700 3128 790 3196 willa
806 3129 896 3212 Saag
912 3127 1059 3215 proximo
1075 3129 1250 3196 eorundem
1275 3132 1371 3215 parte
1388 3146 1436 3194 ex
1454 3129 1507 3195 al-

366 3243 439 3302 tera
453 3257 563 3305 coram
579 3235 673 3304 nobis
699 3235 915 3322 personaliter
938 3237 1133 3322 constitutis,
1160 3237 1360 3324 propositum
1389 3241 1507 3306 extitit

367 3351 400 3409 ct
415 3343 553 3411 relatum
579 3362 638 3429 per
656 3341 787 3410 eosdem
807 3345 901 3427 Gugo
928 3351 961 3412 et
975 3343 1168 3411 Ladialaum
1183 3345 1218 3410 iu
1242 3345 1326 3412 huno
1350 3344 1505 3431 modum,

367 3449 454 3536 quod
477 3447 624 3515 deterre
647 3450 802 3536 ipsorum,
832 3469 931 3532 quam
957 3452 1082 3519 habent
1108 3452 1142 3518 in
1157 3453 1260 3519 Sarov
1285 3450 1328 3517 ad
1352 3459 1507 3534 quatuor

367 3563 479 3624 aratra
502 3555 726 3641 sufficientem,
753 3557 906 3624 videlicet
931 3558 1119 3645 incipiendo
1136 3577 1157 3624 a
1172 3560 1255 3640 loco,
1281 3559 1335 3626 vbi
1358 3558 1507 3627 fluuium

366 3665 476 3733 (toron
486 3671 606 3732 suatur
621 3684 695 3732 cum
710 3685 817 3752 ryppa
829 3653 963 3753 Compa,
980 3685 1095 3735 versus
1114 3667 1248 3754 plagam
1257 3667 1506 3736 occidentalem

365 3774 579 3859 adiacentem,
606 3781 639 3842 et
653 3773 730 3840 iude
755 3775 954 3842 transeundo
970 3775 1102 3843 flumicn
1120 3775 1207 3864 (lgy)
1225 3777 1334 3844 Gorou
1358 3775 1406 3842 ad
1425 3798 1506 3863 par·

365 3889 430 3950 tem
447 3883 597 3951 similiter
608 3883 786 3951 occidentis
796 3903 899 3969 usque
914 3883 1054 3951 riuulum
1070 3884 1200 3970 Nogsar
1217 3890 1365 3951 vocatum
1376 3884 1506 3971 sitam3

365 3989 603 4076 uniusquidem
628 3998 714 4059 terre
730 4002 858 4079 aparte
884 3991 1126 4080 septemtrionis
1141 3992 1227 4059 iacet
1251 3989 1387 4059 residua
1408 3999 1508 4062 terra

365 4099 539 4167 eorundem
555 4097 651 4184 Gugc
675 4105 709 4166 et
723 4099 882 4184 Ladizlai‚
908 4119 982 4166 cum
1006 4098 1115 4168 ieneto
1140 4105 1173 4166 et
1196 4097 1383 4166 nemoribus
1409 4100 1506 4170 iuter

364 4205 490 4295 Campa
505 4217 538 4276 ct
554 4205 665 4276 Goron
688 4207 873 4276 fluminibus
899 4207 941 4274 ad
958 4207 1163 4275 latitudinem
1189 4207 1276 4274 dicte
1300 4207 1506 4291 quantitatis

364 4323 450 4383 terre
465 4315 704 4404 adiacentibus,
721 4335 780 4403 pro
796 4313 967 4383 duodecim
984 4317 1103 4384 marcis
1114 4317 1240 4402 argenti
1257 4315 1353 4401 plene
1369 4316 1506 4386 habitis

363 4423 509 4508 predicto
525 4415 643 4492 Oomiti
659 4426 780 4512 Rugas,
807 4430 841 4492 ct
855 4445 913 4511 per
929 4443 1002 4492 eum
1023 4424 1092 4492 suis
1116 4423 1301 4509 herodibus,
1320 4423 1505 4494 heredum·

364 4548 428 4616 que
444 4549 575 4598 suorum
591 4532 842 4620 successoribus,
858 4539 1015 4620 perpetuo
1033 4529 1333 4600 etirreuocabillter
1349 4533 1506 4602 confessi
