3112 5148
620 876 692 942 135.

224 1061 361 1124 Almiaaa
379 1065 409 1122 e's
426 1059 557 1144 Raprraa
574 1057 705 1123 adroser-
719 1058 800 1122 iden
813 1053 967 1121 det-eidem.
995 1057 1089 1120 1245.

17 1317 18 1326 ¹
202 1241 296 1304 Anne
313 1237 484 1306 Dominiee
501 1235 738 1303 Inearnatinnis
759 1237 803 1302 M⁰
816 1232 882 1300 00⁰
893 1233 1033 1300 XXXX⁰
1044 1235 1094 1300 V⁰.
1116 1232 1218 1298 Indic-

103 1350 182 1414 tione
207 1347 309 1412 tereia
334 1365 445 1411 mense
466 1345 571 1410 Martii
598 1345 710 1428 quinto
736 1341 790 1409 die
816 1345 965 1412 intrante.
994 1344 1063 1426 Ego
1089 1342 1219 1426 quidem

101 1455 252 1524 Nicolaus
278 1455 364 1520 filius
381 1453 560 1520 Ohndimiri
577 1452 695 1520 Comes
712 1451 840 1518 Almisii
865 1453 1058 1540 perbonam
1075 1451 1219 1518 volunta·

17 1553 18 1600 ³
99 1575 157 1639 iem
172 1583 290 1644 meam,
320 1569 351 1628 et
367 1583 425 1652 per
442 1563 640 1630 veluntatem
659 1581 771 1627 omnes
792 1569 942 1645 parentes
960 1561 1033 1646 mei,
1062 1567 1093 1624 et
1110 1560 1218 1624 volun-

17 1739 18 1744 ,
99 1679 175 1738 men
197 1679 265 1737 roto
277 1671 445 1736 Communi
457 1669 593 1756 Annisii,
608 1669 761 1736 videlieet
772 1668 888 1734 Cernes
900 1668 1109 1754 Prinisranus,
1127 1667 1218 1748 anr,

99 1779 200 1862 Jurra,
225 1777 338 1846 nanos
355 1779 440 1845 filius
458 1777 643 1860 Bogdanee,
665 1779 792 1860 Siomir,
821 1775 950 1842 Prodan
972 1775 1055 1842 filius
1072 1781 1218 1864 Dragan‚

17 1875 18 1878 ¹
99 1895 126 1952 et
146 1886 215 1968 elii,
242 1907 378 1970 qnorum
404 1885 535 1951 nomina
560 1885 695 1952 inferius
721 1887 889 1970 legentum
919 1885 1097 1951 inranimus
1123 1909 1220 1974 super

99 2003 212 2062 sancta
228 1995 292 2062 Dei
309 1995 493 2079 Evangelia
516 1995 680 2060 bonafide
696 1994 767 2060 sine
784 1993 898 2060 fraude
925 2003 957 2064 et
974 1996 1059 2062 malo
1077 1995 1219 2082 ingenie,

17 2095 18 2120 ³
99 2115 201 2172 tenere
227 2113 259 2172 et
286 2105 460 2171 observare
477 2105 600 2171 firmam
629 2124 742 2190 paeem
764 2124 836 2170 eum
863 2105 1011 2172 omnibus
1037 2104 1220 2172 hominibus

17 2229 18 2234 ¹
100 2211 250 2296 dagueii3
278 2221 310 2277 et
326 2209 476 2278 similiter
493 2229 604 2278 omnes
621 2208 778 2294 hemines²
807 2211 861 2293 qui
879 2216 954 2276 sunt
970 2212 1093 2278 subditi
1111 2214 1220 2278 Archi-

17 2357 18 2396 3
99 2320 307 2405 episcopatus
334 2319 404 2403 ejus
422 2337 524 2402 usque
550 2319 719 2384 inponam
744 2319 1002 2402 generacionem,
1028 2326 1060 2385 et
1076 2322 1131 2404 qui
1147 2328 1220 2387 sunt

99 2429 204 2495 subtus
217 2427 378 2494 Comitatu
396 2429 477 2510 ejus,
495 2427 615 2494 habere
626 2427 751 2494 firmam
762 2447 888 2513 pacem,
908 2435 939 2492 et
951 2427 1088 2510 salvare,
1107 2437 1138 2494 et
1156 2451 1220 2496 ma-

99 2543 248 2604 nutenere
265 2537 350 2621 illae,
371 2557 443 2604 eum
461 2537 610 2605 omnibus
628 2536 724 2602 rebus
742 2553 852 2602 eorum
865 2534 1048 2618 ubieunque
1066 2556 1122 2602 eos
1134 2537 1220 2602 inre-

101 2646 236 2714 niremus
252 2665 352 2732 super
370 2663 459 2712 mare
476 2651 532 2711 aut
548 2664 645 2732 super
661 2652 790 2710 terram.
809 2647 850 2710 Et
867 2645 1049 2728 ubieunque
1066 2645 1221 2712 invenire·

101 2775 165 2820 mus
182 2755 309 2841 lignum
334 2753 375 2818 de
392 2752 546 2837 Raguaio,
574 2754 702 2822 veniam
718 2753 759 2818 ad
778 2754 851 2818 illos
870 2774 941 2820 enm
959 2753 1064 2840 pupis,
1090 2759 1122 2820 et
1139 2755 1220 2820 aeci·

100 2880 172 2946 pere
188 2862 293 2928 abeis
319 2859 532 2944 quodeunque
549 2860 709 2928 voluerint
725 2861 772 2926 eis
789 2859 868 2926 dare
892 2881 951 2946 per
967 2861 1111 2928 strinam.
1137 2864 1177 2930 m
1194 2865 1221 2928 si

101 2967 229 3050 aliquod
254 2967 348 3035 home
366 2967 406 3034 de
423 2965 577 3034 dimissio
603 2967 717 3034 feeerit.
741 2967 917 3053 dampnum
942 2969 982 3034 ad
1004 2971 1145 3054 aliquem
1162 2974 1221 3036 Ra-

102 3095 242 3159 gnmnm,
270 3082 302 3141 et
328 3075 384 3140 ille
411 3077 536 3141 venerit
561 3073 603 3140 ad
621 3075 774 3142 Almisaio
799 3076 963 3160 querende
984 3078 1162 3162 justiciam,
1191 3087 1222 3144 et

100 3183 302 3252 dimissimus
317 3181 481 3268 ceciderit,
496 3203 607 3250 omnes
624 3181 812 3269 despensaS,
831 3205 913 3268 quas
924 3187 1095 3268 Raguseus
1111 3186 1222 3252 feeerit

101 3297 270 3378 componat
285 3292 314 3356 ei
328 3310 399 3356 eum
417 3297 482 3358 toto
494 3291 644 3378 dampno,
663 3298 695 3357 et
713 3291 797 3358 omni
810 3291 952 3378 dampno
964 3292 1060 3360 debet
1076 3295 1105 3358 ei
1117 3315 1218 3361 emen·

101 3400 176 3465 dare
192 3421 265 3466 eum
282 3419 412 3486 spemsa
429 3399 551 3467 demini
567 3401 658 3484 ligni.
686 3401 726 3464 m
746 3401 777 3466 in
795 3401 882 3467 omni
900 3401 989 3484 ligno
1010 3399 1050 3468 de
1067 3403 1220 3487 Ragusin,

102 3509 126 3573 si
143 3507 240 3575 fuerit
256 3515 430 3576 extraneus
447 3508 479 3573 in
496 3508 579 3592 ipso,
599 3516 634 3572 ut
650 3509 692 3574 aii
709 3509 819 3574 salvus
836 3509 918 3575 sieut
934 3510 1114 3591 Raguseus.
1135 3513 1176 3575 Et
1193 3513 1221 3576 si

101 3617 196 3683 inerit
212 3619 383 3700 Raguseus
400 3637 470 3682 cum
488 3617 664 3701 extraneis,
690 3624 724 3683 ut
741 3626 827 3684 esset
843 3617 954 3684 saluus
980 3639 1051 3684 eum
1072 3619 1221 3686 omnibns

101 3725 194 3790 rebus
211 3725 291 3791 suia.
310 3727 350 3791 Et
366 3725 392 3790 si
409 3724 551 3812 pirratna
567 3725 717 3792 habuerit
734 3735 849 3811 eaptus
865 3725 974 3809 alique
991 3727 1079 3810 ligno
1097 3727 1137 3793 de
1154 3727 1221 3792 suis

101 3832 257 3920 inimicis3
274 3839 380 3919 portet
396 3852 468 3900 eum
484 3835 524 3900 de
540 3833 629 3919 forie,
647 3839 679 3900 et
690 3854 754 3900 non
770 3843 846 3901 ante
859 3833 1012 3918 Ragusio.
1031 3833 1071 3900 m
1086 3834 1113 3900 si
1131 3835 1220 3917 ligno

98 3943 266 4008 extraneis
292 3944 418 4008 steterit
433 3943 465 4007 in
482 3942 565 4009 Zaro
592 3963 662 4009 eum
680 3949 791 4011 austro
808 3950 896 4010 esset
912 3943 1035 4009 saluus.
1062 3943 1144 4007 Etsi
1162 3951 1221 4009 ste·

99 4049 173 4114 terit
188 4050 223 4114 in
239 4049 384 4118 Malente
402 4069 473 4116 eum
491 4051 585 4116 boira
601 4057 687 4118 esset
702 4050 823 4118 saluus.
849 4052 890 4116 m
907 4048 1058 4114 similiter
1072 4049 1112 4115 de
1129 4055 1223 4136 porta

96 4160 211 4226 stanni
229 4175 333 4243 usque
349 4157 537 4240 Ragmium.
563 4159 604 4224 m
620 4159 649 4225 ai
674 4157 822 4224 dominus
848 4165 960 4224 noster
985 4158 1054 4224 Rex
1078 4157 1222 4244 Ungarie

95 4266 222 4332 venerit
238 4285 338 4352 super
353 4265 541 4351 Ragueium,
560 4273 592 4334 et
614 4266 708 4334 nobis
733 4267 916 4353 preceperit
941 4264 988 4331 ire
1009 4285 1115 4332 seeum
1127 4291 1135 4354 3
1163 4287 1222 4334 nos

94 4376 266 4442 veniamus
283 4394 356 4442 eum
373 4375 479 4442 minna
496 4397 551 4443 eoa
564 4397 623 4444 nos
641 4377 812 4461 possimus.
832 4379 873 4442 m
889 4376 916 4443 ei
927 4375 1070 4461 aliquam
1087 4377 1222 4462 predam

94 4482 239 4553 habuero
258 4482 299 4548 de
327 4483 472 4549 homines
489 4483 635 4568 Ragusii,
663 4491 697 4550 ut
713 4483 850 4551 debeam
866 4505 923 4550 eas
950 4485 1079 4551 salvare
1106 4493 1137 4551 et
1152 4486 1223 4551 red·

93 4591 170 4660 dere
186 4591 361 4662 Communi
379 4593 524 4674 Ragusii.
552 4591 593 4658 m
610 4614 670 4676 ego
687 4594 802 4660 Omnes
818 4592 975 4658 Nieolens
1001 4593 1085 4660 filius
1109 4591 1223 4670 Cirpdi·
