3122 5154
835 845 890 913 64.

304 1015 323 1076 l
327 1014 360 1078 V.
369 1011 450 1078 Belo
461 1011 633 1098 leirdlyualt
647 1009 799 1074 Turdam
810 1007 949 1074 birlolcdt
959 1011 1112 1096 tdrppaad
1120 1007 1300 1096 odomdrryo
1307 1010 1350 1074 M
1348 1010 1435 1076 fletos

583 1119 704 1205 pdrutiru'
712 1116 850 1207 fdicpdo
865 1121 1019 1181 szdmdru.
1045 1119 1142 1180 1240.

410 1297 492 1362 Bela
511 1295 572 1361 Dei
589 1295 702 1379 gracia
717 1293 895 1379 Hungarie,
919 1294 1100 1378 Dalmacie,
1117 1291 1285 1380 Obroaeie,
1311 1297 1433 1380 Reme,

301 1401 425 1488 Sernie,
443 1402 590 1487 Gallicis,
609 1402 802 1470 Lodomerie
813 1399 1033 1488 Cumanieqne
1050 1403 1119 1468 Rex
1140 1404 1288 1470 omnibus
1305 1403 1433 1471 Christi

300 1510 452 1578 fidelibus
468 1518 651 1594 presentem
668 1509 824 1597 paginam
841 1509 1038 1595 inspecturis
1055 1510 1244 1578 salutemet
1260 1531 1354 1579 ornnc
1372 1512 1432 1576 bo-

301 1639 388 1686 nnm.
419 1618 497 1683 Cum
523 1615 858 1701 incomprehensibilis
885 1617 1003 1682 Diuine
1029 1616 1259 1702 disposicionis
1285 1618 1429 1686 altitudo

301 1727 344 1793 ad
360 1727 422 1792 hoc
447 1724 592 1808 gladium
609 1724 753 1807 Regibus
779 1725 986 1810 concesserit,
1013 1730 1047 1790 ut
1065 1724 1331 1794 malefactoribus
1358 1729 1431 1793 nin-

301 1833 399 1917 dicta,
427 1834 498 1898 laus
516 1852 590 1898 uero
607 1833 701 1898 bonis
722 1832 810 1898 iusta
833 1853 890 1916 per
909 1853 982 1898 eum
1007 1831 1239 1900 distribucione
1257 1833 1430 1922 reddatur,

302 1941 419 2008 suadet
443 1939 532 2006 racio
559 1947 591 2005 et
606 1939 686 2004 iuris
703 1939 791 2023 rigor
811 1940 922 2025 exigit,
948 1947 982 2005 ut
998 1959 1058 2005 nec
1085 1939 1327 2006 malefactorum
1352 1963 1429 2026 per-

302 2049 442 2114 uersitas
458 2053 603 2112 transeat
619 2045 778 2130 inpunita,
798 2066 858 2112 nec
874 2047 957 2112 bene
973 2047 1079 2112 meriti
1096 2047 1164 2113 suis
1183 2047 1353 2132 stipendiis
1371 2047 1429 2115 de-

300 2153 498 2220 fraudentur.
523 2153 607 2218 Hinc
623 2159 682 2237 est,
710 2152 796 2236 quod
811 2153 854 2218 ad
879 2154 1032 2219 noticiam
1060 2153 1283 2221 uniuersorum
1308 2155 1428 2223 harum

299 2270 411 2329 tenore
427 2261 575 2327 nolumus
592 2260 772 2346 peruenire,
793 2258 879 2344 quod
896 2282 968 2326 cum
983 2262 1058 2328 Jula
1075 2263 1184 2329 Banus
1201 2262 1362 2346 qnondam
1382 2261 1428 2330 de

299 2389 420 2455 genere
436 2369 540 2454 Kean,
558 2388 617 2454 pro
635 2368 806 2434 manifesto
823 2368 1025 2436 infidelitatis
1042 2369 1174 2436 crimine
1190 2389 1248 2456 per
1268 2377 1425 2454 nostram,

299 2498 359 2545 nec
375 2499 440 2545 non
465 2476 632 2544 karissimi
647 2477 757 2543 fratris
783 2477 887 2543 nostri
904 2475 1072 2544 colomani
1088 2477 1189 2561 Regis
1209 2485 1241 2544 et
1257 2478 1358 2544 Ducis
1374 2483 1426 2546 to-

299 2586 366 2652 cius
384 2587 559 2653 Sclauonie
576 2585 724 2668 illustris,
742 2585 802 2652 hac
819 2588 959 2652 omnium
975 2589 1136 2654 Beronum
1153 2593 1334 2654 nostrorum
1351 2607 1426 2653 sen-

296 2693 437 2760 tenciam
463 2695 578 2760 luisset
603 2693 868 2778 condempnatus,
895 2714 934 2759 ac
961 2695 1113 2762 uniuersa
1137 2695 1241 2780 ipsius
1267 2695 1354 2760 bona
1377 2695 1427 2762 ad

297 2809 443 2867 nostram
459 2819 589 2865 manum
606 2800 743 2867 luissent
759 2802 922 2886 deuolute,
939 2803 1010 2888 ipso
1026 2823 1118 2870 suam
1134 2803 1235 2870 uitam
1251 2801 1285 2867 in
1301 2803 1426 2870 nostris

296 2906 434 2975 uinculis
464 2907 613 2992 finiente3
640 2930 699 2976 nos
715 2909 880 2992 quandam
896 2909 1000 2996 ipsius
1025 2912 1265 2997 possessionem
1289 2911 1424 2978 nomine

296 3015 452 3082 'furdona
475 3036 546 3081 cum
564 3016 713 3083 omnibus
738 3019 948 3104 pertinencijs
972 3019 1041 3086 suis
1058 3020 1090 3084 in
1107 3017 1269 3086 Comitatu
1285 3017 1326 3085 de
1343 3018 1425 3085 Bur-

296 3119 356 3187 sod
381 3121 598 3206 constitutam,
615 3124 752 3192 Nicolao
770 3125 886 3194 Comiti
903 3127 943 3194 de
960 3129 1083 3195 Gnmur
1105 3127 1172 3194 lilio
1189 3128 1281 3210 Gurg
1298 3128 1339 3193 ob
1355 3145 1425 3194 me-

296 3227 357 3294 rita
373 3246 431 3294 sue
447 3227 614 3295 fidelitatis
630 3237 663 3296 ct
678 3233 807 3318 seruicij
835 3233 987 3301 duximus
1004 3242 1162 3321 perpetuu
1179 3233 1422 3302 conferendam.

295 3339 379 3403 Nam
396 3337 480 3402 idem
497 3335 653 3404 Nicolaus
679 3339 762 3406 inter
776 3345 886 3408 cetera
902 3341 1056 3407 uirtutum
1072 3342 1197 3427 merita,
1223 3339 1341 3422 quibus
1364 3361 1424 3408 no-

292 3451 393 3512 stram
408 3445 552 3528 graciam
570 3445 756 3531 adplenum
773 3447 922 3532 optinuit,
940 3449 1096 3534 inRegnu
1113 3457 1145 3516 et
1163 3453 1257 3515 extra
1268 3449 1420 3532 Regnum

294 3552 386 3638 pacis
402 3558 435 3617 et
449 3551 527 3619 belli
552 3559 696 3639 tempore
713 3553 806 3622 nobis
833 3555 970 3624 fideliter
989 3554 1185 3642 assistendo,
1209 3556 1244 3622 in
1260 3553 1321 3623 hoc
1345 3575 1423 3642 spe-

292 3660 419 3728 cialiter
435 3661 563 3747 claruit,
580 3662 666 3746 quod
682 3663 758 3730 dnm
774 3662 807 3730 in
823 3663 1036 3751 expedicione
1046 3664 1165 3733 Ruscie
1181 3683 1325 3731 essemus
1341 3683 1419 3731 con·

291 3767 407 3852 stituti,
430 3773 463 3834 et
482 3768 640 3836 bellorum
665 3790 785 3838 cuneus
802 3777 890 3839 esset
907 3771 983 3838 hinc
1008 3771 1085 3840 inde
1100 3771 1134 3838 in
1154 3769 1337 3838 conflictum
1363 3791 1421 3838 ac-

290 3875 424 3962 cinctus,
451 3875 570 3963 ipsein
598 3879 772 3947 aduersam
799 3878 903 3947 aciem
928 3881 1065 3947 uiriliter
1088 3881 1214 3948 irruens
1239 3878 1357 3945 multos
1380 3877 1420 3948 in

289 4004 345 4050 ore
371 3983 475 4068 gladij
492 3984 564 4053 neci
588 3985 734 4070 tradidit,
759 3992 791 4053 et
813 3987 998 4054 innumeros
1023 3985 1203 4073 captinanit
1228 3985 1279 4053 sui
1304 3991 1419 4052 tamen

288 4091 458 4174 sanguinis
474 4091 666 4158 effusionem
684 4112 749 4160 non
761 4093 922 4161 modicam
934 4093 1134 4162 sustinendo.
1151 4092 1300 4172 Quantas
1311 4093 1418 4162 eciam

287 4199 459 4282 probitatis
487 4199 638 4269 acciones
664 4201 697 4266 in
723 4201 798 4285 alijs
823 4201 910 4268 idem
931 4202 1120 4288 exercuerit,
1147 4211 1274 4288 tempus
1299 4200 1417 4288 pocius

287 4323 385 4388 qnam
401 4325 453 4372 res
470 4305 598 4376 deseret
615 4316 831 4376 enarrantem.
851 4309 901 4376 Ne
917 4311 1016 4393 igilur
1032 4317 1099 4377 tam
1116 4309 1234 4376 eximie
1244 4307 1417 4378 fidelitatis

285 4412 475 4478 constancia
491 4415 726 4484 irremunerata
742 4425 918 4502 remaneat,
944 4418 1022 4484 licet
1040 4417 1198 4502 premium
1215 4417 1328 4484 merito
1346 4437 1416 4484 non

200 4540 208 4549 ·
284 4519 483 4604 respondeat
498 4541 539 4586 ex
555 4523 727 4610 condigno,
744 4533 900 4610 tanquam
917 4545 1044 4593 omnem
1067 4525 1274 4594 affluenciam
1291 4531 1416 4612 tempo-

283 4626 388 4692 ralem
413 4629 682 4714 transscendenti,
699 4631 940 4716 possessionem
957 4632 1178 4718 supradictam
1205 4631 1267 4699 sibi
1295 4637 1326 4699 et
1343 4635 1416 4700 suis
