3198 5160
796 338 906 438 „534
932 431 947 438 -

308 537 456 622 butarijs.
474 539 555 603 ltem
575 534 616 602 de
636 534 761 603 duobus
777 534 883 603 bobus
895 555 992 602 vnum
1009 534 1188 602 denarium.
1210 536 1292 601 Item
1309 530 1440 618 pedites

308 645 475 712 Teutonici
500 643 583 710 nihil
609 645 795 730 persoluere
820 649 1001 711 teneantur.
1028 643 1123 711 Vnde
1149 640 1298 710 fidelitati
1321 641 1440 706 Vestre

308 751 452 818 districte
468 751 678 839 precipiendo
697 752 898 836 mandamus,
921 759 1082 838 quatenus
1099 752 1186 818 vltra
1201 750 1338 817 sormam
1355 748 1438 814 anti·

308 860 417 945 quitus
433 861 644 926 obseruataur
670 862 702 926 in
718 861 851 946 tributh
868 861 948 926 nihil
967 862 1097 948 penitus
1121 859 1254 943 exigere
1270 875 1439 944 presuma-

308 967 349 1034 tis
361 989 368 1050 3
387 967 533 1051 alioquin
544 975 804 1052 transgressores
815 969 917 1036 nostri
931 969 1077 1035 mandati
1094 969 1126 1034 iu
1140 985 1280 1054 persone
1292 970 1325 1031 et
1339 963 1439 1030 rebus

308 1075 528 1142 commisimus
538 1076 663 1162 punire.
680 1079 803 1145 Datum
813 1078 846 1144 in
857 1077 1011 1162 Ghurgou
1026 1077 1060 1144 in
1070 1076 1154 1142 ferto
1165 1073 1278 1142 Sancti
1290 1070 1439 1155 GeorgiJ,

270 1263 277 1278 ἡ
308 1203 393 1250 anno
409 1183 540 1250 Domini
557 1185 601 1250 Μο
612 1184 677 1252 00⁰
688 1187 768 1252 LX0.

308 1380 393 1449 (xIV.
407 1377 513 1434 seizadi
527 1377 642 1434 mrtsolut
655 1377 721 1432 utaln
734 1381 856 1448 Soprorry
871 1377 947 1432 varos
962 1377 1147 1432 tevclrtrtoon
1172 1375 1295 1430 Ilorvcith
1311 1375 1440 1448 Mihrily.)

744 1667 771 1678 -
788 1666 810 1676 ”v
818 1665 1005 1678 v--oe-——q--q

831 2133 908 2203 att.

311 2315 420 2382 istoria
444 2315 543 2403 lfjadb
567 2315 733 2402 hirdlynulc
748 2317 893 2380 nemeer'tb'
913 2317 1141 2403 privilcpiamu
1159 2315 1266 2382 Isinda
1291 2319 1323 2382 to
1341 2314 1441 2381 Murlc

309 2425 423 2492 Iudaei·
437 2425 505 2510 flul
533 2425 614 2490 Zela
638 2427 753 2512 rraeppcc'
778 2425 1022 2512 cdrjobbcipyoh,
1048 2432 1078 2490 e's
1104 2425 1253 2492 rolconaih
1277 2430 1437 2490 aetimare.

824 2535 921 2599 1260.

417 2715 486 2780 Nos
501 2712 658 2780 Nicotaus
669 2712 779 2778 Konth
795 2711 899 2795 Regni
911 2712 1078 2795 Hungarie
1094 2712 1266 2779 Palatinus
1283 2717 1315 2778 et
1329 2710 1440 2778 ludex

312 2823 528 2888 Cumanorum
548 2821 623 2904 stb.,
649 2819 737 2904 quod
760 2840 833 2886 cum
859 2840 918 2887 uos
944 2841 1004 2906 pro
1031 2821 1276 2908 compescendis
1302 2821 1439 2906 iuribus,

313 2931 494 2998 latronibus
512 2937 544 2996 et
561 2929 729 3013 quibusuis
742 2927 1007 2996 malefactoribus
1020 2929 1239 3013 eradicandis,
1257 2951 1297 2996 cc
1313 2932 1439 2998 eunetis

312 3038 559 3124 querelantibus
575 3036 706 3105 iusticia
721 3037 940 3123 impendenda
950 3039 1162 3106 Vniuersitati
1178 3039 1344 3107 Nobilium
1360 3039 1440 3106 alio·

311 3167 446 3232 rumque
470 3147 615 3214 cuiusuis
643 3153 749 3214 status
778 3151 810 3212 et
836 3144 1037 3214 condicionis
1064 3147 1229 3214 hominum
1257 3147 1439 3214 Comitatus

312 3251 521 3322 Zaladiensis
545 3253 691 3323 secunda
709 3253 790 3320 leria
806 3253 956 3339 proxima
982 3261 1059 3322 ante
1075 3254 1193 3322 testum
1208 3254 1301 3322 Beati
1321 3253 1439 3321 Jacobi

313 3363 462 3448 Apostoli
489 3384 592 3449 prope
617 3363 729 3429 villam
745 3362 935 3446 Mandbyde
953 3363 1252 3449 Oongregacionem
1279 3363 1439 3430 celebras·

313 3489 422 3538 semus
439 3471 642 3553 Generalem,
660 3471 693 3535 in
710 3469 826 3536 eadem
837 3469 1105 3554 congregacione
1118 3479 1230 3538 nostra
1238 3472 1440 3540 Laureueiue

312 3579 400 3648 filius
425 3579 513 3646 Petri
540 3579 582 3646 de
606 3579 708 3664 Bura,
736 3587 768 3645 et
792 3579 960 3646 lohannes
984 3579 1071 3646 filius
1097 3579 1226 3649 Nicolai
1252 3581 1310 3666 filij
1335 3579 1440 3649 Jonas

312 3687 414 3756 irater
438 3687 581 3756 eiusdem
606 3689 765 3776 patruelis
782 3725 825 3738 -
842 3725 886 3737 —-
902 3688 1028 3776 (Paoha
1053 3694 1138 3756 nevit
1163 3689 1312 3756 birtokra
1327 3697 1440 3756 vonat-

314 3796 468 3886 hoadlag)
484 3835 528 3850 -
542 3835 586 3848 -—
604 3837 647 3848 -
663 3819 762 3884 quam
788 3817 875 3864 nunc
891 3799 1077 3883 Stephanus
1103 3799 1144 3864 de
1159 3799 1272 3866 Pacha
1295 3795 1441 3866 indebito

312 3909 505 3995 ooeupundo
521 3915 729 3976 conseruaret
744 3944 787 3958 -—·-
805 3943 849 3954 -
864 3941 907 3956 -
924 3905 1086 3996 quasdem
1098 3906 1227 3974 litteras
1248 3907 1438 3993 priuilegia·

313 4015 361 4083 les
394 4016 515 4084 domini
540 4016 700 4103 Stephani
731 4015 819 4101 olym
845 4015 925 4082 Bele
950 4016 1049 4100 Regis
1080 4015 1308 4101 primogeniti,
1336 4017 1440 4084 Ducis

316 4124 545 4192 Transsiluani
562 4124 713 4210 etStyrie
728 4143 768 4190 ac
784 4121 907 4191 domiui
918 4121 1145 4208 Cumanorum,
1162 4122 1195 4188 in
1211 4145 1296 4192 anuo
1307 4123 1442 4191 Domini

313 4231 515 4299 M⁶GO⁰LX⁰
532 4239 702 4300 emanatas
729 4231 938 4318 presentauit,
965 4232 1050 4299 intcr
1065 4235 1173 4298 cetera
1198 4231 1440 4316 exprimentes:

314 4340 401 4424 quod
417 4339 505 4406 idem
521 4337 670 4407 dominus
686 4339 872 4426 Stephanus
887 4338 963 4402 Dux
980 4337 1179 4424 Stephanum
1196 4347 1228 4406 et
1243 4337 1337 4406 hiarlr
1355 4338 1443 4405 lilios

315 4449 373 4514 Ine
384 4447 575 4530 jobagionie
594 4445 702 4514 (lustri
717 4444 939 4527 Zaladiensis,
967 4451 1099 4532 propter
1120 4447 1313 4532 multiplicia
1338 4449 1441 4514 serui-

315 4551 441 4618 ciorum
456 4551 572 4620 merita
599 4553 774 4620 eorundem
791 4555 823 4620 in
841 4558 1019 4638 conspectu
1045 4553 1210 4620 oculorum
1229 4571 1289 4622 sue
1302 4555 1442 4624 Ducalis

323 4656 504 4725 Maiestatis
513 4657 731 4745 impensorum,
749 4661 917 4748 eum-lona
929 4661 1041 4748 fratre,
1058 4661 1231 4750 achdus,
1248 4668 1281 4728 et
1290 4663 1445 4748 cognatis
