3134 5150
853 305 898 372 30

308 507 450 574 continet
465 506 607 588 quinque
622 501 757 568 cubulos
772 498 990 585 syrmiensem
1013 495 1187 564 dummodo
1203 496 1309 564 fames
1324 497 1441 563 valida

308 634 375 681 non
390 611 571 695 confingat,
588 609 722 694 insuper
738 612 771 672 et
784 625 882 672 ruam
898 605 1067 688 gallinam,
1091 611 1125 670 et
1139 625 1238 670 mam
1254 605 1439 686 scutellam,

308 727 342 787 et
356 720 438 785 dues
455 717 626 799 denarios;
643 723 676 781 et
691 709 752 781 lr'ec
767 714 877 780 omnia
900 717 1053 778 tenentur
1068 720 1199 796 portare
1214 713 1248 778 in
1263 711 1387 778 Warod
1401 712 1440 778 in

310 826 450 911 clycium
465 824 624 907 Ecclesie,
651 821 790 888 sednon
805 827 955 886 tenentur
978 820 1119 884 transire
1134 819 1329 885 Danubium.
1355 822 1441 886 Item

311 932 506 1000 contulimus
533 928 638 995 eidem
653 927 801 993 Ecclesie
827 925 952 1006 villam,
979 944 1042 1009 que
1058 933 1194 991 vocatur
1218 923 1346 1008 Borica,
1375 945 1441 1009 que

309 1041 371 1108 fuit
387 1037 539 1124 Dyonisij
555 1035 690 1103 domitis
706 1033 861 1114 Palatini,
887 1033 943 1115 qui
959 1031 1000 1096 de
1015 1032 1120 1114 Regni
1136 1032 1389 1119 dilapideciene,
1407 1039 1443 1099 et

310 1146 503 1214 infidelitate
528 1143 694 1210 euidenter
710 1147 760 1208 est
775 1140 952 1223 conuictus,
979 1157 1052 1204 cum
1067 1139 1173 1222 terris,
1191 1140 1297 1224 aquis,
1324 1141 1441 1226 pratis,

310 1253 446 1340 piscinis
463 1259 496 1318 et
505 1249 620 1316 insulis
638 1249 681 1314 ad
697 1233 1218 1331 sondsm'villampertinentibus.
1236 1245 1441 1316 Ocntulimus

310 1361 445 1445 insuper
461 1358 567 1426 cidem
582 1355 730 1422 Ecclesie
746 1354 788 1421 de
804 1372 965 1420 consensu
975 1353 1174 1418 venerabilis
1189 1353 1294 1438 patris
1303 1356 1442 1421 Roberti

311 1463 545 1550 Strigcniensis
561 1459 1010 1547 Archtspiscopiplsbsnias
1035 1459 1204 1542 utriusque
1229 1461 1340 1546 l'estb,
1365 1481 1443 1526 cum

310 1571 548 1658 patronatibus,
564 1575 597 1634 et
613 1566 763 1634 omuibus
779 1565 993 1652 prouentibus
1005 1565 1040 1630 in
1057 1563 1192 1631 decimis
1202 1566 1390 1652 maioribus,
1406 1575 1443 1634 et

311 1679 457 1762 minutis,
474 1684 508 1744 et
522 1675 670 1763 capellis.
686 1675 769 1738 Item
785 1671 980 1746 contulimus
1004 1670 1110 1738 cidem
1126 1671 1272 1738 Ecclesie
1297 1675 1443 1759 quinque

311 1796 465 1872 tymynos
496 1782 616 1848 salium
641 1779 818 1848 soluendos
843 1779 878 1844 in
903 1776 1052 1860 Scegued
1076 1778 1244 1843 annuatim
1269 1777 1313 1843 ud
1344 1799 1443 1849 usum

310 1898 458 1978 fratrum,
475 1893 581 1976 quiin
596 1891 709 1958 ecdem
725 1889 924 1956 monasterio
943 1895 1193 1954 commorantur.
1208 1889 1310 1962 Porro
1325 1909 1441 1956 omnes

314 2001 539 2088 possessiones
564 2003 754 2084 prenotatas
770 1995 962 2062 contulimus
986 1993 1092 2060 eidem
1107 1994 1253 2061 Ecclesia
1268 1997 1328 2062 tali
1343 1997 1442 2064 liber-

313 2115 399 2174 tate:
416 2113 452 2174 ut
467 2107 582 2194 populi
597 2125 654 2172 cas
669 2104 901 2187 inhabitantes,
927 2105 980 2170 uel
997 2103 1052 2188 qui
1070 2102 1105 2168 iu
1121 2111 1288 2188 posterum
1312 2105 1441 2173 inhabi-

312 2221 384 2282 tare
408 2215 582 2299 noluerint,
608 2212 703 2278 liberi
730 2212 795 2277 sint
818 2211 861 2276 ab
877 2211 964 2277 omni
990 2209 1122 2296 tribute,
1149 2219 1182 2277 et
1205 2214 1382 2281 exaccione
1406 2216 1443 2281 iu

313 2328 383 2390 teto
397 2324 512 2406 Regno
528 2318 705 2404 Hungade,
722 2337 783 2385 nec
799 2319 941 2384 audeant
956 2318 1003 2384 ibi
1018 2319 1200 2404 monetarii,
1223 2319 1277 2386 uel
1293 2321 1444 2388 collecto-

313 2450 366 2498 res
383 2428 590 2506 descendere,
618 2425 677 2494 sed
692 2425 736 2491 ed
751 2425 857 2492 forum
872 2425 1026 2512 ipsorum,
1053 2425 1136 2492 sieut
1151 2426 1195 2491 ad
1216 2425 1284 2493 alia
1298 2425 1370 2493 iore
1385 2447 1443 2494 ue·

312 2538 383 2604 nire
399 2537 541 2620 valeant,
568 2541 601 2600 et
617 2552 710 2600 sunm
727 2531 868 2598 officium
892 2531 988 2598 modo
1005 2531 1115 2599 debito
1132 2551 1294 2600 exercere.
1318 2535 1441 2602 Verum

273 2644 276 2650 ’
313 2643 343 2710 si
369 2645 539 2712 collectam
554 2643 626 2706 Rex
649 2641 685 2706 in
707 2641 820 2722 Regno
844 2638 1008 2722 indixerit,
1033 2638 1102 2704 sive
1126 2659 1186 2724 pro
1211 2642 1442 2728 redempcione

310 2756 453 2832 monete,
472 2767 536 2833 que
550 2753 682 2831 recepta
696 2767 761 2812 non
777 2745 884 2828 fuerit,
912 2745 982 2812 siue
997 2745 1120 2811 lucrum
1136 2765 1274 2832 camere,
1296 2751 1350 2815 vel
1365 2771 1442 2834 quo-

316 2873 441 2938 cunque
457 2854 523 2921 alio
539 2851 670 2920 nomine
685 2861 866 2933 censeatur,
878 2852 1075 2936 jobagiones
1092 2854 1240 2940 predicte
1254 2855 1404 2924 Ecclesie
1419 2877 1443 2922 a

315 2963 433 3048 Regali
449 2962 587 3028 collecte
611 2959 739 3045 penitus
755 2959 821 3026 sint
844 2961 939 3026 liberi
954 2967 988 3026 et
1001 2961 1172 3046 immunes,
1199 2965 1258 3030 sed
1281 2965 1441 3032 medietas

314 3071 405 3140 illius
432 3067 634 3153 quantitatis,
662 3085 725 3150 que
740 3067 784 3132 ab
800 3067 874 3132 aliis
890 3073 1023 3154 recepte
1045 3067 1150 3152 fuerit,
1175 3071 1442 3156 ajebagionibus

314 3177 463 3245 Ecclesia
478 3175 600 3242 Abbati
615 3175 830 3262 persolvatur,
848 3174 1008 3242 medietas
1024 3195 1102 3244 uero
1121 3176 1245 3244 eisdem
1256 3179 1444 3265 jobagioui-

314 3286 376 3352 bus
392 3284 583 3350 remittatur.
601 3281 722 3348 Omnes
738 3287 847 3346 autem
863 3298 981 3348 causas
991 3284 1284 3369 interjobagioues
1294 3289 1443 3354 llcclesie

315 3397 518 3475 emergentes
543 3386 685 3454 curialis
712 3385 828 3454 Comes
853 3388 959 3474 ipsius
984 3389 1115 3473 iudicet,
1139 3397 1173 3457 et
1197 3391 1346 3478 decidat;
1375 3395 1442 3461 nisi

314 3496 399 3564 iorte
414 3517 501 3584 pena
517 3496 697 3582 sauguinis,
722 3497 776 3562 vel
792 3497 1019 3582 suspensionis
1044 3498 1165 3564 debeat
1183 3502 1337 3588 exerceri,
1363 3503 1443 3588 quia

314 3609 390 3670 tune
405 3601 582 3685 exequucic
606 3603 770 3670 sentencie
785 3601 829 3667 ad
845 3601 1002 3670 Comitem
1020 3604 1286 3690 Parroebyanum
1302 3609 1443 3694 porliue

315 3709 373 3778 bit.
389 3709 425 3776 Si
441 3729 518 3777 uero
534 3708 636 3794 aliqui
652 3707 694 3776 de
710 3707 824 3775 eodem
844 3709 1016 3797 (lumitate,
1043 3711 1077 3778 in
1093 3733 1156 3796 quo
1174 3717 1314 3798 populus
1330 3717 1443 3783 Eccle-

315 3817 364 3885 sie
387 3823 566 3904 permanet,
593 3835 665 3882 cum
687 3815 813 3882 eisdem
838 3836 946 3883 coram
964 3815 1089 3884 Oomite
1104 3819 1138 3884 ln
1163 3819 1284 3890 causis.
1309 3841 1373 3904 que
1397 3824 1444 3889 ad

316 3923 451 3993 Comitis
476 3923 699 4009 cognicionem
723 3922 895 4009 pertinent,
922 3943 1021 4008 agere
1036 3924 1208 4004 noluerint,
1233 3923 1360 4011 (lomes,
1386 3931 1444 3996 uel

314 4035 369 4118 qui
385 4035 455 4101 eius
470 4035 561 4100 vices
574 4031 723 4116 gesserit,
748 4049 814 4096 nna
828 4050 902 4096 cum
919 4031 1044 4098 Gemite
1060 4030 1183 4098 Ceriali
1197 4033 1345 4102 Ecclesie
1360 4035 1444 4102 iudi·

314 4161 389 4208 care
403 4150 562 4208 teneatur.
577 4141 616 4206 ln
631 4137 779 4223 negoeijs
794 4157 872 4204 uero
889 4139 1078 4204 Monastcrii
1098 4139 1293 4222 Palatinum,
1319 4135 1373 4208 vel
1387 4145 1444 4211 Ju-

315 4247 420 4314 dieem
437 4247 571 4332 Regalis
586 4246 694 4328 euris,
721 4265 818 4328 quem
833 4243 948 4312 Albas
968 4246 1128 4326 maluerit,
1155 4245 1200 4312 ad
1215 4247 1286 4314 eius
1310 4253 1446 4334 peticio·

315 4375 390 4422 nem
404 4357 474 4420 Rex
497 4355 653 4442 assignet,
679 4360 713 4422 et
734 4355 844 4420 nullus
869 4353 956 4420 alius
982 4352 1104 4420 audeat
1127 4354 1285 4423 iudicare.
1311 4359 1445 4442 Siquis

314 4466 422 4527 autem
438 4477 510 4524 eum
525 4461 665 4542 Abbate,
682 4462 734 4526 vel
749 4480 849 4546 super
864 4462 975 4545 aliqua
990 4481 1102 4544 causa,
1126 4480 1189 4543 que
1205 4463 1313 4550 ipsum
1332 4485 1445 4534 mona·

315 4564 450 4634 sterium
475 4565 643 4650 contingit,
670 4587 770 4650 agere
795 4569 941 4650 voluerit,
970 4585 1081 4634 coram
1106 4568 1211 4634 altere
1236 4571 1444 4641 solummodo
