3112 5148
851 297 1008 400 jas-

368 509 509 570 tororum
535 519 615 584 gens
631 499 734 585 impia
750 494 969 563 Christianum
984 494 1138 581 populum
1154 495 1328 578 subiugare
1364 493 1427 559 sihi
1446 491 1503 556 vel

368 612 475 694 potius
499 609 659 694 pertinere
676 613 844 693 appetenS,
873 604 1017 672 collectis
1043 605 1108 669 iarn
1127 603 1247 670 dudum
1263 623 1395 670 surarum
1412 601 1495 669 viri·

369 720 430 784 hus
457 716 632 799 nationum,
651 715 830 798 Poloniam,
846 713 1011 796 Rusciam,
1028 713 1209 797 Ungariam
1235 713 1383 794 aliasque
1402 711 1498 777 Chri-

372 827 549 893 stianorum
574 823 724 908 regiones
740 823 901 906 ingressa,
928 821 975 886 sic
991 820 1023 885 in
1041 839 1097 886 eas
1114 821 1342 905 depopulatrix
1362 819 1498 902 insevit,

372 941 406 1000 ut
421 931 534 1016 gladio
550 933 620 998 cius
636 951 696 998 nec
712 932 791 996 etati
808 935 971 1015 parcente,
998 949 1058 994 nec
1074 927 1175 1005 sexui,
1194 928 1251 995 sed
1267 928 1300 994 in
1320 947 1431 995 omnes
1449 928 1501 992 in-

373 1041 557 1108 differenter
573 1037 765 1104 crudelitate
791 1036 915 1105 orribili
932 1035 1145 1118 debachante,
1173 1035 1318 1103 inaudito
1336 1035 1425 1122 ipsas
1443 1053 1504 1099 ex-

371 1149 521 1216 terminio
537 1147 732 1229 devastavit,
759 1166 798 1212 ac
814 1145 951 1212 aliorum
966 1146 1091 1229 Regna,
1109 1143 1295 1210 continuato
1319 1163 1501 1229 progressu

371 1258 431 1324 illa
446 1258 520 1338 sibi,
547 1255 661 1324 eodem
677 1257 711 1321 in
727 1255 850 1338 vagina
866 1255 962 1321 otiari
979 1253 1088 1338 gladio
1105 1253 1280 1330 nesciente,
1306 1250 1502 1320 incessabili

373 1367 599 1454 persecutione
625 1363 813 1448 substernit,
841 1371 875 1428 ut
890 1365 1125 1445 subsequenter
1150 1361 1183 1426 in
1204 1361 1320 1428 robore
1344 1361 1503 1428 fortiores

372 1476 532 1542 exereitus
550 1473 753 1541 Christianos
778 1471 947 1554 invadens,
972 1489 1065 1535 suam
1081 1468 1208 1554 plenius
1224 1469 1257 1534 in
1283 1469 1372 1556 ipsos
1392 1471 1505 1555 possit

372 1587 524 1653 sevitiam
541 1603 701 1668 exercere,
728 1582 840 1664 sicque
861 1582 984 1660 orbato,
1014 1578 1101 1662 quod
1118 1578 1214 1662 absit,
1240 1576 1390 1645 fidelibus
1406 1581 1501 1661 orbe,

375 1691 457 1759 fides
473 1691 646 1771 exorbitat,
671 1690 747 1755 dum
764 1689 911 1754 sublatos
928 1687 991 1753 sibi
1007 1685 1165 1770 gemuerit
1184 1685 1287 1770 ipsius
1304 1686 1410 1768 gentis
1424 1686 1503 1752 feri-

372 1806 440 1866 tate
457 1801 606 1866 cultores.
631 1798 681 1862 Ne
697 1797 797 1881 igitur
811 1802 879 1860 tam
896 1794 1090 1860 detestanda
1110 1794 1216 1878 gentis
1233 1793 1379 1861 eiusdem
1395 1795 1502 1860 inten-

370 1907 417 1973 tio
434 1909 590 1990 proficere
606 1907 727 1988 valeat,
753 1904 811 1970 sed
828 1903 966 1987 deficiat,
987 1909 1118 1969 auctore
1134 1905 1216 1984 Deo,
1233 1903 1351 1986 potius,
1377 1909 1409 1967 et
1423 1923 1502 1970 con-

373 2013 475 2080 trario
500 2011 710 2079 concludatur
736 2017 852 2078 eventu
863 2061 871 2094 ,
899 2011 941 2076 ah
970 2011 1130 2076 universis
1153 2009 1347 2076 christicolis
1370 2015 1504 2076 attenta

376 2127 426 2186 est
438 2119 700 2188 consideratione
711 2120 913 2205 pensandum
925 2127 957 2184 et
966 2119 1205 2204 procurandum
1216 2119 1324 2185 studio
1336 2117 1500 2202 diligenti,

375 2235 411 2294 ut
427 2227 474 2294 sio
490 2227 577 2294 illius
594 2225 793 2313 impediatur
801 2246 981 2313 processus,
999 2226 1086 2310 quod
1101 2233 1242 2310 nequeat
1257 2227 1301 2292 ab
1313 2227 1401 2311 ipsos
1418 2226 1503 2291 ulte-

375 2335 443 2402 rius
453 2335 881 2421 quantumcumquepotenti
897 2343 1023 2401 armato
1034 2333 1166 2401 brachio
1176 2332 1386 2420 pertransire.
1404 2334 1501 2400 ldeo·

375 2461 438 2527 que
454 2445 555 2513 Sacro
572 2443 731 2511 suadente
742 2442 895 2527 Concilio,
914 2442 1158 2510 universitatem
1167 2449 1308 2508 vestram
1318 2459 1501 2528 monemus,

373 2571 526 2634 rogamus
552 2559 584 2618 et
600 2551 766 2618 hortamur
792 2557 916 2616 attente
941 2548 1146 2634 mandantes,
1171 2553 1331 2632 quatenus
1350 2549 1439 2614 viam
1467 2559 1505 2615 et

376 2657 494 2743 aditus,
522 2659 607 2724 unde
623 2659 657 2724 in
673 2667 794 2725 terram
810 2667 952 2726 vestram
969 2677 1050 2740 gens
1066 2657 1141 2743 ipsa
1159 2665 1271 2741 posset
1287 2657 1421 2742 ingredi,
1441 2677 1501 2722 so-

374 2765 549 2833 lertissime
574 2773 829 2853 perscrutantes,
856 2767 929 2832 illos
945 2767 1078 2834 fossatis
1097 2765 1150 2832 vel
1166 2775 1197 2832 et
1222 2766 1323 2834 muris
1339 2785 1398 2833 seu
1421 2766 1504 2832 allis

372 2872 508 2939 edificiis
524 2878 581 2938 aut
597 2873 754 2955 artificiis,
781 2883 877 2958 prout
892 2875 1046 2960 expedire
1063 2872 1219 2957 videritis,
1248 2873 1356 2940 taliter
1372 2893 1503 2960 premu-

373 2980 444 3047 nire
460 2981 587 3066 curetis,
615 2980 702 3064 quod
718 2981 865 3049 eiusdem
880 2984 987 3066 gentis
1003 2983 1046 3049 ad
1063 3002 1121 3050 vos
1138 2983 1306 3067 ingressus
1327 2988 1438 3068 patere
1456 2985 1504 3050 de

371 3087 460 3154 sacili
476 3095 627 3172 nequeat,
645 3089 704 3154 sed
722 3089 810 3173 prius
823 3092 1013 3176 Apostolice
1029 3090 1105 3156 Sedi
1124 3109 1201 3157 suus
1220 3089 1408 3157 denunciari
1425 3111 1507 3176 pos-

375 3195 417 3260 sit
429 3195 600 3276 adventus,
617 3201 651 3262 ut
667 3215 708 3260 ea
718 3197 811 3264 vobis
822 3195 964 3263 fidelium
975 3197 1162 3264 destinante
1171 3214 1369 3277 succursum,
1385 3207 1507 3265 contra

375 3309 509 3370 conatus
526 3309 559 3369 et
573 3301 712 3370 insultus
739 3303 845 3386 gentis
862 3303 966 3390 ipsius
993 3307 1052 3371 tuti
1069 3325 1150 3388 esse,
1178 3303 1327 3371 adiutore
1343 3305 1501 3386 Domino,

373 3409 520 3477 valeatis.
547 3411 616 3476 Nos
642 3409 778 3475 enimin
803 3419 870 3477 tam
896 3411 1091 3479 necessariis
1118 3419 1150 3478 ct
1171 3411 1304 3478 utilibus
1331 3413 1505 3499 expensis,

373 3539 455 3603 quas
472 3518 512 3586 oh
529 3517 562 3584 id
577 3517 730 3600 feceritis,
758 3519 997 3588 contribuernus
1024 3519 1203 3602 magnifice,
1231 3537 1271 3584 ac
1287 3519 1330 3584 ah
1346 3521 1506 3588 omnibns

374 3625 631 3696 Christianorum
648 3627 846 3711 regionibus,
873 3647 944 3694 eum
959 3647 1019 3713 per
1036 3628 1095 3694 hoo
1115 3633 1299 3694 occurratur
1323 3633 1506 3697 communi-

372 3736 435 3803 bus
450 3732 614 3822 periculis,
633 3732 926 3820 proporcionaliter
940 3734 1100 3802 contribui
1115 3733 1291 3801 faciemus:
1317 3743 1349 3801 et
1364 3735 1508 3804 nichilo-

373 3844 480 3910 minus
505 3859 602 3927 supcr
626 3839 690 3905 hiis
717 3841 791 3908 aliis
818 3841 939 3910 Christi
964 3840 1125 3927 fidelihus,
1150 3863 1208 3928 per
1224 3861 1360 3928 quorum
1385 3851 1509 3929 partes

370 3953 494 4020 hahere
518 3955 630 4036 posset
655 3947 779 4018 aditum
804 3971 885 4036 gens
906 3951 1061 4038 predicta,
1083 3949 1210 4020 litteras
1236 3951 1442 4038 presentibus
1460 3955 1510 4020 si-

371 4059 464 4126 miles
479 4055 691 4124 destinamus.

369 4234 508 4310 (Theium,
531 4239 632 4288 Vetera
654 4239 828 4290 hlonurnanta
847 4241 986 4293 luston-ica
999 4243 1168 4308 Huugariarn
1192 4241 1299 4292 Sacram
1324 4241 1510 4296 illustrantia.

849 4333 870 4381 I.
885 4333 911 4382 lr.
929 4334 987 4382 198.
1003 4333 1018 4381 l.

795 4561 1060 4574 -———-—-
