3122 5154
866 857 920 927 et.

323 1037 380 1100 IX.
399 1037 534 1142 Gurpclp
548 1043 637 1126 pu'pa
649 1040 773 1124 Melpes
790 1043 910 1127 ujoncn
921 1041 1053 1126 postutd
1067 1053 1079 1104 t
1095 1046 1278 1130 metcrpanu'
1292 1043 1455 1128 e'rcclrnelr,

667 1173 687 1211 n
701 1147 870 1236 pollincto!
887 1149 989 1215 areldi.
1007 1152 1103 1216 1240.

440 1346 617 1433 Gregorius
640 1349 820 1434 Episcopus
846 1365 960 1414 seruus
985 1367 1150 1414 seruorum
1177 1348 1239 1414 Dei
1264 1348 1452 1414 venerabili

323 1453 416 1521 fratri
441 1504 500 1520 ...
525 1456 689 1542 Episcopo
716 1455 879 1538 quondam
905 1455 1069 1522 Waciensi
1093 1456 1126 1522 in
1154 1455 1450 1542 Archicpiscopum

320 1563 574 1646 Strigoniensem
590 1563 713 1647 Electo,
739 1563 877 1630 salutem
894 1567 926 1628 et
940 1563 1163 1648 Apostolicam
1180 1562 1450 1630 benedictionem.

322 1669 468 1736 Dilectus
484 1670 570 1737 tilios
589 1720 594 1734 .
614 1720 621 1735 .
641 1721 648 1736 .
665 1669 873 1756 Propositum
900 1667 941 1736 dc
956 1670 1095 1757 Scippis,
1114 1671 1291 1755 Magistros
1305 1670 1451 1736 Alboum

321 1779 528 1860 Nitriensem,
545 1783 577 1844 ct
592 1779 763 1846 Nicolaum
780 1778 1028 1844 Gumuriensem
1043 1775 1312 1862 Archidiaconos,
1330 1780 1451 1846 Gerar-

320 1887 397 1954 dum
421 1887 601 1955 Plcbanum
632 1886 673 1953 dc
697 1885 813 1971 Banya
843 1890 876 1952 et
898 1884 1074 1952 Ricardum
1104 1885 1273 1954 Lcctorcm
1297 1885 1451 1952 Ecclesia

321 1993 566 2077 strigoniensis,
583 1992 828 2062 Goncanonioos
845 2000 877 2060 et
893 1999 1118 2078 procuratores
1135 1991 1278 2078 Capituli
1299 1992 1450 2060 ciusdem

320 2102 468 2170 Ecclesia
484 2123 557 2170 curn
582 2102 699 2170 litteris
717 2102 853 2188 predicti
869 2102 1009 2190 Capituli
1025 2101 1068 2167 ad
1087 2101 1206 2170 sedem
1222 2101 1450 2188 Apostolicam

321 2209 523 2296 aecedentes,
539 2210 743 2295 benignitate
758 2211 933 2296 recipimus
947 2217 1114 2291 consueta,
1131 2215 1163 2276 et
1179 2210 1446 2295 postulationem,

319 2336 417 2401 quarn
433 2318 475 2386 de
499 2327 531 2385 te
546 2318 647 2386 fratre
662 2325 773 2388 nostro
793 2321 847 2406 ll,
864 2319 1026 2406 Episcopo
1036 2318 1200 2404 quondam
1216 2317 1393 2404 Waciensi,
1409 2317 1448 2384 in

319 2424 573 2508 strigoniensem
598 2426 885 2513 Archiepiscopum
916 2425 1118 2496 concorditer
1151 2427 1376 2510 celebrarunt,
1408 2433 1449 2494 ut

319 2534 432 2602 ecdem
448 2535 556 2604 littere
582 2536 800 2621 continebant,
826 2535 920 2602 nobis
936 2554 994 2622 per
1010 2555 1066 2604 eos
1090 2535 1255 2604 humiliter
1278 2543 1448 2620 presenta-

319 2647 396 2726 tam,
412 2663 472 2729 per
486 2643 603 2711 fratres
619 2647 748 2712 nostros
759 2642 937 2710 examinari
954 2641 1088 2710 lecimus
1101 2642 1284 2726 diligenter,
1306 2661 1447 2728 eamque

318 2749 551 2817 conduximus
567 2749 811 2828 admittendam,
835 2749 912 2835 quia
927 2749 1034 2836 ipsam
1051 2749 1195 2816 constitit
1218 2749 1323 2816 minus
1347 2767 1446 2816 cano-

318 2857 391 2924 nice
406 2854 615 2924 celebratam.
642 2855 790 2923 Ceterum
807 2854 1023 2940 attendentes,
1041 2855 1126 2940 quod
1146 2855 1393 2924 karissimorum
1409 2855 1446 2921 in

319 2961 448 3032 Christo
472 2962 611 3032 filiorum
625 2971 808 3034 nostrorum
821 2963 858 3030 B.
875 2964 1019 3048 Ungarie
1044 2972 1078 3030 et
1100 2963 1292 3034 colomanni
1314 2964 1444 3046 Regum

320 3071 506 3158 illustrium,
532 3081 565 3140 et
580 3073 718 3142 aliorum
743 3073 980 3159 fidedignorum
995 3070 1183 3140 testimonia
1207 3070 1343 3156 devita,
1369 3091 1447 3138 con-

318 3178 505 3247 versatr'one
529 3167 677 3266 honesta,
704 3182 888 3249 litteratura
914 3186 946 3248 et
972 3179 1134 3264 gravitate
1158 3199 1281 3246 morum
1304 3185 1336 3245 te
1352 3177 1448 3264 apud

317 3308 378 3357 nos
389 3287 597 3357 reddiderunt
612 3311 707 3375 quani
719 3291 891 3378 plurimum
904 3287 1174 3375 commendatum,
1185 3288 1330 3356 volentes
1341 3285 1447 3354 etiam

317 3396 423 3463 oidern
440 3397 585 3464 Ecclesia
609 3405 774 3483 tamquam
790 3397 926 3484 speciali
950 3397 1016 3464 filie
1031 3397 1214 3464 uberiorem
1230 3395 1369 3481 gratiam
1385 3395 1448 3460 im-

316 3504 440 3591 pertiri,
468 3526 509 3573 ne
525 3513 707 3574 remaneret
729 3505 853 3572 diutins
868 3505 1012 3590 pastoris
1036 3505 1154 3572 solatio
1180 3503 1345 3586 destituta,
1370 3507 1404 3568 te
1422 3523 1447 3569 a

316 3611 457 3700 vinculo,
482 3633 546 3700 quo
561 3615 724 3682 tenebaris
740 3613 905 3682 Waciensi
921 3613 1077 3699 Ecclesia,
1098 3613 1316 3695 absolventes,
1333 3609 1446 3676 cidem

317 3723 359 3790 de
375 3723 511 3809 speciali
527 3724 634 3809 gratia
657 3726 690 3790 in
706 3731 831 3809 patrem
847 3721 1064 3789 concessimus
1086 3727 1118 3788 ct
1132 3725 1305 3805 pastorem,
1330 3735 1447 3784 curam

315 3831 374 3898 tibi
390 3830 545 3900 iamdicta
553 3832 785 3916 strigoniensis
797 3829 943 3897 Ecclesia
959 3828 1203 3897 committentes.
1219 3827 1271 3894 Ad
1287 3827 1349 3893 boc
1366 3843 1444 3891 cnm

315 3939 467 4026 palleum,
485 3941 614 4024 insigne
623 3938 775 4006 videlicet
791 3936 991 4006 Pontificalis
1008 3935 1114 4020 officii,
1131 3955 1172 4002 cx
1188 3943 1281 4021 parte
1297 3932 1445 4020 Capituli

315 4049 493 4135 supradicti
520 4069 578 4136 per
594 4053 819 4134 procuratores
844 4045 989 4132 prefatos
1005 4043 1122 4110 fuisset
1144 4043 1274 4110 anobis
1299 4061 1372 4107 cnm
1389 4061 1445 4124 ca,

314 4175 380 4240 qua
395 4155 513 4242 decuit,
539 4155 695 4222 instantia
720 4153 931 4240 postulatum,
958 4173 1017 4218 nos
1033 4151 1178 4236 ipsorum
1196 4147 1322 4216 devotis
1338 4149 1446 4233 preci·

314 4261 375 4328 bus
400 4269 599 4346 annuentes,
624 4264 806 4348 prescripta
830 4259 977 4326 Ecclesie
1003 4255 1256 4342 strigoniensis,
1284 4255 1443 4339 temporis

315 4368 442 4434 malitia
457 4377 490 4435 et
506 4371 633 4437 itineris
658 4369 849 4437 difficultate
866 4369 1020 4454 pensatis,
1036 4366 1203 4452 cupientes
1223 4361 1444 4449 indempnita-

314 4476 400 4544 tibus
417 4497 602 4564 precavere,
627 4479 709 4546 illud
725 4479 765 4546 de
781 4497 916 4564 corpore
932 4477 1026 4544 Beati
1042 4473 1130 4541 Petri
1145 4477 1318 4559 sumptum,
1343 4489 1445 4538 vene-

316 4585 411 4654 rabili
428 4585 520 4652 fratri
545 4593 655 4654 nostro
739 4585 909 4654 colocensi
926 4581 1181 4670 Archiepiscopo
1207 4601 1265 4670 per
1289 4598 1445 4665 procura-
