3148 5156
620 901 698 968 329.

110 1079 190 1147 Cta'k
203 1081 322 1168 sculpi
336 1081 553 1147 tdruobrrueater
568 1085 598 1144 e's
614 1082 699 1145 uolui
711 1077 912 1167 fiuapommk
927 1081 1009 1147 birci
1030 1079 1222 1164 hotdrozotu,

109 1189 242 1275 melplpel
251 1188 400 1274 Kuppuo,
410 1187 508 1252 Huda
523 1192 554 1252 e's
565 1186 745 1252 Loszlonab
762 1187 1222 1275 birtokoitaaabctlpozao.1257.

207 1383 304 1452 Ghak
325 1384 483 1470 Magister
506 1383 762 1452 Tauarnioorum
788 1383 910 1454 domini
923 1377 1023 1470 Regis
1049 1391 1083 1452 et
1105 1384 1222 1454 (lomes

109 1493 308 1561 Zaladiensis
323 1493 471 1560 omnibus
496 1499 678 1579 presentem
693 1493 846 1580 paginam
870 1492 1064 1580 inspecturis
1083 1495 1222 1562 salutem

108 1604 136 1668 in
150 1605 293 1670 omnium
308 1605 481 1673 saluatoro.
507 1603 740 1672 Vniuersorum
754 1603 873 1672 notieic
889 1610 1001 1672 tenore
1016 1605 1222 1690 presencium

109 1709 251 1778 duximus
263 1711 504 1796 declarandum,
520 1710 694 1796 quodcum
710 1710 859 1778 dominus
869 1717 979 1779 noster
989 1712 1221 1781 Belalllustris

107 1820 169 1886 Rex
182 1820 329 1904 Vngarie
354 1826 386 1887 et
401 1821 477 1887 Dux
502 1821 599 1888 Stiric
615 1821 658 1888 ud
677 1819 872 1890 comitatum
898 1821 1125 1890 Zaladiensem
1148 1823 1220 1892 vioe

107 1948 237 2014 persone
262 1947 321 1995 sue
337 1930 528 1996 auctoritate
552 1930 691 2017 pleniori
710 1951 768 2017 pro
793 1930 890 1998 lactis
906 1937 1064 1998 terrarum
1088 1937 1123 1998 et
1145 1931 1220 2016 alijs

107 2035 223 2106 iuribus
240 2037 351 2104 (lustri
375 2036 517 2104 indebite
542 2038 710 2126 occupatis
736 2058 795 2106 seu
815 2037 956 2107 detentis
981 2059 1041 2108 nos
1066 2038 1220 2124 misisset,

108 2142 208 2214 dando
224 2145 259 2212 in
284 2145 459 2230 mandatis,
485 2151 520 2214 ut
536 2145 620 2214 sicut
644 2147 717 2214 iura
733 2147 840 2216 (lustri
865 2147 917 2216 sui
931 2169 991 2236 per
1010 2149 1095 2218 alios
1119 2147 1222 2216 nollet

108 2251 247 2336 detineri,
276 2253 325 2319 sic
340 2259 373 2320 et
388 2255 526 2322 aliorum
541 2255 613 2322 iuru
629 2277 692 2324 uon
709 2263 885 2342 pateretur,
910 2277 969 2326 nec
984 2277 1043 2328 nos
1058 2254 1221 2343 permitte·

106 2379 204 2430 remus
221 2381 282 2448 per
298 2359 458 2448 Castrum,
475 2383 532 2431 seu
549 2363 685 2450 populos
702 2365 746 2430 ad
762 2365 913 2432 Castrum
928 2365 1135 2450 pertinentes,
1162 2363 1220 2431 ali·

106 2479 258 2552 quatenus
276 2471 440 2556 occupari,
456 2471 514 2538 sed
529 2473 643 2556 pocius
659 2471 816 2556 inquisita
830 2469 1107 2560 pleniusjueritate
1121 2471 1217 2538 linem

106 2577 242 2646 debitum
258 2579 293 2646 in
308 2579 455 2664 negocijs
479 2579 601 2648 talibus
627 2580 759 2648 racione
774 2580 887 2664 preuia
909 2579 1106 2666 faceremus,
1135 2579 1219 2646 inter

106 2695 207 2754 caera
231 2687 386 2774 Kuppan,
412 2687 510 2754 Hada
534 2693 566 2756 et
590 2686 765 2756 Ladiulaus
789 2687 833 2754 ad
858 2695 1003 2756 nostrum
1031 2686 1217 2754 accedendo

105 2793 303 2878 presenciam
318 2795 412 2864 uobis
428 2795 662 2881 querimoniam
680 2792 943 2882 porrexemnt'in
968 2793 1052 2862 huno
1068 2792 1217 2862 modum:

105 2901 191 2980 Quod
207 2925 281 2974 cnm
305 2911 450 2990 temporo
466 2905 676 2972 Tartarorum
691 2909 824 2991 proptor
839 2903 1037 2990 paucitatem
1060 2923 1169 2972 eorum
1186 2910 1219 2970 et

104 3033 250 3096 guerram
265 3013 409 3098 nimiam,
427 3033 466 3078 uc
482 3012 639 3096 timorem,
667 3032 730 3095 que
746 3012 845 3080 corda
860 3012 928 3080 iere
952 3011 1094 3080 omnium
1117 3012 1215 3082 homi-

105 3143 175 3190 uum
189 3124 382 3206 incusserat,
409 3139 445 3188 se
460 3141 532 3188 cum
548 3120 644 3188 terris
660 3121 726 3188 suis
741 3121 999 3206 speculatoribus
1018 3119 1218 3190 Zaladiensi·

106 3228 160 3296 bns
175 3232 217 3298 de
233 3229 351 3296 Karka
374 3227 607 3312 adiunxissent,
632 3234 668 3295 ut
683 3227 857 3298 coadunati
876 3247 912 3296 se
936 3235 1072 3316 possent
1095 3235 1218 3298 suston-

104 3343 167 3405 tare
184 3335 387 3406 commodius
397 3343 430 3402 et
444 3335 537 3420 tueri,
553 3335 654 3421 ¹ijdem
664 3337 882 3423 speculatores
890 3337 983 3424 ipsis,
1001 3347 1033 3406 et
1048 3338 1112 3424 ipsi
1122 3337 1217 3408 dictis

102 3445 355 3530 speculatoribus
379 3442 524 3510 vicissim
554 3443 588 3508 in
613 3443 760 3512 omnibus
790 3444 978 3532 affuissent3
1011 3447 1217 3533 postmodum

102 3559 203 3618 autem
220 3572 280 3639 per
290 3550 444 3618 Diuinam
460 3551 614 3636 pietatem
624 3553 738 3638 Regno
755 3553 799 3620 ad
814 3559 933 3621 statum
943 3555 1109 3622 meliorem
1120 3555 1217 3623 refor-

103 3667 184 3727 mato
200 3668 235 3726 et
250 3659 284 3726 in
296 3657 565 3744 tranquillitatem
580 3660 696 3746 posito,
713 3679 786 3728 cum
802 3681 839 3728 sc
849 3681 920 3730 cum
937 3661 1032 3730 terris
1049 3683 1159 3732 eorum
1174 3661 1216 3728 ab

101 3765 239 3853 ipsorum
251 3767 486 3856 speculatorum
502 3767 669 3838 consorcio
680 3788 835 3855 separare
846 3769 1032 3858 voluissent,
1052 3779 1215 3854 canentes,

101 3895 138 3943 ue
152 3877 297 3946 libertati
312 3876 455 3963 ipsorum
465 3873 589 3960 aliquid
607 3875 806 3963 impingatur
818 3885 948 3966 propter
966 3879 1048 3946 tanti
1061 3879 1215 3966 temporis

99 3985 328 4072 prolixitatem,
346 3993 379 4054 et
394 3991 626 4069 consequenter
642 3988 784 4072 ipsorum
806 3988 979 4056 heredibus
1002 3989 1036 4056 in
1051 3987 1213 4072 tuturum3

101 4091 193 4177 ijdem
222 4093 445 4182 speculatores
462 4099 494 4159 et
509 4093 623 4160 fratres
649 4094 699 4160 sui
716 4094 810 4161 nobis
826 4095 952 4164 litteras
976 4095 1098 4162 domini
1114 4093 1213 4179 Regis

100 4211 332 4289 presentarunt,
349 4211 383 4270 ut
400 4203 568 4272 sciscitata
578 4205 706 4290 plenius
721 4205 859 4272 ueritate
874 4204 916 4271 de
930 4205 1072 4291 ipsorum
1091 4205 1214 4272 iuribus

101 4321 129 4378 ot
142 4323 231 4382 statu
247 4315 345 4382 finem
371 4312 514 4382 debitum
529 4312 719 4380 laceremus.
745 4315 863 4382 Verum
880 4312 1042 4402 (quamuis
1061 4311 1215 4400 rece)ptis

100 4419 209 4491 littoris
220 4421 342 4491 domini
357 4422 456 4509 Regis
466 4431 499 4490 et
513 4421 668 4508 inspectis
684 4421 726 4490 de
742 4426 887 4510 ipsorum
898 4431 984 4492 statu
1000 4425 1103 4492 libero
1117 4421 1214 4491 nobis

100 4531 270 4600 manifesta
285 4539 318 4600 et
334 4529 467 4600 euidens
492 4531 580 4598 racio
596 4533 776 4618 patuisset;
802 4538 911 4598 tamen
927 4531 970 4598 ad
993 4533 1149 4600 maiorem
1165 4531 1215 4598 rei

100 4641 297 4710 euidenciam
314 4661 385 4709 cum
401 4639 559 4728 serilatim
576 4639 721 4729 domino)
737 4640 818 4725 Regi
834 4639 956 4708 factum
972 4640 1125 4727 ipsorum
1137 4639 1213 4706 reoi-

140 4778 240 4817 uortrr.
257 4779 338 4818 nuru.
355 4779 423 4816 ursr.
440 4779 510 4815 nuru.
531 4787 564 4796 ·-
587 4769 616 4807 12·
1012 4759 1051 4818 30
