3112 5148
658 876 735 946 lot.

119 1055 178 1124 IV.
187 1058 270 1126 Belo
285 1055 453 1146 kirdlynale
464 1055 647 1144 Kovorozeq
652 1057 760 1144 felde
773 1063 926 1146 tdryyazd
936 1059 1117 1149 odmoooya
1127 1057 1255 1144 Mittor,

457 1164 634 1250 Odicdltfia
649 1171 806 1236 coemere.
823 1167 922 1234 1244.

225 1363 311 1431 Bela
330 1363 395 1431 Dei
411 1361 527 1448 gracia
542 1361 613 1432 Rex
638 1361 874 1450 primogenitus
899 1361 985 1454 (lgy)
1002 1365 1103 1451 Regis
1123 1365 1254 1450 Hungu-

122 1473 168 1540 rie
181 1473 335 1542 omnibns
353 1470 549 1540 Christianis
573 1479 759 1559 presentem
774 1473 930 1560 paginam
946 1471 1141 1562 inspecturis
1165 1473 1251 1540 salu·

120 1590 182 1648 tem
197 1581 385 1650 inDomino
395 1580 637 1666 sempiternam.
654 1578 735 1648 (lum
745 1579 994 1648 inmultitadine
1011 1579 1152 1649 fidelium
1163 1580 1250 1649 nitor

122 1689 250 1756 Corone
264 1688 370 1773 Regio
386 1687 555 1775 consistat,
580 1685 677 1756 debet
692 1687 918 1757 consideraoio
939 1695 1054 1757 nostra
1068 1709 1107 1758 eo
1124 1695 1253 1774 gretan·

122 1797 191 1864 eius
206 1795 465 1882 obsequencium
488 1795 612 1864 meritis
637 1793 847 1884 respondero,
870 1815 934 1882 quo
951 1801 1079 1865 constat
1093 1803 1126 1864 et
1141 1816 1253 1864 eorum

120 1905 313 1974 fidelitatem
331 1903 437 1990 magis
452 1901 597 1989 accendi,
622 1913 655 1971 et
669 1906 761 1993 ipsos
777 1902 950 1973 ardencius
969 1905 1178 1993 multiplicari
1193 1925 1253 1993 per

123 2013 352 2082 munificencia
366 2013 471 2098 Regia
488 2012 575 2100 (lgy)
590 2011 787 2097 largitatem.
814 2013 954 2082 Proinde
969 2011 1013 2081 ed
1029 2013 1254 2082 uniuersorum

122 2131 188 2191 tam
204 2124 413 2213 presencium
429 2143 526 2208 quem
551 2121 729 2193 futurorum
746 2125 900 2192 noticiam
926 2124 1042 2192 harum
1061 2123 1147 2193 serie
1162 2125 1253 2193 uolu-

122 2253 192 2300 mus
207 2229 392 2320 peruenire,
419 2231 506 2317 qnod
521 2251 581 2301 nos
597 2232 782 2300 salubribus
799 2234 930 2302 monitis
950 2233 1089 2320 inuitati,
1107 2231 1254 2301 conside-

122 2341 267 2408 rauimus
293 2341 489 2430 multiplicia
513 2340 654 2408 seruicia
679 2339 790 2408 dilecti
815 2347 848 2408 et
863 2341 969 2408 fidelis
995 2341 1099 2410 nostri
1122 2339 1253 2409 Nicolai

121 2448 180 2534 diij
207 2447 341 2516 Obichk
366 2449 409 2516 de
434 2445 539 2536 Zyud,
566 2467 629 2533 que
654 2446 748 2514 uobis
772 2467 811 2516 eo
837 2454 983 2535 tempore
1006 2447 1165 2535 inpendit,
1191 2468 1255 2532 quo

124 2555 532 2624 adnomitesTartaromm
547 2557 696 2642 Regnum
709 2561 855 2623 nostrum
870 2556 1048 2642 inuaserat,
1067 2561 1099 2622 et
1109 2574 1168 2622 nos
1184 2574 1255 2642 pre-

124 2665 211 2732 sidio
237 2663 316 2750 fuge
341 2665 384 2732 ad
401 2672 513 2753 partes
540 2665 723 2732 maritimas
748 2665 1025 2754 proficisceremur
1050 2669 1127 2730 ante
1152 2663 1253 2750 ipsos,

123 2791 303 2858 omnesque
311 2773 459 2842 Berones
471 2793 510 2840 ac
526 2773 618 2841 multi
634 2775 761 2843 nobiles
777 2775 882 2861 Regni
901 2775 1004 2843 nostri
1014 2773 1253 2859 deseruissent;

122 2887 198 2948 tunc
213 2880 304 2948 idem
316 2881 475 2950 Nieolaus
490 2901 551 2950 nos
566 2883 753 2951 nullatenus
769 2881 955 2970 dereliquit,
978 2883 1036 2952 sed
1051 2882 1165 2971 pocius
1182 2901 1255 2950 cum

123 2989 210 3056 omni
226 2989 357 3056 familia
381 2990 497 3058 domus
514 3009 572 3059 sue
588 3011 691 3079 nsque
716 2989 758 3059 ud
774 2989 900 3058 insulas
917 2989 1098 3058 maritimas
1117 2987 1178 3058 tuit
1193 3009 1254 3056 nos

122 3107 264 3184 secutus,
289 3097 423 3166 tandem
438 3097 482 3168 de
497 3099 658 3186 Tragurio
674 3098 718 3168 ad
734 3097 866 3168 (iuriam
882 3101 1063 3169 Romanam
1078 3119 1135 3188 per
1151 3101 1255 3166 multa

122 3208 273 3296 pericula
287 3207 427 3277 marium
443 3215 476 3276 et
491 3216 661 3298 terrerum,
687 3230 785 3298 super
799 3209 1004 3298 impetranda
1022 3209 1254 3304 procuracione

122 3315 371 3384 venerabilibus
397 3315 553 3405 patribus,
581 3317 637 3403 qni
662 3315 706 3385 ad
732 3316 962 3404 gubernandas
988 3317 1256 3404 strigoniensem,

123 3424 351 3510 Colocensem,
368 3421 583 3493 Gouriensem
593 3425 772 3509 Ecclesiae,
787 3445 900 3496 eorum
916 3425 1178 3495 antecessoribus
1197 3443 1257 3512 per

122 3531 275 3618 lugubris
301 3533 457 3601 memorie
471 3535 628 3602 Tartaros
643 3535 857 3624 interemptis,
883 3535 1011 3603 fuerent
1027 3533 1197 3623 postulati,
1221 3533 1256 3600 in

9 3645 10 3674 ¹
126 3650 240 3710 nostra
249 3642 425 3729 legacione
437 3642 564 3712 ardenti
579 3641 689 3712 studio
705 3651 756 3712 est
766 3644 942 3731 profectus.
963 3643 1000 3710 In
1011 3664 1075 3729 quo
1091 3641 1256 3711 factotum

124 3752 306 3818 eminenter
322 3749 416 3819 nobis
433 3759 466 3820 et
476 3751 590 3838 Regno
605 3752 801 3841 nostroipsa
811 3749 897 3821 Sede
907 3753 1100 3840 Apostolice
1118 3757 1257 3818 uacante

9 3853 10 3856 ’
124 3857 275 3944 seruiuit,
303 3857 392 3943 quod
408 3857 452 3924 ad
468 3857 664 3928 releuandas
689 3868 764 3948 post
779 3865 905 3926 tantum
929 3878 1041 3926 casum
1057 3865 1125 3925 tam
1141 3857 1257 3943 prinoi-

123 3967 217 4054 pales
234 3966 343 4052 Regni
365 3967 466 4035 nostri
493 3970 685 4056 columpnas
711 3988 748 4038 se
772 3967 868 4037 nobis
894 3967 1041 4036 exhibuit
1067 3965 1256 4033 uirtuosum.

124 4075 207 4144 Item
223 4093 298 4143 cum
315 4083 389 4163 post
412 4095 576 4146 recessum
591 4077 803 4148 Terturoram
826 4076 870 4145 ed
887 4073 1020 4146 easdem
1035 4083 1147 4162 partes
1163 4075 1259 4141 mari·

124 4185 224 4252 timus
240 4203 453 4272 mergeremus
468 4185 672 4274 secundario,
700 4194 733 4256 et
747 4207 845 4276 super
861 4186 948 4255 facto
964 4182 1079 4254 Jedrie
1098 4184 1257 4251 internos

125 4300 157 4360 et
171 4293 322 4362 Uenetos
337 4303 424 4364 esset
439 4295 605 4366 discordia
619 4297 796 4383 susciteta3
819 4297 891 4384 ipse
906 4293 1013 4363 fidelis
1028 4292 1185 4362 Nicolsus
1201 4314 1258 4361 no·

9 4437 10 4470 r
123 4401 175 4470 bis
192 4402 396 4473 mittentibus
406 4405 566 4474 venecias
582 4405 753 4492 accedens,
770 4407 898 4473 litteras
914 4403 1163 4492 conposicionis,
1187 4409 1257 4470 tam

126 4529 166 4578 ex
182 4517 280 4598 parte
290 4519 401 4582 nostre
416 4512 461 4580 ad
477 4514 568 4602 ipsos
578 4515 732 4602 Uenetos,
749 4537 847 4604 quam
859 4513 963 4582 eciem
979 4533 1175 4596 cconuerso,
1194 4529 1259 4579 non

126 4617 198 4686 sine
214 4638 339 4706 magna
363 4619 578 4708 prouidencia
601 4623 757 4712 condidit,
781 4623 847 4690 illis
867 4641 945 4689 suus
961 4629 994 4688 et
1010 4619 1104 4688 nobis
1128 4623 1258 4684 nostras

1039 4735 1100 4790 11*
