3148 5156
809 295 956 402 gop-

325 503 496 582 lassamus,
522 491 608 563 idem
623 493 680 583 pia
695 497 961 565 consideracione
973 496 1124 566 inductus
1140 496 1280 584 singula,
1306 516 1369 584 que
1388 493 1452 564 sibi

327 605 525 691 dicebamus,
544 601 641 670 corde
657 604 853 689 recolligens
868 604 1016 692 pleniori,
1041 623 1082 670 ne
1097 605 1276 691 peripsum
1300 603 1453 688 cuiquam

326 711 541 798 preiudicium
556 712 660 797 lieret,
677 732 777 799 aquo
793 713 939 799 graciam
955 713 1174 799 prestolantur
1193 711 1343 798 uniuersi,
1360 710 1452 799 ipsos

329 843 350 886 a
366 821 425 888 tali
441 827 519 886 nota
535 841 608 887 curn
633 819 701 887 suis
718 819 812 888 terris
831 819 1013 906 eximendo,
1040 820 1182 887 maxime
1196 841 1255 907 pro
1280 819 1404 886 meritis
1420 829 1453 887 et

331 929 480 996 seruiciis
495 929 644 1015 Magistri
661 929 829 998 Benedicti
843 929 971 1014 Notarij
987 928 1153 998 lanssimi
1168 928 1229 997 filii
1252 928 1304 995 sui
1331 926 1454 997 domiui

328 1038 428 1124 Regis
454 1037 613 1124 Stephani
638 1037 750 1106 lratris
776 1037 961 1126 eorundem,
986 1038 1043 1124 qui
1067 1035 1197 1121 quidem
1220 1035 1361 1104 seruicia
1387 1035 1453 1123 ipsi

329 1143 458 1214 donnino
470 1145 555 1232 Regi
565 1147 611 1213 St.
630 1147 860 1232 atemporibus
870 1165 928 1214 sne
942 1145 1086 1232 puericie
1096 1144 1235 1213 fideliter
1244 1145 1449 1230 exhibuerat,

327 1275 387 1342 per
402 1275 464 1342 quc
479 1255 743 1322 remuneracione
759 1255 909 1342 ampliori
924 1255 1038 1322 merito
1052 1254 1157 1322 inerat
1179 1251 1389 1339 attollendus,
1414 1252 1449 1319 in

327 1384 494 1432 nnmerum
505 1362 719 1432 seruisncinm
730 1363 1004 1432 snorumrestituit
1014 1384 1087 1432 curn
1097 1364 1240 1452 ipsorum
1249 1360 1450 1451 posteritate,

328 1493 368 1541 ac
383 1478 539 1561 perpetuo
555 1473 736 1542 collocauit.
764 1472 907 1553 Quorum
923 1473 1028 1541 eclam
1052 1481 1211 1542 terrarum
1232 1477 1327 1560 mere,
1352 1476 1451 1558 prout

328 1581 459 1650 Blasius
475 1582 591 1650 (lomes
616 1580 703 1650 lilius
718 1582 854 1668 Detrici,
882 1581 1013 1666 iobagio
1030 1580 1137 1649 Oastn'
1151 1579 1368 1666 Zaladicnsis,
1395 1579 1453 1665 qui

329 1689 373 1757 ad
388 1689 603 1760 circueundas
628 1689 759 1759 modern
774 1696 880 1759 terras
896 1711 917 1758 a
933 1690 1064 1760 domino
1079 1693 1169 1777 Rege
1193 1689 1394 1778 specialiter,
1422 1695 1456 1755 et

330 1799 467 1868 Sanknd
483 1800 614 1885 iobagio
631 1799 777 1868 eiusdem
794 1799 899 1868 Oastri
915 1819 955 1867 ex
970 1807 1064 1888 parta
1079 1799 1184 1868 nostri
1206 1797 1298 1866 missi
1312 1796 1454 1882 lucrant,

330 1910 426 1978 uobis
449 1909 635 1997 recitarunt,
661 1909 723 1978 hoc
748 1909 861 1978 ordina
886 1909 1130 1995 distinguntur:
1156 1907 1275 1996 Incipit
1298 1906 1385 1975 enim
1410 1906 1455 1972 ab

332 2020 455 2086 oriente
471 2037 572 2106 snpra
586 2017 805 2086 molendinum
823 2018 926 2105 Suyls,
952 2017 1007 2086 ubi
1023 2026 1073 2087 est
1090 2023 1177 2086 meta
1192 2025 1316 2104 terroa;
1337 2015 1457 2084 dehine

331 2145 444 2196 versus
470 2127 636 2195 meridiem
651 2127 743 2196 veuit
755 2147 857 2215 prope
882 2127 988 2214 pirum
1003 2127 1168 2212 quendam
1194 2125 1237 2194 ad
1252 2131 1372 2195 metam
1390 2133 1455 2194 ter·

332 2253 419 2303 ream
432 2259 440 2323 3
458 2236 575 2304 deinde
591 2235 624 2302 in
640 2236 696 2304 nia
711 2235 835 2306 directa
851 2237 943 2306 uadit
958 2237 1002 2304 ad
1015 2235 1200 2324 Kysegnrd,
1226 2235 1283 2304 ubi
1298 2242 1349 2302 est
1367 2241 1458 2303 meta

331 2351 457 2432 terrea5
484 2344 601 2413 deinde
616 2347 766 2434 superius
791 2346 825 2414 ln
842 2346 985 2432 quadam
999 2369 1090 2436 onega
1105 2345 1253 2415 ascendit
1277 2344 1321 2412 ad
1336 2353 1458 2412 metam

331 2461 473 2523 terream
489 2453 532 2522 ad
548 2457 663 2524 collem
679 2455 860 2542 quendam;
878 2453 997 2524 deinde
1012 2455 1046 2523 iu
1056 2457 1112 2524 via
1130 2455 1174 2524 ad
1185 2455 1323 2540 vallem,
1340 2452 1459 2522 dehinc

331 2563 366 2630 iu
382 2565 578 2652 magnauia,
595 2585 658 2651 que
673 2564 818 2632 nnditad
828 2565 958 2634 domum
968 2565 1058 2632 Bura
1072 2563 1228 2650 usquead
1237 2561 1309 2630 Bud
1328 2581 1458 2649 gepwe,

331 2673 419 2739 circa
434 2693 531 2759 quem
546 2671 653 2740 locum
668 2672 813 2742 declinat
826 2673 861 2740 iu
873 2699 962 2763 mapa
978 2673 1120 2760 quadarn
1136 2672 1180 2740 ad
1196 2671 1399 2741 occidentem
1414 2669 1459 2737 ad

333 2781 462 2866 uallem,
481 2799 543 2866 qne
559 2781 942 2870 diciturWasardwelge,
959 2782 1014 2851 nbi
1032 2789 1178 2850 astructa
1193 2787 1318 2866 terrea,
1338 2778 1459 2846 abhinc

333 2889 426 2958 radit
442 2890 486 2962 ad
510 2891 606 2958 finem
622 2889 768 2974 Ohichou
793 2911 929 2978 gepwe;
954 2891 1071 2960 dehinc
1094 2911 1208 2960 uersus
1231 2887 1400 2957 meridiem
1423 2889 1459 2956 in

335 2996 476 3082 quadam
492 3021 582 3087 mapa
599 2999 741 3067 uaditad
758 3000 876 3067 siluam
892 3004 956 3083 air,
972 3001 1029 3068 nbi
1044 3005 1208 3085 estnon,
1225 2995 1343 3066 deinde
1359 2995 1461 3064 decli·

334 3114 515 3174 natnersns
531 3104 743 3192 occidentem,
760 3113 794 3174 et
807 3108 842 3174 iu
859 3106 973 3175 eadem
984 3107 1070 3176 silua
1084 3107 1178 3175 uadit
1192 3127 1252 3195 per
1269 3113 1336 3174 tres
1353 3110 1460 3174 metas

334 3219 470 3300 terreas,
496 3223 529 3283 et
544 3215 611 3282 exit
626 3215 666 3283 de
682 3214 797 3283 eadem
814 3215 900 3284 silua
916 3213 960 3284 ad
975 3222 1094 3284 metam
1109 3223 1261 3301 terream,
1281 3213 1366 3281 etin
1382 3231 1460 3300 qna·

337 3321 412 3388 dam
428 3347 516 3410 mapa
531 3324 624 3392 uadit
648 3326 799 3414 superins
825 3326 868 3394 ad
886 3326 1079 3414 aquilonem,
1105 3331 1138 3394 et
1154 3325 1223 3394 exit
1241 3322 1285 3393 ad
1309 3323 1399 3392 niam
1415 3319 1460 3388 ad

336 3437 456 3496 metam
471 3435 621 3520 terream,
644 3433 678 3500 ln
698 3453 762 3518 qua
777 3433 833 3502 uia
848 3434 914 3501 itur
930 3434 973 3503 ad
989 3435 1162 3502 ecclesiam
1178 3432 1290 3500 Sancti
1302 3429 1458 3517 Georgij;

336 3536 454 3606 deinde
469 3537 503 3604 in
527 3538 642 3608 eadem
657 3541 713 3609 ria
728 3543 822 3610 uadit
846 3561 950 3628 usque
966 3542 1009 3611 ad
1023 3543 1139 3629 locum,
1166 3541 1222 3611 ubi
1239 3538 1354 3609 eadem
1368 3545 1460 3608 terra

336 3653 509 3736 separatur
524 3669 546 3715 a
559 3653 647 3716 terra
663 3649 804 3738 Dionisij
820 3649 879 3736 filij
896 3650 1032 3719 Comitis
1048 3649 1193 3738 Georgii,
1218 3657 1252 3718 ct
1267 3649 1385 3718 eadem
1403 3647 1461 3714 uia

336 3763 469 3843 separat
493 3757 600 3844 ipsam
625 3765 745 3826 terram
770 3777 830 3846 per
855 3767 959 3827 metas
985 3759 1138 3846 antiquas
1163 3765 1296 3826 eterra
1319 3753 1461 3846 predicti

337 3865 477 3952 Dionisij
493 3885 595 3950 usqne
612 3865 655 3932 ad
671 3867 788 3954 locum,
813 3867 869 3954 qni
885 3867 1005 3936 dicitnr
1019 3867 1224 3956 Bolcoalpda,
1245 3865 1302 3934 nbi
1318 3863 1409 3934 cadit
1425 3864 1460 3930 in

337 3993 456 4059 aquam
472 3971 596 4059 Karka,
614 3979 647 4042 ct
662 3975 697 4042 in
712 3974 828 4044 eadem
845 3995 932 4061 aqua
948 3975 1199 4064 uaditsuperins
1214 3994 1318 4062 usque
1333 3973 1378 4042 ad
1397 3991 1461 4041 mc·

337 4089 406 4149 tarn
420 4080 572 4170 priorem,
599 4089 632 4149 at
646 4082 694 4150 sic
709 4085 910 4154 terminatur.
936 4083 975 4152 In
992 4085 1084 4154 cuins
1103 4085 1151 4153 rel
1175 4084 1364 4152 memoriam
1389 4101 1461 4170 pra·

338 4199 447 4258 sentes
463 4189 589 4258 litteras
605 4192 824 4262 concessimus
840 4193 943 4280 sigilli
959 4193 1061 4262 nostri
1086 4193 1263 4260 munimine
1278 4191 1461 4260 roboratas

338 4299 459 4367 Datum
483 4319 568 4368 anno
584 4300 627 4368 ab
643 4301 876 4372 lucarnacions
892 4301 1026 4371 Domini
1051 4301 1226 4372 millesimo
1240 4299 1463 4369 ducentesimo

339 4405 607 4496 quinquagesimo
627 4411 777 4499 septimo.

340 4549 476 4620 (Braneus
487 4551 660 4622 bdrhdrtydn,
679 4555 804 4624 melynsk
817 4557 877 4612 sold
890 4557 1116 4626 sslyemaslndron
1129 4555 1240 4628 nlggcrt
1253 4551 1374 4624 peesdtje
1393 4554 1462 4609 elre-

598 4651 673 4708 ssett,
688 4647 798 4700 abudal
810 4649 862 4700 klr.
875 4649 998 4701 kamarai
1010 4643 1200 4716 lsvtlctrban.)
