3122 5154
836 330 898 393 122

306 528 453 612 dicimus,
480 547 517 594 eo
535 527 708 612 specialior
725 533 756 594 et
773 526 878 593 maior
893 524 1026 593 tristitia
1042 546 1097 593 cor
1113 533 1261 594 nostrum
1276 527 1432 614 implevit,

304 657 367 720 quo
384 637 417 702 in
434 637 504 723 ipso
532 637 671 723 purioris
697 656 777 720 erga
793 638 899 702 Deum
914 643 947 702 et
963 633 1188 721 Apostolicam
1204 635 1323 704 Sedem
1339 638 1435 724 signa

304 745 486 812 devotionis
513 745 707 829 invenimus,
734 766 798 830 quo
815 746 904 811 clare
929 745 1081 812 memorie
1108 747 1337 831 progenitores
1362 753 1435 814 tuos

304 861 336 920 et
352 853 588 921 Excellentiam
612 852 749 938 Regiam
779 854 812 919 in
831 850 1031 935 exequendis
1048 853 1193 920 Ecclesia
1218 855 1436 940 beneplacitis

304 981 376 1028 esse
392 962 538 1028 novimus
556 961 782 1046 promptiores.
799 961 942 1027 Firmum
968 961 1066 1044 igitur
1090 981 1181 1048 spem
1192 963 1226 1026 in
1241 961 1300 1030 illo
1317 982 1437 1047 ponen-

304 1078 363 1156 tes,
383 1072 438 1153 qui
465 1069 526 1136 atsi
542 1069 623 1152 Regi
641 1069 849 1154 Assyriorum
866 1067 1065 1136 Senacherib
1091 1069 1228 1136 liberum
1253 1073 1286 1137 in
1314 1079 1436 1138 terram

305 1178 440 1246 Israelis
457 1179 639 1260 ingressum
656 1177 812 1260 exhibuit,
840 1197 935 1262 super
952 1177 1090 1244 llaeclrie
1106 1184 1216 1244 tamon
1241 1179 1436 1246 contritione

306 1292 502 1369 commotus,
530 1284 793 1351 adversariorum
822 1282 1059 1350 multitudinem
1086 1293 1181 1351 nocte
1209 1305 1275 1350 una
1303 1285 1435 1372 delerit,

306 1393 522 1460 Serenitatem
547 1399 636 1459 tuam
653 1409 820 1459 monemus
847 1397 879 1456 et
894 1391 1061 1458 hortamur
1078 1397 1210 1475 attente,
1239 1398 1270 1458 et
1284 1393 1436 1460 obsecra-

307 1523 376 1570 mus
405 1503 437 1567 in
454 1501 592 1569 Domino
619 1503 697 1568 Jesu
717 1499 854 1581 Christo,
882 1506 1041 1584 quatenus
1068 1500 1101 1564 in
1117 1520 1155 1566 co
1177 1500 1354 1586 confidens,
1380 1505 1438 1586 qui

308 1611 434 1677 salvum
450 1609 528 1675 facit
553 1609 708 1694 populum
726 1607 890 1689 humilem,
918 1613 950 1672 ct
966 1607 1092 1672 oculum
1109 1607 1258 1674 humiliat
1282 1629 1437 1694 arrogan-

308 1727 381 1805 tem,
401 1718 443 1784 ad
461 1716 682 1784 defensionem
699 1713 805 1799 Regni
821 1713 960 1800 predicti
976 1719 1008 1779 et
1028 1713 1188 1781 catholice
1204 1715 1287 1798 fidei,
1314 1723 1376 1799 que
1391 1722 1438 1786 ab

309 1827 432 1893 eisdem
454 1825 601 1892 Tartaris
627 1825 814 1909 specialiter
843 1822 985 1889 noscitur
1009 1823 1201 1907 expugnari,
1228 1829 1376 1908 potenter
1403 1835 1439 1892 et

306 1934 452 2016 viriliter,
480 1933 563 1998 sicut
579 1931 671 1997 decet
687 1933 841 2016 Regalem
865 1930 1131 2014 magnitudinem,
1157 1937 1189 1997 te
1209 1932 1384 2014 accingens
1400 1933 1439 1998 in

306 2043 435 2108 illorum
461 2037 702 2122 expugnatione
727 2058 764 2104 eo
794 2037 969 2106 studiosior
993 2045 1024 2104 et
1049 2038 1225 2106 ferventior
1249 2059 1342 2105 eures
1368 2041 1439 2106 exi·

308 2159 402 2232 stere,
428 2169 491 2232 quo
506 2147 539 2212 in
555 2148 616 2214 hoc
633 2146 864 2214 exaltationem
878 2149 925 2213 tui
952 2147 1091 2215 nominis
1109 2153 1140 2214 et
1159 2148 1291 2216 honoris
1317 2149 1437 2216 lortius

309 2259 488 2326 dinosceris
505 2276 688 2343 procurare.
709 2256 778 2322 Nos
795 2257 880 2322 enim
896 2257 955 2322 tibi
972 2265 1005 2322 et
1014 2257 1126 2342 Regno
1142 2256 1298 2344 predicto,
1319 2256 1442 2342 quibus

307 2368 447 2434 intanto
469 2363 675 2433 necessitatis
692 2364 827 2432 articulo
845 2365 957 2432 deesse
974 2386 1036 2432 non
1053 2385 1239 2450 possumus,
1265 2385 1324 2431 nec
1340 2364 1442 2431 debe-

309 2495 389 2562 mus,
408 2474 520 2541 efficax
547 2473 733 2540 curabimus
760 2472 916 2539 auxilinm
933 2480 965 2538 et
982 2474 1162 2557 consilium,
1189 2480 1350 2540 annuente
1373 2475 1444 2540 Do-

308 2585 406 2668 mino,
423 2583 592 2670 impertiri,
613 2603 651 2648 ac
661 2601 837 2669 personam
853 2589 885 2647 et
900 2581 1059 2648 familiam
1080 2589 1152 2650 tuas
1164 2581 1224 2648 sub
1234 2581 1445 2668 protectione

309 2691 403 2758 Sedis
419 2691 608 2775 Apostolice
635 2690 830 2776 recipientes
856 2697 887 2755 et
904 2695 1026 2774 nostra,
1053 2689 1114 2756 tibi
1137 2698 1169 2756 et
1194 2690 1353 2774 omnibus,
1380 2691 1444 2771 qui

309 2803 477 2882 assumpto
504 2797 608 2862 crucis
626 2796 795 2882 signaculo
812 2801 924 2862 contra
940 2797 1097 2861 Tartarus
1122 2795 1253 2862 cosdem
1268 2793 1313 2860 ad
1329 2791 1445 2860 delen-

310 2906 435 2974 sionem
451 2904 555 2988 Regni
579 2903 717 2990 predicti
733 2903 962 2990 processerint,
989 2903 1080 2968 illam
1101 2901 1338 2968 immunitatem
1364 2921 1446 2970 con-

310 3013 455 3080 cedimus
481 3033 617 3098 eamque
642 3013 877 3098 indulgentiam
903 3011 1090 3098 elargimur,
1123 3019 1294 3094 quaterne
1318 3013 1448 3078 Sancte

310 3121 571 3188 succurrentibus
588 3121 622 3185 in
643 3119 797 3188 Generali
813 3119 958 3187 Concilio
984 3117 1212 3186 conceduntur.
1238 3119 1359 3185 Datum
1377 3119 1447 3186 La·

310 3228 415 3298 tenaci
432 3229 518 3296 XVl.
536 3227 695 3295 kalendas
711 3227 800 3313 Julii,
821 3222 1048 3313 (Pontificatue
1064 3224 1180 3314 nostti)
1201 3246 1286 3293 anno
1302 3225 1375 3293 XV.

348 3427 477 3489 (Thainer
495 3427 530 3477 id.
545 3441 579 3475 m.
600 3427 691 3477 1.kot.
714 3428 822 3489 183.1.;
843 3443 867 3476 v.
886 3433 909 3476 ὂ.
929 3424 1008 3490 Fejdr
1023 3425 1086 3476 Cod.
1106 3425 1177 3492 Dipl.
1197 3425 1243 3475 IV.
1259 3426 1313 3476 kat.
1337 3427 1359 3474 l.
1382 3442 1403 3475 r.

820 3517 880 3567 216.
894 3515 924 3582 l.)
