3198 5160
641 270 793 368 joq-

200 421 206 430 ’
255 467 299 532 Et
315 485 377 549 ego
394 467 500 532 Lucas
517 465 722 554 spalatensis
742 464 925 534 Cauonicus
944 465 1080 534 Juratus
1096 463 1278 535 Communi·

151 573 225 638 tatis
243 571 308 640 biis
324 572 456 640 interfui
473 581 506 640 et
522 573 563 640 de
575 575 744 642 uoluntate
761 574 927 661 utriusque
941 575 1044 662 partis
1064 581 1197 660 rogatus
1216 575 1278 642 boc

150 681 246 748 breue
266 680 392 768 scripsi.

355 843 472 907 (Hiteles
487 841 603 896 anisolae
614 861 632 896 a
644 843 717 897 becci
731 863 768 896 os.
782 847 864 897 titlros
877 841 1069 914 levdltarbuu.)

578 1127 843 1145 w-

668 1592 746 1660 354.

145 1776 203 1840 IV.
221 1777 303 1840 Belo
318 1775 483 1862 kirdlynuk
499 1799 520 1840 a
535 1775 628 1841 Pilisi
641 1775 762 1842 odonak
786 1775 1022 1863 enqede'lgczdadt
1035 1797 1066 1839 ee
1082 1774 1274 1860 adoaoayoc

225 1886 381 1969 tdrffyozd
390 1883 617 1968 privilegiatam
632 1884 743 1948 Mdrio
758 1882 1071 1970 birdlyae'ozdmdro.
1091 1877 1189 1946 1259.

249 2081 288 2146 In
304 2079 435 2146 nomine
450 2077 571 2146 Sancte
583 2079 757 2146 Trinitatis
774 2086 806 2146 et
816 2079 1144 2150 IndiuidueUnitatis
1158 2079 1273 2148 Amen.

145 2189 223 2254 Bela
239 2187 304 2254 Dei
319 2188 434 2272 gracia
449 2185 626 2272 Hungarie,
652 2187 832 2273 Dalmaoie,
849 2187 994 2274 Oroacio,
1019 2191 1130 2276 Rama,
1148 2190 1272 2273 servio,

146 2294 295 2383 Gallicie,
323 2295 526 2382 Lodomoric,
547 2295 769 2382 Cumanieque
791 2299 861 2362 Rex
876 2298 911 2362 iu
934 2303 1135 2383 perpetuum.
1162 2299 1272 2364 Dona-

146 2405 267 2489 ciones,
295 2425 358 2492 que
382 2427 423 2472 ex
438 2407 541 2492 Regio
565 2405 779 2492 benignitatis
805 2405 1031 2474 munificencia
1056 2406 1091 2472 io
1116 2423 1273 2492 personas

144 2514 310 2597 quaslibet
325 2513 544 2600 conferuntur,
561 2535 601 2583 eo
616 2515 750 2583 firmiori
766 2513 887 2582 debent
901 2514 1018 2582 robore
1033 2512 1184 2599 stabiliri,
1209 2532 1272 2598 quo

143 2621 342 2690 concionibus
367 2622 470 2688 claret
494 2620 635 2708 indiciis,
662 2642 721 2708 per
737 2643 795 2690 eas
819 2621 926 2707 Regni
948 2619 1143 2690 utilitatibus
1167 2619 1271 2708 provi-

143 2729 222 2797 deri.
250 2731 294 2796 Et
314 2730 344 2796 si
359 2729 394 2798 id
409 2729 453 2796 sit
467 2729 665 2816 generaliter
690 2729 723 2796 iu
739 2727 976 2797 donacionibus
1001 2727 1199 2816 quibuslibet
1217 2728 1273 2796 ob-

143 2837 353 2925 servandum,
378 2840 566 2926 specialiter
590 2845 700 2908 tammr
717 2839 814 2908 debet
829 2841 864 2906 in
884 2839 1118 2906 munificenciis
1143 2844 1177 2906 et
1191 2838 1271 2908 libe·

142 2946 345 3033 ralitatibus,
362 2969 425 3032 que
436 2949 545 3016 invite
556 2948 1068 3036 inseparabilemproficiscuntur
1079 2953 1271 3032 consortem,

145 3053 252 3124 modis
269 3057 622 3144 omnibusobscrvari3
639 3056 808 3144 presertim
818 3075 889 3124 cum
905 3075 966 3122 uec
976 3056 1163 3124 donatorem
1173 3076 1273 3144 appa

141 3171 212 3232 reat
229 3185 270 3232 ex
287 3164 461 3232 redonata
487 3167 648 3235 sustinere
663 3164 912 3250 incommodum,
936 3171 970 3231 et
984 3165 1192 3235 donatarium
1206 3185 1272 3235 non

141 3281 210 3344 tam
228 3293 334 3358 suam,
355 3295 454 3359 quam
469 3277 575 3360 Regni
599 3275 773 3343 utilitatem
789 3273 943 3358 consequi
962 3279 996 3340 et
1010 3277 1165 3342 tutamen.
1189 3273 1274 3342 Hinc

142 3387 193 3450 est
209 3383 321 3467 igitur,
339 3382 426 3466 quod
443 3404 515 3450 cum
526 3391 600 3470 post
615 3385 786 3468 lesionem,
802 3403 901 3468 quam
911 3385 1024 3468 Regno
1041 3389 1151 3452 nostro
1163 3383 1275 3452 intulit
1330 3413 1336 3424 ·

141 3488 322 3555 crudelitas
338 3491 558 3575 Tartarorum,
576 3513 636 3560 nos
652 3482 694 3558 de
709 3492 814 3576 ipsius
829 3491 935 3575 Regni
954 3490 1168 3574 reparacione
1183 3490 1271 3558 solli·

141 3596 198 3662 citi
223 3603 256 3662 et
283 3597 407 3684 attenti,
432 3599 466 3664 in
495 3599 576 3666 locis
603 3599 786 3666 defensioni
811 3599 978 3666 bominum
1007 3597 1273 3666 convenientibus

142 3712 253 3772 castra
278 3708 422 3773 construi
447 3706 639 3792 faceremus,
656 3708 829 3774 carissima
854 3724 988 3772 consors
1004 3711 1115 3772 nostra
1137 3703 1273 3772 domina

142 3815 250 3880 Maria
265 3814 393 3896 Regina
408 3815 578 3898 Huogarie
604 3815 766 3900 quendam
783 3813 946 3880 desertum
972 3819 1115 3880 montem
1135 3813 1169 3878 iu
1185 3812 1272 3878 silva

141 3923 239 4008 Pelys
266 3921 479 4008 existentem,
512 3945 571 4010 pro
600 3932 706 3990 castro
734 3920 950 3989 construendo
976 3917 1019 3986 ad
1047 3918 1270 3984 defensionem
1308 3927 1309 3931 ’

141 4029 312 4098 viduorum
340 4036 372 4096 et
389 4031 617 4117 orphanorum,
644 4030 779 4096 anobis
805 4029 966 4096 instanter
990 4027 1085 4114 petiit
1109 4024 1174 4091 sibi
1199 4020 1271 4090 dari

143 4146 256 4204 contra
282 4139 499 4208 hostilitatem
515 4141 730 4226 Tartaricam‚
757 4159 820 4222 quc
836 4135 957 4204 cotidie
973 4133 1190 4204 formidabilis
1215 4131 1270 4196 im·

142 4246 307 4312 minabat:
325 4267 383 4314 nos
401 4257 520 4330 autem,
545 4249 600 4333 qui
618 4251 721 4314 eciam
739 4248 813 4314 loca
828 4243 1014 4312 huiusmodi
1030 4238 1222 4322 Beronibus,
1239 4245 1272 4304 et

142 4354 216 4420 aliis
233 4355 342 4439 Regni
369 4359 472 4422 nostri
489 4355 641 4422 fidelibus
665 4355 889 4440 largiebamur
905 4371 963 4436 pro
989 4347 1149 4415 faciendis
1169 4346 1270 4412 muni-

142 4463 301 4547 cionibus,
328 4465 393 4550 ipsi
411 4467 553 4533 consorti
580 4470 690 4531 nostre
707 4464 836 4530 domine
852 4461 978 4545 Regino
1003 4461 1145 4526 montem
1169 4455 1270 4522 dona·

142 4571 256 4659 rimus,
277 4591 374 4661 quem
391 4574 534 4662 petebat.
551 4575 588 4638 ln
600 4591 664 4663 quo
681 4573 755 4666 ipsa
771 4570 904 4640 domina
914 4569 1040 4660 Regina
1055 4564 1097 4632 de
1113 4584 1193 4635 auro
1210 4583 1269 4634 auo
