3148 5156
841 279 953 378 .-.5¹34

360 499 442 544 nem.
469 475 652 560 Religionis
669 473 797 540 domum
815 475 947 542 Domini
964 479 1148 546 decorantis
1164 477 1393 544 desiderantes
1409 493 1486 558 aug·

358 585 506 668 monteri,
533 583 560 649 si
577 590 687 648 nostro
703 581 736 646 in
752 581 814 647 hac
840 593 933 668 parte
958 587 1089 656 affectui
1115 587 1295 654 contrarius
1310 581 1486 668 quomodo·

355 694 435 760 libet
460 691 614 759 succedat
639 688 784 777 effeetus,
810 691 1020 760 uehementer
1043 695 1220 764 dolendum
1246 701 1296 760 est
1321 690 1430 778 nobis,
1453 698 1485 755 et

352 804 516 870 salubrem
540 800 628 866 circa
644 799 705 866 hoc
724 795 881 866 debemus
905 801 1061 870 adhibere
1088 803 1251 870 medelam
1275 796 1484 869 solicitudine

354 917 525 999 oportuna.
552 905 639 972 Sanc
664 904 747 970 siout
772 907 957 992 accepimus
982 910 1100 980 dilecto
1126 912 1194 978 tilio
1211 910 1342 976 Abbate
1368 906 1482 974 Sancti

352 1017 482 1086 Martini
499 1034 599 1100 supra
608 1013 808 1078 Pannoniam
824 1011 868 1078 ad
878 1016 1058 1084 Romanam
1069 1019 1250 1086 Ecclesiam
1263 1017 1352 1084 nullo
1373 1015 1482 1080 medio

351 1123 542 1214 pertinentis
557 1119 690 1188 Ordinis
706 1120 817 1186 Sancti
835 1120 1004 1190 Benedicti
1019 1126 1202 1194 lauriensis
1218 1124 1370 1192 Diocesis
1396 1122 1477 1188 rele-

352 1243 452 1318 rente‚
468 1231 562 1299 Beati
578 1226 748 1296 Benedicti
764 1228 1055 1300 excellentissimus
1071 1235 1150 1302 ordo
1162 1236 1196 1301 in
1211 1236 1323 1318 Regno
1334 1230 1483 1316 Vngarie

351 1351 420 1410 turn
445 1347 578 1427 propter
604 1336 709 1422 ipsius
734 1336 840 1419 Regni
865 1336 1151 1425 depopulationem
1177 1364 1198 1408 a
1222 1341 1373 1408 Tartaris
1401 1337 1481 1406 olim

352 1450 486 1534 laetam,
512 1455 580 1514 tum
596 1450 728 1531 propter
742 1442 907 1511 Abbatunr
924 1453 957 1512 et
973 1450 1204 1518 monachorum
1220 1450 1254 1516 in
1269 1445 1481 1515 monasteriis

353 1555 498 1624 eiusdem
508 1553 613 1638 Regni
628 1553 814 1636 degentium
830 1552 1035 1622 insolentiam
1048 1557 1091 1624 ad
1107 1565 1232 1624 tantam
1247 1553 1480 1625 dissolucionis

351 1665 517 1732 miseriam
533 1663 599 1729 iam
609 1661 749 1744 deuenit,
767 1659 854 1744 quod
870 1663 1001 1730 omnino
1012 1667 1133 1751 peribit
1148 1665 1277 1751 ibidem,
1299 1661 1363 1730 nisi
1381 1661 1480 1728 celeri

350 1772 456 1840 eidem
480 1769 624 1836 remedio
640 1787 699 1854 per
715 1766 868 1833 Diuinam
893 1770 1098 1838 clementiam
1124 1779 1157 1837 et
1171 1769 1362 1858 Apostolice
1381 1768 1480 1834 Sedis

349 1876 590 1966 prouidentiam
607 1881 804 1942 suecurctur.
825 1875 917 1942 Vnde
934 1897 993 1943 nos
1011 1877 1052 1944 de
1068 1878 1181 1944 eodem
1199 1877 1327 1944 Abbate
1344 1877 1479 1962 plenam

350 1987 384 2052 in
399 1986 538 2054 Domino
555 1981 706 2048 fiduciam
732 1981 924 2065 obtinentes,
950 1985 1093 2069 eligendi
1118 1993 1184 2053 tres
1200 1985 1346 2052 Abbates
1372 1983 1480 2070 ipsius

352 2091 484 2160 Ordinis
500 2090 604 2156 zelum
619 2089 788 2172 habentes,
814 2089 918 2175 ipsius
934 2112 1005 2159 cum
1023 2094 1161 2161 consilio
1176 2101 1209 2160 et
1224 2112 1362 2160 assensu
1379 2089 1479 2176 Oapi-

348 2200 409 2266 tuli
432 2197 512 2265 dicti
528 2195 660 2264 Ordinis
685 2196 859 2280 generalis,
887 2217 927 2264 ao
952 2218 1017 2266 una
1042 2220 1114 2267 cum
1140 2200 1263 2268 eisdem
1287 2199 1478 2266 Abbatibns

349 2308 541 2395 regulariter
558 2303 723 2388 uisitandi,
749 2307 930 2389 corrigendi
948 2317 981 2376 et
996 2309 1194 2377 reformandi
1209 2309 1405 2378 auctoritate
1419 2327 1477 2374 no·

346 2426 416 2485 stra
431 2417 465 2483 in
480 2413 617 2502 prelatis
636 2413 842 2482 monasteriis
859 2419 926 2482 tem
943 2416 978 2482 in
997 2419 1115 2504 capite,
1141 2437 1240 2502 quam
1255 2417 1290 2483 in
1307 2415 1477 2498 membris,

346 2545 409 2612 que
425 2522 632 2606 uisitabonis,
658 2521 868 2589 correctionis
885 2529 918 2588 et
942 2523 1182 2593 reformationis
1206 2523 1313 2592 officio
1330 2519 1477 2590 uiderint

345 2633 502 2718 indigere,
526 2631 657 2718 plenam
674 2629 737 2696 sibi
754 2617 974 2698 concessimus
991 2632 1054 2700 luae
1070 2634 1142 2700 uice
1157 2653 1217 2719 per
1235 2638 1364 2700 nostras
1385 2629 1474 2696 litte·

345 2761 400 2808 ras
424 2741 623 2807 fucultatem.
651 2737 812 2816 Quocirca
827 2737 1037 2808 Vniuersituti
1061 2747 1169 2809 uestre
1194 2761 1254 2827 per
1276 2738 1472 2827 Apostolica

343 2847 468 2934 scripta
482 2847 517 2913 in
533 2847 653 2914 virtute
670 2844 855 2914 obedientie
872 2846 1244 2936 districte'precipiendo
1264 2845 1475 2930 mandamus,

344 2961 506 3042 quatenus
521 2955 678 3034 Abbates,
696 2953 827 3020 Priores
843 2973 903 3021 seu
919 2956 1106 3040 monachos,
1132 2975 1213 3040 quos
1231 2953 1476 3038 incorrigibiles

342 3063 514 3148 inuenerit,
534 3070 692 3129 eteorum
708 3061 756 3128 sic
781 3060 986 3146 erigentibus
1011 3063 1116 3149 culpis
1137 3063 1242 3129 dictus
1264 3061 1377 3128 Abbas
1394 3079 1473 3128 cum

344 3172 468 3239 eisdem
484 3171 588 3238 tribus
603 3169 787 3237 Abbatibus
804 3169 867 3236 sibi
884 3169 976 3238 iuxta
986 3177 1131 3238 tenorem
1152 3168 1371 3238 concessionis
1381 3167 1474 3256 Apo-

342 3279 456 3347 stoliee
474 3279 690 3364 adiungendis
714 3279 909 3362 regulariter
924 3279 1087 3366 punierint
1102 3299 1159 3347 seu
1175 3277 1401 3346 constituerint
1415 3278 1468 3361 Ju-

342 3387 437 3454 sticia
459 3388 610 3472 exigente
630 3387 726 3471 juxta
742 3387 847 3473 ipsius
864 3385 996 3455 Ordinis
1023 3388 1183 3474 instituta,
1202 3387 1291 3455 nullo
1316 3384 1417 3452 modo
1435 3385 1473 3450 in

341 3515 402 3562 sua
417 3495 554 3563 loueatis
571 3495 756 3578 rebellione,
775 3513 832 3561 seu
847 3495 946 3562 etiam
962 3494 1157 3563 defendatis.
1174 3497 1297 3561 Datum
1312 3495 1472 3577 Anagnie

341 3605 397 3670 Vl.
414 3598 494 3671 Idus
511 3603 661 3671 Octobris
677 3601 889 3670 Pontificatus
904 3603 1007 3670 nostri
1023 3623 1110 3670 anno
1127 3601 1279 3669 secundo.

530 3801 670 3867 (Erodetio
683 3818 700 3852 a
713 3801 908 3868 pannonhalmi
921 3797 1065 3867 fb'upr'rtsdg
1077 3795 1283 3864 lovtlrtrtban.)

978 4079 1009 4092 ,..
1035 4081 1038 4087 .
