3198 5160
808 291 957 394 ‘’s—sn—

322 501 463 564 oeterum
480 490 655 560 etWodint
666 493 813 574 Regnum
834 489 1079 577 expugnabant,
1096 490 1189 558 cuius
1206 489 1271 557 duo
1281 489 1454 574 Principes

322 610 435 688 erant,
462 607 495 668 et
510 621 594 669 nnus
609 599 795 685 Principum
821 619 894 668 cum
908 607 976 666 toto
993 599 1116 686 populo
1133 607 1165 666 et
1190 597 1318 665 familia
1333 599 1452 664 rara-

322 733 430 780 rorum
456 708 601 778 dominio
618 729 654 776 se
679 709 827 794 subiecit,
854 709 939 776 alter
962 727 1039 775 vero
1063 709 1138 774 loca
1161 707 1378 775 munitissima
1406 705 1452 772 ad

322 818 476 886 tuendum
491 835 527 884 se
542 817 624 903 petit
639 835 712 882 cum
729 815 842 900 paucis
858 815 1001 900 populis,
1021 814 1049 880 si
1066 815 1200 881 valeret.

429 924 525 990 Nunc
539 928 659 1008 autem,
685 943 757 989 cum
773 924 807 988 in
824 921 942 990 finibus
957 923 1077 990 Ruscie
1103 941 1317 1006 maneremus,
1344 939 1454 1006 prope

325 1035 372 1101 rei
399 1033 562 1102 sensimus
578 1032 770 1118 veritatem
795 1030 884 1118 quod
898 1039 984 1098 totus
1010 1033 1174 1100 exereitus
1200 1033 1243 1099 ad
1259 1039 1371 1119 partes
1396 1051 1453 1098 ve·

324 1143 419 1211 niens
434 1141 623 1225 occidentis,
649 1141 681 1207 in
697 1149 838 1224 quatuor
853 1141 1001 1227 partibus
1018 1149 1105 1207 esset
1121 1141 1257 1208 divisus.
1282 1139 1357 1206 Una
1374 1161 1457 1225 pars

326 1249 462 1318 ailuvio
486 1247 575 1316 Ethil
601 1247 635 1314 in
660 1245 778 1314 linibus
803 1247 959 1314 Rusciea
982 1250 1083 1333 plaga
1105 1247 1256 1314 orientali
1283 1247 1327 1314 ad
1349 1246 1456 1314 Sudal

329 1355 497 1445 applicuit.
523 1357 637 1424 Altera
653 1377 730 1423 vero
746 1377 824 1441 pars
841 1375 955 1422 versus
973 1356 1141 1424 matidiam
1156 1356 1221 1422 iam
1242 1355 1322 1424 tinas
1338 1356 1455 1422 Riseu·

326 1464 391 1551 nie,
407 1467 464 1550 qui
480 1471 531 1533 est
545 1465 631 1532 alius
648 1467 794 1532 Ducatus
811 1465 1045 1549 Ruthenorum,
1063 1468 1209 1552 Regnum
1227 1463 1456 1552 expugnabat.

328 1573 448 1641 Tereia
464 1579 573 1640 autem
582 1593 661 1660 pars
678 1581 791 1640 contra
806 1574 941 1640 fluvium
951 1573 1047 1640 Deuh
1063 1594 1165 1661 prope
1175 1579 1318 1642 austrum
1329 1573 1458 1659 Orgen-

328 1681 436 1768 busin,
462 1683 518 1767 qui
543 1687 594 1748 est
618 1681 703 1748 alius
719 1683 868 1750 Ducatus
893 1683 1125 1768 Rutbenorum,
1151 1682 1355 1750 resistebant.
1383 1681 1462 1748 Hoc

329 1797 439 1857 tamen
455 1793 677 1875 expectantes,
702 1790 786 1857 sicut
802 1789 865 1876 ipsi
882 1791 1034 1877 Rutheni,
1052 1791 1212 1878 Hungari,
1229 1789 1374 1874 Bulgari,
1399 1790 1461 1875 qui

331 1903 408 1966 ante
422 1897 586 1983 ingerunt,
611 1898 706 1967 nobis
721 1898 797 1966 vira
813 1919 892 1966 voce
907 1899 1063 1987 ferebant,
1091 1899 1178 1985 quod
1194 1906 1284 1966 terra
1299 1897 1405 1964 tluriis
1420 1905 1459 1964 et

331 2005 508 2092 paludibus
533 2006 566 2072 in
582 2007 734 2093 proxima
759 2007 865 2075 bieme
881 2009 1073 2094 congelatis,
1099 2013 1201 2074 totam
1220 2007 1371 2074 Rosciam
1396 2005 1462 2072 toti

333 2111 532 2180 multitudini
558 2113 605 2178 sic
627 2111 722 2179 facile
747 2119 797 2181 est
813 2113 995 2200 depredari,
1023 2115 1108 2180 sicut
1130 2119 1231 2180 totam
1257 2121 1376 2180 terram
1392 2116 1462 2180 Ru-

332 2221 513 2288 thanorum.

440 2325 495 2393 Sic
511 2331 619 2392 tamen
635 2328 695 2394 hec
710 2329 820 2396 omnia
835 2329 1037 2415 intelligatis,
1064 2329 1151 2414 quod
1166 2331 1241 2396 Dux
1261 2329 1317 2395 ille
1332 2330 1463 2415 primus

336 2434 662 2520 Gurguthanomine,
688 2437 743 2521 qui
759 2437 820 2506 boc
846 2439 968 2506 bellum
994 2439 1172 2522 inchoavit,
1197 2447 1248 2506 est
1275 2439 1464 2505 defunctus.

335 2541 432 2609 Nunc
447 2548 558 2608 autem
573 2542 660 2610 filius
676 2546 747 2630 ejus
758 2545 873 2633 Obayn
891 2555 1009 2633 regnat
1024 2567 1081 2632 pro
1098 2546 1222 2632 eodem,
1240 2553 1273 2613 et
1289 2543 1409 2614 residet
1425 2546 1464 2611 in

336 2651 473 2720 ciuitate
497 2670 618 2736 magna
633 2652 797 2740 Horoach,
824 2654 917 2722 cuius
933 2655 1080 2739 Regnum
1105 2653 1247 2722 obtinuit
1270 2659 1366 2740 pater
1389 2653 1467 2718 eius

338 2761 446 2847 prima
468 2760 585 2830 fronte.
613 2763 744 2830 Residet
761 2771 870 2830 autem
895 2764 954 2830 tali
971 2763 1087 2832 modo:
1106 2763 1265 2850 palatium
1289 2763 1389 2829 habet
1414 2761 1469 2827 ita

338 2889 503 2956 magnum,
526 2870 612 2956 quod
636 2871 725 2936 mille
751 2872 876 2954 equites
901 2871 1024 2938 intrant
1048 2891 1225 2956 perunum
1250 2871 1402 2954 hostium,
1430 2877 1469 2935 et

339 2978 445 3046 eidem
455 2976 651 3044 inclinantes
662 2977 788 3061 equites
805 2987 926 3046 exeunt
936 2979 1165 3045 nichilominus
1181 2978 1369 3045 insidentes.
1386 2979 1469 3044 Dux

341 3092 450 3154 autem
467 3085 523 3153 illu
545 3085 693 3172 prelatus
709 3087 839 3172 paravit
856 3086 919 3153 sibi
936 3087 1054 3153 lectum
1077 3087 1292 3174 pergrandem
1312 3093 1343 3152 et
1360 3085 1467 3151 altum

340 3194 522 3282 columpnis
538 3195 657 3280 aureis,
683 3195 802 3261 lectum
817 3195 949 3279 inquam
966 3215 1100 3263 aureum
1117 3201 1149 3261 et
1166 3195 1315 3280 preciose
1331 3213 1468 3279 cooper-

341 3315 421 3387 tum,
446 3303 480 3368 in
496 3323 560 3386 quo
578 3303 671 3370 sedet
687 3304 851 3387 gloriosus
877 3311 909 3370 ct
925 3303 1126 3387 glorificatus
1146 3303 1304 3390 preciosis
1330 3301 1470 3367 circum-

342 3411 439 3478 datus
450 3409 656 3479 indumentis.
673 3411 789 3479 Hostia
798 3417 907 3479 autem
924 3412 1027 3498 ipsius
1043 3409 1160 3498 palatii
1171 3431 1229 3496 per
1245 3415 1347 3475 totum
1364 3427 1472 3474 aurea

343 3527 428 3603 sunt,
457 3539 517 3604 per
532 3537 596 3600 que
619 3524 787 3586 transeunt
812 3519 862 3585 sui
887 3519 1013 3603 equites
1039 3519 1214 3586 incolomes
1242 3524 1275 3584 et
1295 3517 1471 3584 immunes.

342 3625 409 3694 Alii
425 3643 501 3693 vero
516 3625 636 3710 nuncii,
653 3627 680 3692 si
697 3625 823 3711 pedites
839 3633 1010 3696 transeunt
1025 3647 1083 3712 per
1098 3625 1193 3712 ostia,
1209 3625 1261 3693 vel
1277 3625 1414 3712 equites,
1432 3636 1469 3693 et

342 3736 371 3804 si
387 3733 526 3822 pedibus
542 3733 641 3801 limen
657 3735 755 3802 hostii
772 3741 917 3820 tangunt,
940 3733 1059 3801 ibidem
1076 3733 1188 3820 gladio
1207 3733 1383 3819 ieriunter;
1409 3733 1474 3802 scd

343 3863 415 3911 cum
431 3863 558 3911 summa
573 3846 758 3910 reuerentia
774 3849 900 3932 oportet
915 3843 1091 3928 quemlibet
1104 3843 1245 3910 alienum
1256 3842 1472 3928 pertransire.

343 3953 379 4017 Iu
395 3949 455 4018 tali
471 3969 550 4017 uero
569 3970 689 4038 pompa
704 3951 862 4037 residens,
881 3951 968 4017 misit
983 3952 1144 4018 exercitus
1160 3971 1221 4038 per
1237 3949 1387 4017 diversas
1404 3955 1471 4017 ter-

343 4077 416 4143 ras;
432 4057 585 4124 videlicet
598 4057 686 4125 ultra
701 4079 800 4143 mare,
817 4067 849 4127 et
864 4067 989 4143 quanta
1003 4057 1050 4126 ibi
1063 4057 1186 4140 lecerit,
1203 4058 1356 4125 fortevos
1372 4056 1471 4125 audi-

344 4164 448 4232 vistis.
481 4163 590 4231 Alium
614 4171 721 4232 autem
747 4167 923 4234 exercitum
950 4167 1117 4254 copiosum
1145 4165 1233 4233 misit
1254 4165 1474 4249 juxtamare

344 4291 441 4360 super
465 4291 578 4340 omues
594 4273 766 4360 Cumanos,
793 4277 848 4360 qui
865 4275 908 4342 ad
931 4285 1042 4363 partes
1061 4275 1303 4359 Huogariorum
1327 4274 1472 4340 translu-

346 4385 470 4464 geruut.
496 4381 632 4448 'Porcius
647 4388 756 4449 autem
772 4383 935 4449 exereitus
950 4383 1080 4451 obsidet
1095 4381 1260 4466 Rusciam,
1285 4381 1371 4448 sicut
1386 4380 1470 4448 dixi.

453 4487 572 4552 Verum
588 4493 624 4552 ut
639 4488 680 4554 de
695 4489 779 4556 bello
795 4489 889 4557 vobis
905 4491 1136 4575 significarem,
1156 4489 1283 4576 dicitur,
1299 4487 1386 4574 quod
1401 4489 1473 4554 lou-

350 4591 424 4682 gius
439 4591 572 4676 iaciuut‚
597 4613 694 4682 quam
710 4596 776 4666 alie
792 4599 1017 4671 consueverint
1031 4599 1196 4669 naciones.
1216 4601 1253 4666 In
1269 4597 1377 4686 prima
1391 4617 1474 4666 cou-
