<?xml version="1.0" encoding="UTF-8"?>
<!DOCTYPE html PUBLIC "-//W3C//DTD XHTML 1.0 Transitional//EN"
    "http://www.w3.org/TR/xhtml1/DTD/xhtml1-transitional.dtd">
<html xmlns="http://www.w3.org/1999/xhtml" xml:lang="en" lang="en">
 <head>
  <title>
</title>
<meta http-equiv="Content-Type" content="text/html;charset=utf-8" />
  <meta name='ocr-system' content='tesseract 3.04.00' />
  <meta name='ocr-capabilities' content='ocr_page ocr_carea ocr_par ocr_line ocrx_word'/>
</head>
<body>
  <div class='ocr_page' id='page_1' title='image "./codexdiplomatic15wenzgoog_0486.png"; bbox 0 0 3148 5156; ppageno 0'>
   <div class='ocr_carea' id='block_1_1' title="bbox 631 321 699 390">
    <p class='ocr_par' dir='ltr' id='par_1_1' title="bbox 631 321 699 390">
     <span class='ocr_line' id='line_1_1' title="bbox 631 321 699 390; baseline 0.029 -2"><span class='ocrx_word' id='word_1_1' title='bbox 631 321 699 390; x_wconf 80' lang='lat'><strong>449</strong></span> 
     </span>
    </p>
   </div>
   <div class='ocr_carea' id='block_1_2' title="bbox 109 515 1233 818">
    <p class='ocr_par' dir='ltr' id='par_1_2' title="bbox 109 515 1233 818">
     <span class='ocr_line' id='line_1_2' title="bbox 110 515 1231 608; baseline 0.003 -23"><span class='ocrx_word' id='word_1_2' title='bbox 110 515 380 606; x_wconf 73' lang='lat' dir='ltr'><strong>quodin&#39;publicis</strong></span> <span class='ocrx_word' id='word_1_3' title='bbox 391 517 641 605; x_wconf 85' lang='lat' dir='ltr'><strong>represaliarum</strong></span> <span class='ocrx_word' id='word_1_4' title='bbox 652 535 762 584; x_wconf 91' lang='lat' dir='ltr'><strong>eorum</strong></span> <span class='ocrx_word' id='word_1_5' title='bbox 776 517 1076 608; x_wconf 87' lang='lat' dir='ltr'><strong>(litteris)opcrtius</strong></span> <span class='ocrx_word' id='word_1_6' title='bbox 1089 521 1231 588; x_wconf 88' lang='lat' dir='ltr'><strong>eontine-</strong></span> 
     </span>
     <span class='ocr_line' id='line_1_3' title="bbox 109 624 1233 714; baseline 0.003 -24"><span class='ocrx_word' id='word_1_7' title='bbox 109 633 159 691; x_wconf 89' lang='lat' dir='ltr'><strong>tur.</strong></span> <span class='ocrx_word' id='word_1_8' title='bbox 175 624 301 694; x_wconf 75' lang='lat' dir='ltr'><strong>Idcirco</strong></span> <span class='ocrx_word' id='word_1_9' title='bbox 312 624 434 692; x_wconf 90' lang='lat' dir='ltr'><strong>domini</strong></span> <span class='ocrx_word' id='word_1_10' title='bbox 446 625 588 692; x_wconf 82' lang='lat' dir='ltr'><strong>Michael</strong></span> <span class='ocrx_word' id='word_1_11' title='bbox 599 625 748 709; x_wconf 83' lang='lat' dir='ltr'><strong>Bongole</strong></span> <span class='ocrx_word' id='word_1_12' title='bbox 759 633 791 694; x_wconf 92' lang='lat' dir='ltr'><strong>et</strong></span> <span class='ocrx_word' id='word_1_13' title='bbox 801 625 1132 714; x_wconf 85' lang='lat' dir='ltr'><strong>JobannesRagnani</strong></span> <span class='ocrx_word' id='word_1_14' title='bbox 1143 629 1233 694; x_wconf 88' lang='lat' dir='ltr'><strong>cives</strong></span> 
     </span>
     <span class='ocr_line' id='line_1_4' title="bbox 109 718 1231 818; baseline 0.002 -20"><span class='ocrx_word' id='word_1_15' title='bbox 109 739 136 800; x_wconf 90' lang='lat' dir='ltr'><strong>et</strong></span> <span class='ocrx_word' id='word_1_16' title='bbox 148 733 373 802; x_wconf 88' lang='lat' dir='ltr'><strong>ambaxatores</strong></span> <span class='ocrx_word' id='word_1_17' title='bbox 388 733 534 817; x_wconf 83' lang='lat' dir='ltr'><strong>Ragcsii,</strong></span> <span class='ocrx_word' id='word_1_18' title='bbox 552 753 596 802; x_wconf 84' lang='lat' dir='ltr'><strong>ex</strong></span> <span class='ocrx_word' id='word_1_19' title='bbox 612 718 815 818; x_wconf 80' lang='lat' dir='ltr'>plenitudine</span> <span class='ocrx_word' id='word_1_20' title='bbox 841 735 1008 818; x_wconf 82' lang='lat' dir='ltr'><strong>generalis</strong></span> <span class='ocrx_word' id='word_1_21' title='bbox 1033 734 1231 803; x_wconf 87' lang='lat' dir='ltr'><strong>commissio·</strong></span> 
     </span>
    </p>
   </div>
   <div class='ocr_carea' id='block_1_3' title="bbox 101 839 1234 4818">
    <p class='ocr_par' dir='ltr' id='par_1_3' title="bbox 101 839 1234 4818">
     <span class='ocr_line' id='line_1_5' title="bbox 109 839 1232 929; baseline 0.001 -21"><span class='ocrx_word' id='word_1_22' title='bbox 109 839 153 908; x_wconf 90' lang='lat' dir='ltr'><strong>nis</strong></span> <span class='ocrx_word' id='word_1_23' title='bbox 166 841 226 909; x_wconf 90' lang='lat' dir='ltr'><strong>sibi</strong></span> <span class='ocrx_word' id='word_1_24' title='bbox 243 839 367 909; x_wconf 83' lang='lat' dir='ltr'><strong>lactea</strong></span> <span class='ocrx_word' id='word_1_25' title='bbox 384 841 514 908; x_wconf 78' lang='lat' dir='ltr'><strong>comite</strong></span> <span class='ocrx_word' id='word_1_26' title='bbox 530 847 562 909; x_wconf 91' lang='lat' dir='ltr'><strong>et</strong></span> <span class='ocrx_word' id='word_1_27' title='bbox 577 839 750 910; x_wconf 89' lang='lat' dir='ltr'><strong>Judicibus</strong></span> <span class='ocrx_word' id='word_1_28' title='bbox 775 849 808 910; x_wconf 91' lang='lat' dir='ltr'><strong>et</strong></span> <span class='ocrx_word' id='word_1_29' title='bbox 823 842 1039 929; x_wconf 80' lang='lat' dir='ltr'><strong>Consiliariis,</strong></span> <span class='ocrx_word' id='word_1_30' title='bbox 1065 863 1138 912; x_wconf 89' lang='lat' dir='ltr'><strong>oum</strong></span> <span class='ocrx_word' id='word_1_31' title='bbox 1163 842 1232 910; x_wconf 88' lang='lat' dir='ltr'><strong>lau·</strong></span> 
     </span>
     <span class='ocr_line' id='line_1_6' title="bbox 108 943 1232 1037; baseline 0 -21"><span class='ocrx_word' id='word_1_32' title='bbox 108 945 233 1016; x_wconf 83' lang='lat' dir='ltr'><strong>dacione</strong></span> <span class='ocrx_word' id='word_1_33' title='bbox 258 946 371 1034; x_wconf 87' lang='lat' dir='ltr'><strong>populi</strong></span> <span class='ocrx_word' id='word_1_34' title='bbox 397 943 484 1015; x_wconf 87' lang='lat' dir='ltr'><strong>dicte</strong></span> <span class='ocrx_word' id='word_1_35' title='bbox 511 947 667 1018; x_wconf 80' lang='lat' dir='ltr'><strong>Ciuitatis</strong></span> <span class='ocrx_word' id='word_1_36' title='bbox 692 949 830 1037; x_wconf 76' lang='lat' dir='ltr'><strong>Ragusij</strong></span> <span class='ocrx_word' id='word_1_37' title='bbox 858 951 940 1036; x_wconf 70' lang='grc' dir='ltr'><strong>ιιι,</strong></span> <span class='ocrx_word' id='word_1_38' title='bbox 966 971 1040 1020; x_wconf 92' lang='lat' dir='ltr'><strong>cum</strong></span> <span class='ocrx_word' id='word_1_39' title='bbox 1076 949 1232 1036; x_wconf 77' lang='lat' dir='ltr'><strong>predictis</strong></span> 
     </span>
     <span class='ocr_line' id='line_1_7' title="bbox 107 1055 1226 1146; baseline 0.005 -24"><span class='ocrx_word' id='word_1_40' title='bbox 107 1055 257 1126; x_wconf 80' lang='lat' dir='ltr'><strong>ecrtcnro</strong></span> <span class='ocrx_word' id='word_1_41' title='bbox 274 1056 392 1140; x_wconf 81' lang='lat' dir='ltr'><strong>Angcli</strong></span> <span class='ocrx_word' id='word_1_42' title='bbox 413 1062 446 1122; x_wconf 89' lang='lat' dir='ltr'><strong>et</strong></span> <span class='ocrx_word' id='word_1_43' title='bbox 461 1055 586 1126; x_wconf 88' lang='lat' dir='ltr'><strong>Jaccbo</strong></span> <span class='ocrx_word' id='word_1_44' title='bbox 604 1057 645 1124; x_wconf 90' lang='lat' dir='ltr'><strong>de</strong></span> <span class='ocrx_word' id='word_1_45' title='bbox 665 1055 847 1128; x_wconf 85' lang='lat' dir='ltr'><strong>Patiuianis</strong></span> <span class='ocrx_word' id='word_1_46' title='bbox 864 1059 991 1130; x_wconf 87' lang='lat' dir='ltr'><strong>ciuibus</strong></span> <span class='ocrx_word' id='word_1_47' title='bbox 1002 1059 1226 1146; x_wconf 71' lang='lat' dir='ltr'><strong>anconitanis,</strong></span> 
     </span>
     <span class='ocr_line' id='line_1_8' title="bbox 107 1164 1231 1256; baseline 0.003 -25"><span class='ocrx_word' id='word_1_48' title='bbox 107 1164 227 1233; x_wconf 88' lang='lat' dir='ltr'><strong>nomine</strong></span> <span class='ocrx_word' id='word_1_49' title='bbox 242 1185 303 1232; x_wconf 92' lang='lat' dir='ltr'><strong>suo</strong></span> <span class='ocrx_word' id='word_1_50' title='bbox 319 1169 352 1231; x_wconf 91' lang='lat' dir='ltr'><strong>ct</strong></span> <span class='ocrx_word' id='word_1_51' title='bbox 366 1165 503 1234; x_wconf 89' lang='lat' dir='ltr'><strong>aliorum</strong></span> <span class='ocrx_word' id='word_1_52' title='bbox 519 1165 641 1234; x_wconf 90' lang='lat' dir='ltr'><strong>ciuium</strong></span> <span class='ocrx_word' id='word_1_53' title='bbox 656 1167 798 1256; x_wconf 81' lang='grc' dir='ltr'><strong>Αιιιιιιι,</strong></span> <span class='ocrx_word' id='word_1_54' title='bbox 816 1188 898 1254; x_wconf 83' lang='lat' dir='ltr'><strong>quos</strong></span> <span class='ocrx_word' id='word_1_55' title='bbox 914 1169 973 1236; x_wconf 90' lang='lat' dir='ltr'><strong>hec</strong></span> <span class='ocrx_word' id='word_1_56' title='bbox 990 1190 1042 1238; x_wconf 89' lang='lat' dir='ltr'><strong>res</strong></span> <span class='ocrx_word' id='word_1_57' title='bbox 1059 1167 1231 1254; x_wconf 83' lang='lat' dir='ltr'><strong>contingit,</strong></span> 
     </span>
     <span class='ocr_line' id='line_1_9' title="bbox 107 1272 1229 1366; baseline 0.004 -29"><span class='ocrx_word' id='word_1_58' title='bbox 107 1272 307 1355; x_wconf 76' lang='lat' dir='ltr'><strong>quiduisseut</strong></span> <span class='ocrx_word' id='word_1_59' title='bbox 322 1273 375 1340; x_wconf 83' lang='lat' dir='ltr'><strong>rel</strong></span> <span class='ocrx_word' id='word_1_60' title='bbox 393 1273 557 1342; x_wconf 78' lang='lat' dir='ltr'><strong>misissent</strong></span> <span class='ocrx_word' id='word_1_61' title='bbox 583 1275 616 1340; x_wconf 94' lang='lat' dir='ltr'><strong>in</strong></span> <span class='ocrx_word' id='word_1_62' title='bbox 643 1273 732 1344; x_wconf 85' lang='lat' dir='ltr'><strong>dicta</strong></span> <span class='ocrx_word' id='word_1_63' title='bbox 757 1291 844 1344; x_wconf 83' lang='lat' dir='ltr'><strong>naue</strong></span> <span class='ocrx_word' id='word_1_64' title='bbox 869 1284 946 1345; x_wconf 91' lang='lat' dir='ltr'><strong>tunc</strong></span> <span class='ocrx_word' id='word_1_65' title='bbox 972 1279 1140 1366; x_wconf 88' lang='lat' dir='ltr'><strong>temporis,</strong></span> <span class='ocrx_word' id='word_1_66' title='bbox 1167 1297 1229 1362; x_wconf 89' lang='lat' dir='ltr'><strong>quo</strong></span> 
     </span>
     <span class='ocr_line' id='line_1_10' title="bbox 107 1379 1232 1469; baseline 0.006 -24"><span class='ocrx_word' id='word_1_67' title='bbox 107 1379 285 1448; x_wconf 86' lang='lat' dir='ltr'><strong>huiusmodi</strong></span> <span class='ocrx_word' id='word_1_68' title='bbox 302 1379 435 1448; x_wconf 87' lang='lat' dir='ltr'><strong>amissio</strong></span> <span class='ocrx_word' id='word_1_69' title='bbox 451 1389 483 1448; x_wconf 90' lang='lat' dir='ltr'><strong>et</strong></span> <span class='ocrx_word' id='word_1_70' title='bbox 499 1381 623 1451; x_wconf 83' lang='lat' dir='ltr'><strong>oblatio</strong></span> <span class='ocrx_word' id='word_1_71' title='bbox 639 1381 728 1450; x_wconf 84' lang='lat' dir='ltr'><strong>lacta</strong></span> <span class='ocrx_word' id='word_1_72' title='bbox 743 1383 803 1450; x_wconf 87' lang='lat' dir='ltr'><strong>luit</strong></span> <span class='ocrx_word' id='word_1_73' title='bbox 819 1383 860 1450; x_wconf 91' lang='lat' dir='ltr'><strong>de</strong></span> <span class='ocrx_word' id='word_1_74' title='bbox 876 1383 1027 1463; x_wconf 85' lang='lat' dir='ltr'><strong>omuibus</strong></span> <span class='ocrx_word' id='word_1_75' title='bbox 1043 1393 1076 1454; x_wconf 91' lang='lat' dir='ltr'><strong>et</strong></span> <span class='ocrx_word' id='word_1_76' title='bbox 1090 1383 1232 1469; x_wconf 81' lang='lat' dir='ltr'><strong>singulis</strong></span> 
     </span>
     <span class='ocr_line' id='line_1_11' title="bbox 106 1491 1230 1578; baseline 0.006 -24"><span class='ocrx_word' id='word_1_77' title='bbox 106 1491 312 1576; x_wconf 86' lang='lat' dir='ltr'><strong>supradictis,</strong></span> <span class='ocrx_word' id='word_1_78' title='bbox 330 1496 361 1558; x_wconf 86' lang='lat' dir='ltr'><strong>et</strong></span> <span class='ocrx_word' id='word_1_79' title='bbox 378 1491 420 1558; x_wconf 93' lang='lat' dir='ltr'><strong>dc</strong></span> <span class='ocrx_word' id='word_1_80' title='bbox 436 1491 597 1574; x_wconf 83' lang='lat' dir='ltr'><strong>omuibus,</strong></span> <span class='ocrx_word' id='word_1_81' title='bbox 615 1512 678 1576; x_wconf 90' lang='lat' dir='ltr'><strong>que</strong></span> <span class='ocrx_word' id='word_1_82' title='bbox 693 1491 758 1578; x_wconf 89' lang='lat' dir='ltr'><strong>ipsi</strong></span> <span class='ocrx_word' id='word_1_83' title='bbox 784 1493 872 1560; x_wconf 87' lang='lat' dir='ltr'><strong>ciues</strong></span> <span class='ocrx_word' id='word_1_84' title='bbox 899 1491 1094 1562; x_wconf 73' lang='lat' dir='ltr'><strong>anconitani</strong></span> <span class='ocrx_word' id='word_1_85' title='bbox 1120 1494 1230 1562; x_wconf 89' lang='lat' dir='ltr'><strong>buius-</strong></span> 
     </span>
     <span class='ocr_line' id='line_1_12' title="bbox 106 1598 1229 1689; baseline 0.004 -25"><span class='ocrx_word' id='word_1_86' title='bbox 106 1599 184 1666; x_wconf 83' lang='lat' dir='ltr'><strong>modi</strong></span> <span class='ocrx_word' id='word_1_87' title='bbox 200 1598 371 1668; x_wconf 87' lang='lat' dir='ltr'><strong>occasione</strong></span> <span class='ocrx_word' id='word_1_88' title='bbox 386 1605 501 1667; x_wconf 90' lang='lat' dir='ltr'><strong>eontra</strong></span> <span class='ocrx_word' id='word_1_89' title='bbox 516 1600 663 1669; x_wconf 88' lang='lat' dir='ltr'><strong>homines</strong></span> <span class='ocrx_word' id='word_1_90' title='bbox 688 1609 721 1668; x_wconf 92' lang='grc' dir='ltr'><strong>ιι</strong></span> <span class='ocrx_word' id='word_1_91' title='bbox 745 1603 923 1670; x_wconf 78' lang='lat' dir='ltr'><strong>Commune</strong></span> <span class='ocrx_word' id='word_1_92' title='bbox 949 1603 1098 1670; x_wconf 78' lang='lat' dir='ltr'><strong>Ciuitatis</strong></span> <span class='ocrx_word' id='word_1_93' title='bbox 1122 1604 1229 1689; x_wconf 83' lang='lat' dir='ltr'><strong>Regu·</strong></span> 
     </span>
     <span class='ocr_line' id='line_1_13' title="bbox 105 1703 1232 1796; baseline 0.002 -22"><span class='ocrx_word' id='word_1_94' title='bbox 105 1707 141 1775; x_wconf 86' lang='lat' dir='ltr'><strong>sii</strong></span> <span class='ocrx_word' id='word_1_95' title='bbox 154 1716 265 1794; x_wconf 88' lang='lat' dir='ltr'><strong>petere</strong></span> <span class='ocrx_word' id='word_1_96' title='bbox 280 1706 331 1778; x_wconf 84' lang='lat' dir='ltr'><strong>vel</strong></span> <span class='ocrx_word' id='word_1_97' title='bbox 344 1703 552 1796; x_wconf 77' lang='lat' dir='ltr'><strong>ldemandarc</strong></span> <span class='ocrx_word' id='word_1_98' title='bbox 578 1715 714 1795; x_wconf 82' lang='lat' dir='ltr'><strong>possent</strong></span> <span class='ocrx_word' id='word_1_99' title='bbox 737 1729 840 1794; x_wconf 86' lang='lat' dir='ltr'><strong>usque</strong></span> <span class='ocrx_word' id='word_1_100' title='bbox 863 1713 898 1778; x_wconf 86' lang='lat' dir='ltr'><strong>in</strong></span> <span class='ocrx_word' id='word_1_101' title='bbox 923 1711 1112 1780; x_wconf 87' lang='lat' dir='ltr'><strong>hodiernum</strong></span> <span class='ocrx_word' id='word_1_102' title='bbox 1136 1709 1232 1794; x_wconf 86' lang='lat' dir='ltr'><strong>dlcm,</strong></span> 
     </span>
     <span class='ocr_line' id='line_1_14' title="bbox 106 1814 1230 1903; baseline 0.005 -23"><span class='ocrx_word' id='word_1_103' title='bbox 106 1815 143 1881; x_wconf 88' lang='lat' dir='ltr'><strong>ad</strong></span> <span class='ocrx_word' id='word_1_104' title='bbox 165 1815 265 1883; x_wconf 84' lang='lat' dir='ltr'><strong>talem</strong></span> <span class='ocrx_word' id='word_1_105' title='bbox 290 1833 416 1902; x_wconf 88' lang='lat' dir='ltr'><strong>pacem,</strong></span> <span class='ocrx_word' id='word_1_106' title='bbox 442 1814 670 1903; x_wconf 83' lang='lat' dir='ltr'><strong>concordiam,</strong></span> <span class='ocrx_word' id='word_1_107' title='bbox 696 1819 950 1885; x_wconf 75' lang='lat' dir='ltr'><strong>transactionem</strong></span> <span class='ocrx_word' id='word_1_108' title='bbox 976 1824 1010 1884; x_wconf 91' lang='grc' dir='ltr'><strong>ιι</strong></span> <span class='ocrx_word' id='word_1_109' title='bbox 1034 1818 1230 1888; x_wconf 87' lang='lat' dir='ltr'><strong>amicabileu</strong></span> 
     </span>
     <span class='ocr_line' id='line_1_15' title="bbox 108 1925 1234 2016; baseline 0.003 -26"><span class='ocrx_word' id='word_1_110' title='bbox 108 1927 367 2016; x_wconf 83' lang='lat' dir='ltr'><strong>compositionem</strong></span> <span class='ocrx_word' id='word_1_111' title='bbox 385 1925 594 2012; x_wconf 83' lang='lat' dir='ltr'><strong>devenerunt,</strong></span> <span class='ocrx_word' id='word_1_112' title='bbox 611 1925 763 1994; x_wconf 82' lang='lat' dir='ltr'><strong>videlieet</strong></span> <span class='ocrx_word' id='word_1_113' title='bbox 778 1927 865 2010; x_wconf 89' lang='lat' dir='ltr'><strong>quod</strong></span> <span class='ocrx_word' id='word_1_114' title='bbox 881 1927 962 1995; x_wconf 91' lang='lat' dir='ltr'><strong>dicti</strong></span> <span class='ocrx_word' id='word_1_115' title='bbox 977 1925 1066 1996; x_wconf 86' lang='lat' dir='ltr'><strong>ciues</strong></span> <span class='ocrx_word' id='word_1_116' title='bbox 1091 1926 1234 1996; x_wconf 58' lang='lat' dir='ltr'><strong>Anconia</strong></span> 
     </span>
     <span class='ocr_line' id='line_1_16' title="bbox 107 2033 1231 2122; baseline 0.003 -24"><span class='ocrx_word' id='word_1_117' title='bbox 107 2035 170 2102; x_wconf 83' lang='lat' dir='ltr'><strong>tani</strong></span> <span class='ocrx_word' id='word_1_118' title='bbox 196 2033 348 2121; x_wconf 85' lang='lat' dir='ltr'><strong>predicta</strong></span> <span class='ocrx_word' id='word_1_119' title='bbox 363 2053 467 2101; x_wconf 89' lang='lat' dir='ltr'><strong>causa</strong></span> <span class='ocrx_word' id='word_1_120' title='bbox 483 2034 627 2102; x_wconf 86' lang='lat' dir='ltr'><strong>babeant</strong></span> <span class='ocrx_word' id='word_1_121' title='bbox 643 2039 676 2101; x_wconf 91' lang='lat' dir='ltr'><strong>et</strong></span> <span class='ocrx_word' id='word_1_122' title='bbox 691 2035 856 2100; x_wconf 81' lang='lat' dir='ltr'><strong>retineant</strong></span> <span class='ocrx_word' id='word_1_123' title='bbox 869 2033 932 2102; x_wconf 89' lang='lat' dir='ltr'><strong>sibi</strong></span> <span class='ocrx_word' id='word_1_124' title='bbox 958 2041 1059 2103; x_wconf 88' lang='lat' dir='ltr'><strong>totam</strong></span> <span class='ocrx_word' id='word_1_125' title='bbox 1085 2053 1231 2122; x_wconf 79' lang='lat' dir='ltr'><strong>represe-</strong></span> 
     </span>
     <span class='ocr_line' id='line_1_17' title="bbox 105 2139 1232 2230; baseline 0.002 -22"><span class='ocrx_word' id='word_1_126' title='bbox 105 2142 177 2211; x_wconf 87' lang='lat' dir='ltr'><strong>llam</strong></span> <span class='ocrx_word' id='word_1_127' title='bbox 193 2142 265 2213; x_wconf 87' lang='grc' dir='ltr'><strong>ιὶιιι</strong></span> <span class='ocrx_word' id='word_1_128' title='bbox 284 2161 348 2230; x_wconf 85' lang='grc' dir='ltr'><strong>ιιι,</strong></span> <span class='ocrx_word' id='word_1_129' title='bbox 365 2161 447 2227; x_wconf 85' lang='lat' dir='ltr'><strong>quas</strong></span> <span class='ocrx_word' id='word_1_130' title='bbox 463 2141 530 2228; x_wconf 87' lang='lat' dir='ltr'><strong>ipsi</strong></span> <span class='ocrx_word' id='word_1_131' title='bbox 544 2141 737 2210; x_wconf 86' lang='lat' dir='ltr'><strong>habuissent</strong></span> <span class='ocrx_word' id='word_1_132' title='bbox 754 2144 807 2210; x_wconf 89' lang='lat' dir='ltr'><strong>vel</strong></span> <span class='ocrx_word' id='word_1_133' title='bbox 823 2143 1028 2230; x_wconf 73' lang='lat' dir='ltr'><strong>decepissent</strong></span> <span class='ocrx_word' id='word_1_134' title='bbox 1045 2139 1232 2210; x_wconf 87' lang='lat' dir='ltr'><strong>hominibus</strong></span> 
     </span>
     <span class='ocr_line' id='line_1_18' title="bbox 105 2247 1232 2336; baseline -0.001 -18"><span class='ocrx_word' id='word_1_135' title='bbox 105 2251 232 2336; x_wconf 67' lang='grc' dir='ltr'><strong>Βιςιιιὶἱ</strong></span> <span class='ocrx_word' id='word_1_136' title='bbox 248 2249 471 2336; x_wconf 84' lang='lat' dir='ltr'><strong>usquemodo,</strong></span> <span class='ocrx_word' id='word_1_137' title='bbox 494 2249 666 2319; x_wconf 87' lang='lat' dir='ltr'><strong>occasione</strong></span> <span class='ocrx_word' id='word_1_138' title='bbox 691 2247 850 2318; x_wconf 91' lang='lat' dir='ltr'><strong>dictarum</strong></span> <span class='ocrx_word' id='word_1_139' title='bbox 877 2251 1141 2335; x_wconf 68' lang='lat' dir='ltr'><strong>representatum,</strong></span> <span class='ocrx_word' id='word_1_140' title='bbox 1168 2271 1232 2334; x_wconf 87' lang='lat' dir='ltr'><strong>que</strong></span> 
     </span>
     <span class='ocr_line' id='line_1_19' title="bbox 105 2358 1231 2445; baseline 0.002 -21"><span class='ocrx_word' id='word_1_141' title='bbox 105 2381 151 2429; x_wconf 88' lang='lat' dir='ltr'><strong>res</strong></span> <span class='ocrx_word' id='word_1_142' title='bbox 165 2361 277 2429; x_wconf 86' lang='lat' dir='ltr'><strong>habite</strong></span> <span class='ocrx_word' id='word_1_143' title='bbox 300 2358 354 2426; x_wconf 90' lang='lat' dir='ltr'><strong>uel</strong></span> <span class='ocrx_word' id='word_1_144' title='bbox 379 2364 513 2444; x_wconf 87' lang='lat' dir='ltr'><strong>accepte</strong></span> <span class='ocrx_word' id='word_1_145' title='bbox 537 2359 672 2445; x_wconf 85' lang='lat' dir='ltr'><strong>capiunt</strong></span> <span class='ocrx_word' id='word_1_146' title='bbox 695 2378 855 2426; x_wconf 87' lang='lat' dir='ltr'><strong>summam</strong></span> <span class='ocrx_word' id='word_1_147' title='bbox 882 2359 1123 2430; x_wconf 84' lang='lat' dir='ltr'><strong>extimationem</strong></span> <span class='ocrx_word' id='word_1_148' title='bbox 1139 2359 1231 2426; x_wconf 87' lang='lat' dir='ltr'><strong>mille</strong></span> 
     </span>
     <span class='ocr_line' id='line_1_20' title="bbox 105 2465 1232 2554; baseline -0.004 -18"><span class='ocrx_word' id='word_1_149' title='bbox 105 2477 287 2538; x_wconf 78' lang='lat' dir='ltr'><strong>tercentum</strong></span> <span class='ocrx_word' id='word_1_150' title='bbox 303 2475 336 2535; x_wconf 89' lang='lat' dir='ltr'><strong>et</strong></span> <span class='ocrx_word' id='word_1_151' title='bbox 352 2474 479 2554; x_wconf 83' lang='lat' dir='ltr'><strong>septem</strong></span> <span class='ocrx_word' id='word_1_152' title='bbox 503 2465 662 2536; x_wconf 86' lang='lat' dir='ltr'><strong>librarum</strong></span> <span class='ocrx_word' id='word_1_153' title='bbox 688 2468 984 2554; x_wconf 80' lang='lat' dir='ltr'><strong>Anconitanarum;</strong></span> <span class='ocrx_word' id='word_1_154' title='bbox 1010 2487 1093 2552; x_wconf 85' lang='lat' dir='ltr'><strong>quas</strong></span> <span class='ocrx_word' id='word_1_155' title='bbox 1121 2487 1174 2535; x_wconf 87' lang='lat' dir='ltr'><strong>ree</strong></span> <span class='ocrx_word' id='word_1_156' title='bbox 1200 2473 1232 2534; x_wconf 89' lang='grc' dir='ltr'><strong>ιι</strong></span> 
     </span>
     <span class='ocr_line' id='line_1_21' title="bbox 106 2571 1231 2662; baseline -0.001 -20"><span class='ocrx_word' id='word_1_157' title='bbox 106 2577 344 2646; x_wconf 83' lang='lat' dir='ltr'><strong>extimationem</strong></span> <span class='ocrx_word' id='word_1_158' title='bbox 366 2577 549 2662; x_wconf 85' lang='lat' dir='ltr'><strong>predictam</strong></span> <span class='ocrx_word' id='word_1_159' title='bbox 574 2575 653 2644; x_wconf 91' lang='lat' dir='ltr'><strong>dicti</strong></span> <span class='ocrx_word' id='word_1_160' title='bbox 678 2577 925 2647; x_wconf 76' lang='lat' dir='ltr'><strong>ambasciatores</strong></span> <span class='ocrx_word' id='word_1_161' title='bbox 949 2575 1109 2660; x_wconf 80' lang='lat' dir='ltr'><strong>Ragusini</strong></span> <span class='ocrx_word' id='word_1_162' title='bbox 1133 2571 1231 2643; x_wconf 85' lang='lat' dir='ltr'><strong>dictis</strong></span> 
     </span>
     <span class='ocr_line' id='line_1_22' title="bbox 104 2682 1224 2768; baseline 0.002 -18"><span class='ocrx_word' id='word_1_163' title='bbox 104 2687 222 2753; x_wconf 86' lang='lat' dir='ltr'><strong>ciuibus</strong></span> <span class='ocrx_word' id='word_1_164' title='bbox 240 2682 453 2752; x_wconf 82' lang='lat' dir='ltr'><strong>Anconitanis</strong></span> <span class='ocrx_word' id='word_1_165' title='bbox 471 2684 672 2768; x_wconf 84' lang='lat' dir='ltr'><strong>reliquerunt</strong></span> <span class='ocrx_word' id='word_1_166' title='bbox 687 2685 729 2754; x_wconf 89' lang='lat' dir='ltr'><strong>de</strong></span> <span class='ocrx_word' id='word_1_167' title='bbox 747 2685 838 2768; x_wconf 85' lang='lat' dir='ltr'><strong>Deo,</strong></span> <span class='ocrx_word' id='word_1_168' title='bbox 855 2691 889 2751; x_wconf 92' lang='lat' dir='ltr'><strong>et</strong></span> <span class='ocrx_word' id='word_1_169' title='bbox 903 2683 1085 2752; x_wconf 87' lang='lat' dir='ltr'><strong>liberaliter</strong></span> <span class='ocrx_word' id='word_1_170' title='bbox 1094 2703 1224 2752; x_wconf 86' lang='lat' dir='ltr'><strong>conces·</strong></span> 
     </span>
     <span class='ocr_line' id='line_1_23' title="bbox 106 2789 1231 2877; baseline -0.001 -19"><span class='ocrx_word' id='word_1_171' title='bbox 106 2799 222 2860; x_wconf 87' lang='lat' dir='ltr'><strong>serunt.</strong></span> <span class='ocrx_word' id='word_1_172' title='bbox 239 2790 377 2877; x_wconf 88' lang='lat' dir='ltr'><strong>Insuper</strong></span> <span class='ocrx_word' id='word_1_173' title='bbox 392 2790 535 2877; x_wconf 89' lang='lat' dir='ltr'><strong>predicti</strong></span> <span class='ocrx_word' id='word_1_174' title='bbox 550 2791 793 2860; x_wconf 73' lang='lat' dir='ltr'><strong>ambasciatores</strong></span> <span class='ocrx_word' id='word_1_175' title='bbox 809 2789 968 2876; x_wconf 82' lang='lat' dir='ltr'><strong>Rugusini</strong></span> <span class='ocrx_word' id='word_1_176' title='bbox 984 2792 1115 2858; x_wconf 90' lang='lat' dir='ltr'><strong>nominc</strong></span> <span class='ocrx_word' id='word_1_177' title='bbox 1139 2792 1231 2858; x_wconf 79' lang='lat' dir='ltr'><strong>(lom-</strong></span> 
     </span>
     <span class='ocr_line' id='line_1_24' title="bbox 107 2897 1231 2988; baseline -0.001 -21"><span class='ocrx_word' id='word_1_178' title='bbox 107 2903 211 2968; x_wconf 82' lang='lat' dir='ltr'><strong>muuie</strong></span> <span class='ocrx_word' id='word_1_179' title='bbox 227 2901 331 2988; x_wconf 81' lang='lat' dir='ltr'><strong>ipsius</strong></span> <span class='ocrx_word' id='word_1_180' title='bbox 346 2900 500 2968; x_wconf 78' lang='lat' dir='ltr'><strong>Civitatis</strong></span> <span class='ocrx_word' id='word_1_181' title='bbox 515 2899 652 2985; x_wconf 82' lang='lat' dir='ltr'><strong>Ragusii</strong></span> <span class='ocrx_word' id='word_1_182' title='bbox 669 2907 702 2969; x_wconf 91' lang='lat' dir='ltr'><strong>et</strong></span> <span class='ocrx_word' id='word_1_183' title='bbox 718 2901 883 2970; x_wconf 88' lang='lat' dir='ltr'><strong>bominum</strong></span> <span class='ocrx_word' id='word_1_184' title='bbox 899 2897 1044 2968; x_wconf 89' lang='lat' dir='ltr'><strong>ciusdem</strong></span> <span class='ocrx_word' id='word_1_185' title='bbox 1061 2905 1145 2968; x_wconf 87' lang='lat' dir='ltr'><strong>terre</strong></span> <span class='ocrx_word' id='word_1_186' title='bbox 1171 2919 1231 2988; x_wconf 92' lang='lat' dir='ltr'><strong>per</strong></span> 
     </span>
     <span class='ocr_line' id='line_1_25' title="bbox 104 3006 1229 3097; baseline -0.003 -21"><span class='ocrx_word' id='word_1_187' title='bbox 104 3011 342 3097; x_wconf 82' lang='lat' dir='ltr'><strong>stipulationem</strong></span> <span class='ocrx_word' id='word_1_188' title='bbox 360 3009 577 3095; x_wconf 89' lang='lat' dir='ltr'><strong>promiserunt</strong></span> <span class='ocrx_word' id='word_1_189' title='bbox 592 3008 672 3079; x_wconf 89' lang='lat' dir='ltr'><strong>dare</strong></span> <span class='ocrx_word' id='word_1_190' title='bbox 688 3015 722 3077; x_wconf 95' lang='grc' dir='ltr'><strong>ιι</strong></span> <span class='ocrx_word' id='word_1_191' title='bbox 737 3011 866 3078; x_wconf 87' lang='lat' dir='ltr'><strong>soluere</strong></span> <span class='ocrx_word' id='word_1_192' title='bbox 883 3006 1040 3094; x_wconf 86' lang='lat' dir='ltr'><strong>predictis</strong></span> <span class='ocrx_word' id='word_1_193' title='bbox 1066 3007 1229 3075; x_wconf 83' lang='lat' dir='ltr'><strong>Carbouio</strong></span> 
     </span>
     <span class='ocr_line' id='line_1_26' title="bbox 104 3114 1231 3205; baseline -0.003 -21"><span class='ocrx_word' id='word_1_194' title='bbox 104 3127 134 3186; x_wconf 92' lang='grc' dir='ltr'><strong>ιι</strong></span> <span class='ocrx_word' id='word_1_195' title='bbox 147 3118 271 3186; x_wconf 86' lang='lat' dir='ltr'><strong>Jaecbo</strong></span> <span class='ocrx_word' id='word_1_196' title='bbox 297 3117 531 3204; x_wconf 85' lang='lat' dir='ltr'><strong>recipientibus</strong></span> <span class='ocrx_word' id='word_1_197' title='bbox 556 3139 615 3205; x_wconf 93' lang='lat' dir='ltr'><strong>pro</strong></span> <span class='ocrx_word' id='word_1_198' title='bbox 641 3139 678 3186; x_wconf 91' lang='lat' dir='ltr'><strong>se</strong></span> <span class='ocrx_word' id='word_1_199' title='bbox 703 3125 737 3186; x_wconf 93' lang='lat' dir='ltr'><strong>et</strong></span> <span class='ocrx_word' id='word_1_200' title='bbox 761 3117 909 3187; x_wconf 88' lang='lat' dir='ltr'><strong>omnibus</strong></span> <span class='ocrx_word' id='word_1_201' title='bbox 937 3115 1135 3202; x_wconf 83' lang='lat' dir='ltr'><strong>supradietls</strong></span> <span class='ocrx_word' id='word_1_202' title='bbox 1159 3114 1231 3183; x_wconf 81' lang='lat' dir='ltr'><strong>sire</strong></span> 
     </span>
     <span class='ocr_line' id='line_1_27' title="bbox 105 3225 1232 3315; baseline -0.002 -23"><span class='ocrx_word' id='word_1_203' title='bbox 105 3227 318 3315; x_wconf 81' lang='lat' dir='ltr'><strong>infrascriptis</strong></span> <span class='ocrx_word' id='word_1_204' title='bbox 334 3227 376 3294; x_wconf 90' lang='lat' dir='ltr'><strong>do</strong></span> <span class='ocrx_word' id='word_1_205' title='bbox 390 3227 526 3294; x_wconf 85' lang='lat' dir='ltr'><strong>Ancona</strong></span> <span class='ocrx_word' id='word_1_206' title='bbox 541 3233 703 3296; x_wconf 79' lang='lat' dir='ltr'><strong>tercentos</strong></span> <span class='ocrx_word' id='word_1_207' title='bbox 713 3225 815 3294; x_wconf 84' lang='lat' dir='ltr'><strong>libras</strong></span> <span class='ocrx_word' id='word_1_208' title='bbox 824 3227 1047 3294; x_wconf 66' lang='lat' dir='ltr'><strong>anconitanas</strong></span> <span class='ocrx_word' id='word_1_209' title='bbox 1057 3231 1090 3294; x_wconf 89' lang='lat' dir='ltr'><strong>et</strong></span> <span class='ocrx_word' id='word_1_210' title='bbox 1105 3227 1232 3294; x_wconf 86' lang='lat' dir='ltr'><strong>Raven-</strong></span> 
     </span>
     <span class='ocr_line' id='line_1_28' title="bbox 103 3330 1234 3418; baseline -0.004 -18"><span class='ocrx_word' id='word_1_211' title='bbox 103 3343 253 3404; x_wconf 82' lang='lat' dir='ltr'><strong>nateuses</strong></span> <span class='ocrx_word' id='word_1_212' title='bbox 269 3337 304 3404; x_wconf 90' lang='lat' dir='ltr'><strong>in</strong></span> <span class='ocrx_word' id='word_1_213' title='bbox 321 3333 462 3402; x_wconf 78' lang='lat' dir='ltr'><strong>Ciuitate</strong></span> <span class='ocrx_word' id='word_1_214' title='bbox 478 3335 611 3403; x_wconf 84' lang='lat' dir='ltr'><strong>Accone</strong></span> <span class='ocrx_word' id='word_1_215' title='bbox 627 3352 732 3418; x_wconf 86' lang='lat' dir='ltr'><strong>usque</strong></span> <span class='ocrx_word' id='word_1_216' title='bbox 745 3331 790 3399; x_wconf 90' lang='lat' dir='ltr'><strong>ad</strong></span> <span class='ocrx_word' id='word_1_217' title='bbox 800 3330 942 3400; x_wconf 90' lang='lat' dir='ltr'><strong>medium</strong></span> <span class='ocrx_word' id='word_1_218' title='bbox 952 3333 1072 3401; x_wconf 86' lang='lat' dir='ltr'><strong>mensis</strong></span> <span class='ocrx_word' id='word_1_219' title='bbox 1088 3331 1234 3418; x_wconf 84' lang='lat' dir='ltr'><strong>Septem.</strong></span> 
     </span>
     <span class='ocr_line' id='line_1_29' title="bbox 105 3439 1231 3534; baseline -0.001 -25"><span class='ocrx_word' id='word_1_220' title='bbox 105 3441 165 3511; x_wconf 89' lang='lat' dir='ltr'><strong>bris</strong></span> <span class='ocrx_word' id='word_1_221' title='bbox 181 3443 327 3534; x_wconf 83' lang='lat' dir='ltr'><strong>proxime</strong></span> <span class='ocrx_word' id='word_1_222' title='bbox 342 3444 481 3529; x_wconf 87' lang='lat' dir='ltr'><strong>venturi,</strong></span> <span class='ocrx_word' id='word_1_223' title='bbox 496 3443 558 3511; x_wconf 87' lang='lat' dir='ltr'><strong>sub</strong></span> <span class='ocrx_word' id='word_1_224' title='bbox 573 3461 659 3530; x_wconf 87' lang='lat' dir='ltr'><strong>pena</strong></span> <span class='ocrx_word' id='word_1_225' title='bbox 675 3439 778 3528; x_wconf 90' lang='lat' dir='ltr'><strong>dupli,</strong></span> <span class='ocrx_word' id='word_1_226' title='bbox 794 3449 827 3508; x_wconf 90' lang='lat' dir='ltr'><strong>et</strong></span> <span class='ocrx_word' id='word_1_227' title='bbox 837 3443 898 3509; x_wconf 87' lang='lat' dir='ltr'><strong>sub</strong></span> <span class='ocrx_word' id='word_1_228' title='bbox 913 3441 1116 3526; x_wconf 83' lang='lat' dir='ltr'><strong>obligatione</strong></span> <span class='ocrx_word' id='word_1_229' title='bbox 1131 3442 1231 3510; x_wconf 89' lang='lat' dir='ltr'><strong>borro-</strong></span> 
     </span>
     <span class='ocr_line' id='line_1_30' title="bbox 105 3545 1232 3634; baseline -0.004 -15"><span class='ocrx_word' id='word_1_230' title='bbox 105 3573 172 3620; x_wconf 88' lang='lat' dir='ltr'><strong>mm</strong></span> <span class='ocrx_word' id='word_1_231' title='bbox 188 3551 353 3622; x_wconf 87' lang='lat' dir='ltr'><strong>bominum</strong></span> <span class='ocrx_word' id='word_1_232' title='bbox 369 3563 403 3620; x_wconf 89' lang='lat' dir='ltr'><strong>et</strong></span> <span class='ocrx_word' id='word_1_233' title='bbox 418 3550 604 3618; x_wconf 78' lang='lat' dir='ltr'><strong>Communis</strong></span> <span class='ocrx_word' id='word_1_234' title='bbox 621 3545 726 3632; x_wconf 87' lang='lat' dir='ltr'><strong>ipsius</strong></span> <span class='ocrx_word' id='word_1_235' title='bbox 743 3547 894 3616; x_wconf 66' lang='lat' dir='ltr'><strong>Gir-itatis</strong></span> <span class='ocrx_word' id='word_1_236' title='bbox 905 3549 1052 3634; x_wconf 86' lang='lat' dir='ltr'><strong>Ragusii.</strong></span> <span class='ocrx_word' id='word_1_237' title='bbox 1063 3549 1134 3629; x_wconf 60' lang='grc' dir='ltr'><strong>(ιιι</strong></span> <span class='ocrx_word' id='word_1_238' title='bbox 1145 3551 1232 3617; x_wconf 89' lang='lat' dir='ltr'><strong>bona</strong></span> 
     </span>
     <span class='ocr_line' id='line_1_31' title="bbox 103 3655 1231 3746; baseline -0.004 -20"><span class='ocrx_word' id='word_1_239' title='bbox 103 3661 336 3730; x_wconf 87' lang='lat' dir='ltr'><strong>constituerunt</strong></span> <span class='ocrx_word' id='word_1_240' title='bbox 351 3680 387 3729; x_wconf 89' lang='lat' dir='ltr'><strong>se</strong></span> <span class='ocrx_word' id='word_1_241' title='bbox 402 3681 460 3746; x_wconf 92' lang='lat' dir='ltr'><strong>pro</strong></span> <span class='ocrx_word' id='word_1_242' title='bbox 477 3661 526 3728; x_wconf 87' lang='lat' dir='ltr'><strong>eis</strong></span> <span class='ocrx_word' id='word_1_243' title='bbox 541 3657 692 3743; x_wconf 88' lang='lat' dir='ltr'><strong>precario</strong></span> <span class='ocrx_word' id='word_1_244' title='bbox 720 3655 848 3725; x_wconf 92' lang='lat' dir='ltr'><strong>nomine</strong></span> <span class='ocrx_word' id='word_1_245' title='bbox 873 3657 1051 3743; x_wconf 86' lang='lat' dir='ltr'><strong>possidere,</strong></span> <span class='ocrx_word' id='word_1_246' title='bbox 1076 3665 1109 3724; x_wconf 91' lang='lat' dir='ltr'><strong>et</strong></span> <span class='ocrx_word' id='word_1_247' title='bbox 1135 3676 1231 3725; x_wconf 91' lang='lat' dir='ltr'><strong>omne</strong></span> 
     </span>
     <span class='ocr_line' id='line_1_32' title="bbox 104 3762 1230 3856; baseline -0.007 -21"><span class='ocrx_word' id='word_1_248' title='bbox 104 3768 275 3856; x_wconf 89' lang='lat' dir='ltr'><strong>dampnum</strong></span> <span class='ocrx_word' id='word_1_249' title='bbox 292 3776 325 3838; x_wconf 89' lang='grc' dir='ltr'><strong>ιι</strong></span> <span class='ocrx_word' id='word_1_250' title='bbox 339 3785 503 3853; x_wconf 81' lang='lat' dir='ltr'><strong>expensas</strong></span> <span class='ocrx_word' id='word_1_251' title='bbox 520 3765 651 3833; x_wconf 89' lang='lat' dir='ltr'><strong>relicere</strong></span> <span class='ocrx_word' id='word_1_252' title='bbox 668 3767 701 3830; x_wconf 95' lang='grc' dir='ltr'><strong>ιι</strong></span> <span class='ocrx_word' id='word_1_253' title='bbox 717 3762 920 3848; x_wconf 76' lang='lat' dir='ltr'><strong>integraliter</strong></span> <span class='ocrx_word' id='word_1_254' title='bbox 934 3764 1104 3850; x_wconf 89' lang='lat' dir='ltr'><strong>resarcire,</strong></span> <span class='ocrx_word' id='word_1_255' title='bbox 1121 3764 1182 3831; x_wconf 90' lang='lat' dir='ltr'><strong>boe</strong></span> <span class='ocrx_word' id='word_1_256' title='bbox 1197 3763 1230 3829; x_wconf 93' lang='lat' dir='ltr'><strong>in</strong></span> 
     </span>
     <span class='ocr_line' id='line_1_33' title="bbox 103 3869 1231 3967; baseline -0.007 -23"><span class='ocrx_word' id='word_1_257' title='bbox 103 3878 195 3946; x_wconf 90' lang='lat' dir='ltr'><strong>modo</strong></span> <span class='ocrx_word' id='word_1_258' title='bbox 211 3885 245 3946; x_wconf 95' lang='grc' dir='ltr'><strong>ιι</strong></span> <span class='ocrx_word' id='word_1_259' title='bbox 259 3883 358 3967; x_wconf 89' lang='lat' dir='ltr'><strong>pacto</strong></span> <span class='ocrx_word' id='word_1_260' title='bbox 374 3877 460 3944; x_wconf 91' lang='lat' dir='ltr'><strong>inter</strong></span> <span class='ocrx_word' id='word_1_261' title='bbox 479 3893 535 3941; x_wconf 91' lang='lat' dir='ltr'><strong>ecs</strong></span> <span class='ocrx_word' id='word_1_262' title='bbox 551 3872 731 3956; x_wconf 86' lang='lat' dir='ltr'><strong>serruudo;</strong></span> <span class='ocrx_word' id='word_1_263' title='bbox 746 3877 782 3940; x_wconf 95' lang='lat' dir='ltr'><strong>ut</strong></span> <span class='ocrx_word' id='word_1_264' title='bbox 797 3869 826 3940; x_wconf 89' lang='lat' dir='ltr'><strong>si</strong></span> <span class='ocrx_word' id='word_1_265' title='bbox 843 3871 929 3937; x_wconf 89' lang='lat' dir='ltr'><strong>dicte</strong></span> <span class='ocrx_word' id='word_1_266' title='bbox 944 3877 1090 3940; x_wconf 88' lang='lat' dir='ltr'><strong>tercentc</strong></span> <span class='ocrx_word' id='word_1_267' title='bbox 1100 3871 1182 3938; x_wconf 92' lang='lat' dir='ltr'><strong>librc</strong></span> <span class='ocrx_word' id='word_1_268' title='bbox 1197 3869 1231 3936; x_wconf 92' lang='lat' dir='ltr'><strong>in</strong></span> 
     </span>
     <span class='ocr_line' id='line_1_34' title="bbox 102 3977 1230 4068; baseline -0.004 -14"><span class='ocrx_word' id='word_1_269' title='bbox 102 3985 185 4056; x_wconf 90' lang='lat' dir='ltr'><strong>dicto</strong></span> <span class='ocrx_word' id='word_1_270' title='bbox 200 3987 339 4058; x_wconf 86' lang='lat' dir='ltr'><strong>termino</strong></span> <span class='ocrx_word' id='word_1_271' title='bbox 355 3985 461 4055; x_wconf 91' lang='lat' dir='ltr'><strong>solute</strong></span> <span class='ocrx_word' id='word_1_272' title='bbox 486 4003 550 4052; x_wconf 90' lang='lat' dir='ltr'><strong>non</strong></span> <span class='ocrx_word' id='word_1_273' title='bbox 577 3980 699 4050; x_wconf 87' lang='lat' dir='ltr'><strong>luerint</strong></span> <span class='ocrx_word' id='word_1_274' title='bbox 724 3980 821 4052; x_wconf 88' lang='lat' dir='ltr'><strong>dictis</strong></span> <span class='ocrx_word' id='word_1_275' title='bbox 847 3981 973 4049; x_wconf 84' lang='lat' dir='ltr'><strong>ciuibus</strong></span> <span class='ocrx_word' id='word_1_276' title='bbox 997 3977 1230 4068; x_wconf 65' lang='lat' dir='ltr'><strong>ducentenis,</strong></span> 
     </span>
     <span class='ocr_line' id='line_1_35' title="bbox 101 4089 1230 4183; baseline -0.005 -23"><span class='ocrx_word' id='word_1_277' title='bbox 101 4095 198 4166; x_wconf 90' lang='lat' dir='ltr'><strong>liccat</strong></span> <span class='ocrx_word' id='word_1_278' title='bbox 213 4105 245 4165; x_wconf 90' lang='lat' dir='ltr'><strong>ct</strong></span> <span class='ocrx_word' id='word_1_279' title='bbox 262 4097 367 4164; x_wconf 86' lang='lat' dir='ltr'><strong>libera</strong></span> <span class='ocrx_word' id='word_1_280' title='bbox 383 4101 530 4183; x_wconf 86' lang='lat' dir='ltr'><strong>potestus</strong></span> <span class='ocrx_word' id='word_1_281' title='bbox 547 4093 591 4160; x_wconf 88' lang='lat' dir='ltr'><strong>sit</strong></span> <span class='ocrx_word' id='word_1_282' title='bbox 608 4092 690 4180; x_wconf 84' lang='lat' dir='ltr'><strong>ipsis</strong></span> <span class='ocrx_word' id='word_1_283' title='bbox 707 4091 835 4160; x_wconf 84' lang='lat' dir='ltr'><strong>civibus</strong></span> <span class='ocrx_word' id='word_1_284' title='bbox 850 4089 1065 4158; x_wconf 86' lang='lat' dir='ltr'><strong>Anconitanis</strong></span> <span class='ocrx_word' id='word_1_285' title='bbox 1081 4097 1114 4158; x_wconf 89' lang='lat' dir='ltr'><strong>et</strong></span> <span class='ocrx_word' id='word_1_286' title='bbox 1140 4090 1230 4158; x_wconf 89' lang='lat' dir='ltr'><strong>cuili-</strong></span> 
     </span>
     <span class='ocr_line' id='line_1_36' title="bbox 103 4196 1231 4289; baseline -0.007 -15"><span class='ocrx_word' id='word_1_287' title='bbox 103 4203 152 4274; x_wconf 85' lang='lat' dir='ltr'><strong>bet</strong></span> <span class='ocrx_word' id='word_1_288' title='bbox 167 4226 279 4274; x_wconf 89' lang='lat' dir='ltr'><strong>eorum</strong></span> <span class='ocrx_word' id='word_1_289' title='bbox 294 4223 357 4272; x_wconf 88' lang='lat' dir='ltr'><strong>sua</strong></span> <span class='ocrx_word' id='word_1_290' title='bbox 371 4201 566 4272; x_wconf 87' lang='lat' dir='ltr'><strong>auctoritate</strong></span> <span class='ocrx_word' id='word_1_291' title='bbox 582 4221 701 4289; x_wconf 90' lang='lat' dir='ltr'><strong>capere</strong></span> <span class='ocrx_word' id='word_1_292' title='bbox 727 4209 761 4269; x_wconf 92' lang='lat' dir='ltr'><strong>et</strong></span> <span class='ocrx_word' id='word_1_293' title='bbox 786 4199 926 4271; x_wconf 89' lang='lat' dir='ltr'><strong>retinere</strong></span> <span class='ocrx_word' id='word_1_294' title='bbox 951 4196 992 4268; x_wconf 90' lang='lat' dir='ltr'><strong>de</strong></span> <span class='ocrx_word' id='word_1_295' title='bbox 1018 4198 1113 4267; x_wconf 90' lang='lat' dir='ltr'><strong>bonis</strong></span> <span class='ocrx_word' id='word_1_296' title='bbox 1139 4200 1231 4266; x_wconf 80' lang='lat' dir='ltr'><strong>Com-</strong></span> 
     </span>
     <span class='ocr_line' id='line_1_37' title="bbox 102 4306 1232 4398; baseline -0.005 -19"><span class='ocrx_word' id='word_1_297' title='bbox 102 4314 206 4382; x_wconf 89' lang='lat' dir='ltr'><strong>munis</strong></span> <span class='ocrx_word' id='word_1_298' title='bbox 221 4319 253 4383; x_wconf 91' lang='lat' dir='ltr'><strong>et</strong></span> <span class='ocrx_word' id='word_1_299' title='bbox 269 4311 439 4381; x_wconf 86' lang='lat' dir='ltr'><strong>bominum</strong></span> <span class='ocrx_word' id='word_1_300' title='bbox 468 4312 554 4378; x_wconf 88' lang='lat' dir='ltr'><strong>dicte</strong></span> <span class='ocrx_word' id='word_1_301' title='bbox 571 4309 722 4381; x_wconf 77' lang='lat' dir='ltr'><strong>Ciuitatis</strong></span> <span class='ocrx_word' id='word_1_302' title='bbox 746 4309 882 4398; x_wconf 75' lang='lat' dir='ltr'><strong>Ragueii</strong></span> <span class='ocrx_word' id='word_1_303' title='bbox 914 4328 1018 4394; x_wconf 87' lang='lat' dir='ltr'><strong>usquc</strong></span> <span class='ocrx_word' id='word_1_304' title='bbox 1043 4307 1086 4376; x_wconf 83' lang='lat' dir='ltr'><strong>ad</strong></span> <span class='ocrx_word' id='word_1_305' title='bbox 1111 4306 1232 4376; x_wconf 89' lang='lat' dir='ltr'><strong>dietam</strong></span> 
     </span>
     <span class='ocr_line' id='line_1_38' title="bbox 103 4414 1232 4505; baseline -0.005 -15"><span class='ocrx_word' id='word_1_306' title='bbox 103 4423 317 4505; x_wconf 85' lang='lat' dir='ltr'><strong>quantitatem</strong></span> <span class='ocrx_word' id='word_1_307' title='bbox 332 4429 550 4492; x_wconf 86' lang='lat' dir='ltr'><strong>tercentemm</strong></span> <span class='ocrx_word' id='word_1_308' title='bbox 566 4419 724 4488; x_wconf 90' lang='lat' dir='ltr'><strong>librarum</strong></span> <span class='ocrx_word' id='word_1_309' title='bbox 739 4417 848 4505; x_wconf 90' lang='lat' dir='ltr'><strong>sortis,</strong></span> <span class='ocrx_word' id='word_1_310' title='bbox 863 4424 896 4485; x_wconf 91' lang='lat' dir='ltr'><strong>et</strong></span> <span class='ocrx_word' id='word_1_311' title='bbox 912 4414 1045 4486; x_wconf 90' lang='lat' dir='ltr'><strong>totidem</strong></span> <span class='ocrx_word' id='word_1_312' title='bbox 1070 4421 1232 4501; x_wconf 89' lang='lat' dir='ltr'><strong>preterea.</strong></span> 
     </span>
     <span class='ocr_line' id='line_1_39' title="bbox 103 4523 1233 4616; baseline -0.003 -20"><span class='ocrx_word' id='word_1_313' title='bbox 103 4528 296 4616; x_wconf 79' lang='lat' dir='ltr'><strong>obligantes</strong></span> <span class='ocrx_word' id='word_1_314' title='bbox 311 4551 347 4599; x_wconf 89' lang='grc' dir='ltr'><strong>ιι</strong></span> <span class='ocrx_word' id='word_1_315' title='bbox 362 4530 441 4599; x_wconf 91' lang='lat' dir='ltr'><strong>dicti</strong></span> <span class='ocrx_word' id='word_1_316' title='bbox 457 4529 710 4600; x_wconf 71' lang='lat' dir='ltr'><strong>Ambaciatorcs</strong></span> <span class='ocrx_word' id='word_1_317' title='bbox 726 4529 858 4596; x_wconf 89' lang='lat' dir='ltr'><strong>nomine</strong></span> <span class='ocrx_word' id='word_1_318' title='bbox 873 4525 960 4594; x_wconf 88' lang='lat' dir='ltr'><strong>dicte</strong></span> <span class='ocrx_word' id='word_1_319' title='bbox 983 4523 1233 4594; x_wconf 75' lang='lat' dir='ltr'><strong>Communitatis</strong></span> 
     </span>
     <span class='ocr_line' id='line_1_40' title="bbox 101 4635 1234 4727; baseline -0.009 -21"><span class='ocrx_word' id='word_1_320' title='bbox 101 4639 455 4727; x_wconf 59' lang='lat' dir='ltr'><strong>angeriacensem</strong></span> <span class='ocrx_word' id='word_1_321' title='bbox 472 4646 503 4706; x_wconf 94' lang='lat' dir='ltr'><strong>et</strong></span> <span class='ocrx_word' id='word_1_322' title='bbox 519 4645 698 4725; x_wconf 84' lang='lat' dir='ltr'><strong>curaturos,</strong></span> <span class='ocrx_word' id='word_1_323' title='bbox 726 4635 811 4721; x_wconf 88' lang='lat' dir='ltr'><strong>quod</strong></span> <span class='ocrx_word' id='word_1_324' title='bbox 827 4635 1003 4702; x_wconf 77' lang='lat' dir='ltr'><strong>Commune</strong></span> <span class='ocrx_word' id='word_1_325' title='bbox 1020 4640 1052 4700; x_wconf 87' lang='lat' dir='ltr'><strong>et</strong></span> <span class='ocrx_word' id='word_1_326' title='bbox 1076 4636 1234 4702; x_wconf 85' lang='lat' dir='ltr'><strong>homines.</strong></span> 
     </span>
     <span class='ocr_line' id='line_1_41' title="bbox 144 4753 1072 4818; baseline -0.012 -2"><span class='ocrx_word' id='word_1_327' title='bbox 144 4779 209 4816; x_wconf 84' lang='grc' dir='ltr'><strong>ιιιιι.</strong></span> <span class='ocrx_word' id='word_1_328' title='bbox 225 4778 307 4818; x_wconf 80' lang='lat' dir='ltr'><strong>asae.</strong></span> <span class='ocrx_word' id='word_1_329' title='bbox 323 4777 438 4816; x_wconf 71' lang='lat' dir='ltr'><strong>rerer-</strong></span> <span class='ocrx_word' id='word_1_330' title='bbox 457 4777 528 4818; x_wconf 80' lang='lat' dir='ltr'><strong>nuuc.</strong></span> <span class='ocrx_word' id='word_1_331' title='bbox 545 4769 570 4808; x_wconf 76' lang='lat' dir='ltr'><strong>tt</strong></span> <span class='ocrx_word' id='word_1_332' title='bbox 1032 4753 1072 4806; x_wconf 74' lang='lat'><strong>29</strong></span> 
     </span>
    </p>
   </div>
   <div class='ocr_carea' id='block_1_4' title="bbox 0 0 1578 5156">
    <p class='ocr_par' dir='ltr' id='par_1_4' title="bbox 0 0 1578 5156">
     <span class='ocr_line' id='line_1_42' title="bbox 0 0 1578 5156; baseline 0 2"><span class='ocrx_word' id='word_1_333' title='bbox 0 0 1578 5156; x_wconf 95' lang='lat' dir='ltr'><strong> </strong></span> 
     </span>
    </p>
   </div>
  </div>
 </body>
</html>
