3122 5154
863 302 907 368 60

806 391 962 401 -..—-—-

325 520 398 564 oum
416 498 538 565 eisdem
555 497 647 566 uadit
661 497 705 563 ad
715 499 863 566 arborem
882 499 1128 584 magnoaldus,
1146 501 1207 566 snb
1223 519 1288 584 qua
1298 507 1348 566 est
1363 507 1456 565 meta

323 627 409 674 noua
425 616 458 676 et
483 609 635 694 antiqua;
661 608 782 674 abhine
797 605 889 674 uadit
905 627 1020 674 uersus
1046 608 1257 692 oeoidentem‚
1284 609 1453 675 etiterum

322 713 438 801 incipit
453 721 558 782 metas
573 721 684 782 tenore
694 733 766 781 oum
777 713 903 782 (inmite
918 715 980 800 H.;
996 714 1073 783 inde
1083 716 1231 801 proeedit
1240 715 1283 782 ad
1300 715 1452 782 arborem

318 822 501 909 pertaesa,
527 822 569 889 da
594 841 659 906 qua
675 821 815 889 flectitur
838 840 952 889 uersus
976 823 1145 890 meridiem
1171 823 1216 890 ad
1240 828 1308 889 tres
1332 831 1452 908 metas,

321 949 458 1012 quarum
483 949 550 997 una
569 933 620 996 est
644 928 723 996 ville
745 927 927 1014 Pulehnna‚
953 927 1098 997 seeunda
1122 929 1201 996 ville
1226 927 1319 1013 Chal,
1345 930 1453 996 tercia

322 1035 457 1106 Comitis
472 1039 533 1122 H.;
555 1037 675 1104 abhine
689 1036 830 1106 flectitur
845 1055 960 1106 versus
976 1037 1162 1124 aquilonem
1178 1036 1325 1123 procedit
1341 1043 1451 1104 metas

321 1145 459 1213 tenendo
475 1165 548 1212 eum
564 1141 688 1212 'eadem
711 1144 792 1210 villa
810 1142 869 1210 Gal
886 1143 929 1210 ad
955 1145 1126 1212 terminum
1149 1153 1217 1212 tere
1241 1142 1377 1212 Comitis
1392 1145 1451 1228 H„

322 1272 419 1336 qnam
435 1253 513 1320 emit
528 1273 549 1318 a
564 1254 731 1339 Stephano
746 1252 812 1320 lilio
828 1250 977 1338 Sarynd5
995 1258 1027 1318 et
1041 1259 1146 1320 metas
1161 1251 1302 1318 tenendo
1319 1270 1391 1318 enm
1408 1269 1452 1318 eo

319 1360 403 1444 dem,
419 1360 563 1428 vaditad
578 1360 718 1447 priorem
728 1361 834 1428 looum
843 1360 929 1427 vnde
944 1361 1122 1448 ineeperat,
1137 1366 1172 1426 et
1185 1359 1231 1427 ibi
1241 1359 1447 1426 terminatur.

318 1539 513 1609 (Ausozprdmi
527 1538 713 1610 kdplalannalr
738 1542 849 1593 ltut-ki
871 1537 1098 1609 expediutjtbtl,
1120 1535 1447 1604 mimidomensis.)

749 1795 1006 1811 m

853 2249 909 2316 39.

314 2411 375 2480 IV.
392 2411 474 2477 Bata
489 2413 663 2500 kirdlyoolt
678 2411 772 2498 Fapol
789 2414 870 2476 nand
883 2409 1038 2476 horothet
1053 2433 1109 2496 epy
1134 2409 1244 2494 rutupi
1253 2405 1362 2493 fildat
1379 2409 1448 2470 ἰάν-

313 2523 413 2608 ppoad
426 2521 605 2608 udotndnya
620 2519 739 2587 Mittor
764 2542 861 2586 eorm
882 2520 998 2606 Upolin
1014 2519 1142 2583 teatvdra
1160 2517 1315 2580 stomaro.
1343 2514 1446 2577 1238.

420 2699 501 2765 Bela
516 2698 577 2766 Dei
594 2701 709 2783 grauia
726 2701 795 2768 Rex
810 2697 956 2784 Vngarie
970 2696 1132 2763 uniuersis
1148 2692 1270 2760 christi
1290 2689 1448 2758 fidelibus

315 2813 499 2893 presentem
514 2807 670 2892 paginam
685 2807 880 2893 inspecturis
897 2805 1037 2872 salutem
1052 2803 1086 2869 in
1096 2821 1175 2868 uero
1192 2799 1340 2867 salutari.
1358 2797 1448 2864 Gunn

315 2919 391 2979 ante
407 2913 519 2980 oeulos
537 2913 832 2997 Regiellaiertatis
849 2913 913 2980 sibi
931 2911 1071 2979 fideliter
1087 2907 1310 2977 assistentium
1327 2907 1448 2974 merita

315 3019 558 3104 ingratitudinis
574 3020 710 3089 silentio
728 3042 793 3091 non
815 3021 955 3089 debeant
970 3017 1131 3107 preteriri,
1158 3017 1202 3084 ad
1216 3015 1446 3083 uniuersorum

315 3135 382 3194 tam
397 3128 637 3214 modernorum,
664 3149 762 3214 quam
777 3136 980 3217 posterorum
999 3127 1153 3195 notioiam
1177 3133 1291 3192 tenore
1310 3143 1447 3209 presen-

314 3236 397 3303 oium
414 3235 564 3306 uolumus
580 3237 761 3326 peruenire,
789 3237 877 3324 quod
893 3257 965 3303 eum
981 3235 1120 3303 dilectus
1145 3240 1179 3300 et
1196 3232 1303 3300 fidelis
1328 3237 1447 3298 noster

315 3344 472 3413 Nioolaus
486 3344 602 3414 Comes
626 3345 728 3414 frater
742 3345 874 3432 Vgolini
889 3345 984 3414 nobis
1008 3343 1148 3411 fideliter
1163 3351 1196 3410 et
1216 3341 1445 3409 indesinenter

316 3453 514 3538 seruiuisset,
539 3474 599 3522 nos
616 3455 658 3523 ob
674 3474 806 3522 suorum
831 3453 974 3520 fidelium
1000 3457 1033 3518 et
1048 3449 1263 3518 laudabilium
1289 3447 1447 3516 seruitio·

314 3579 386 3626 rum
397 3562 513 3630 merita
524 3562 559 3628 in
568 3564 730 3630 Paroehia
739 3559 935 3630 cenadiensi
952 3561 993 3628 de
1001 3565 1091 3627 terra
1105 3559 1218 3645 legal,
1235 3575 1446 3645 superquam

313 3668 413 3736 habet
428 3669 600 3737 eeclesiam
625 3675 659 3738 et
674 3669 800 3755 domus,
826 3668 1021 3736 contulimus
1038 3667 1080 3733 ad
1096 3685 1195 3732 unum
1211 3672 1354 3732 aratrum
1371 3669 1448 3732 tam

312 3779 355 3845 ab
370 3777 454 3864 ipso,
471 3795 568 3861 quam
585 3777 689 3845 asnis
706 3777 951 3845 suecessoribus
963 3779 1120 3862 perpetuo
1133 3769 1378 3859 possidendam.
1398 3773 1450 3839 Vt

310 3886 409 3972 igitur
425 3886 521 3954 huius
549 3891 659 3954 nostre
676 3885 865 3954 collationis
891 3885 993 3952 series
1009 3881 1105 3949 salua
1130 3885 1307 3966 temperet
1331 3877 1448 3945 ineon-

312 4013 410 4062 eussa
434 4000 622 4081 perseueret
638 3995 672 4060 in
696 4001 861 4080 posterum
872 4043 881 4078 ,
906 3998 1091 4079 presentem
1116 3986 1274 4076 paginam
1297 3984 1449 4072 duplieis

313 4102 413 4186 sigilli
427 4103 529 4172 nostri
546 4101 722 4170 munimine
736 4101 873 4168 leoimus
889 4099 1046 4168 roborari.
1072 4097 1193 4163 Datum
1204 4095 1303 4181 juxta
1318 4113 1448 4178 aquam

313 4211 387 4297 Ipul
412 4232 497 4280 anno
523 4215 566 4280 ab
592 4215 826 4282 Ineamaeione
845 4210 979 4282 Domini
1004 4205 1175 4276 millesimo
1192 4203 1258 4272 00⁰
1273 4203 1448 4272 tricesimo

312 4325 428 4387 octauo
443 4320 485 4386 X.
501 4321 665 4388 kalendas
688 4321 790 4407 Junij‚
816 4319 923 4403 Regni
950 4322 1060 4385 autom
1085 4315 1189 4382 nostri
1214 4333 1301 4382 anno
1323 4315 1446 4384 tereto.

345 4479 396 4546 (nr
409 4479 510 4534 sredeti
522 4478 590 4532 utdn
602 4481 675 4536 Rath
687 4480 797 4548 Kdroly,
810 4483 894 4547 Gydri
905 4479 1070 4533 Tttrtdnelmi
1083 4476 1112 4530 ds
1122 4473 1267 4543 Ragtmoti
1279 4477 1405 4528 Fdretelr

754 4569 992 4636 mmmm
