3134 5158
642 327 706 392 393

592 422 630 430 -a

117 531 228 598 eadem
245 531 394 598 Ecclesia
410 549 468 616 per
485 527 586 614 ipsius
601 521 792 588 industriam
818 527 949 586 auctore
964 520 1035 584 Deo
1058 512 1230 600 augebitur

116 643 143 709 in
159 641 315 725 utrisque.
332 638 492 719 Quocirca
502 631 716 702 Universitati
727 636 832 696 vestre
842 648 900 714 per
910 625 1098 712 Apostolica
1110 623 1231 706 scripta

114 749 326 833 mandamus,
353 751 509 831 quatenus
534 743 640 828 ipsum
664 745 830 822 tamquam
854 743 979 822 patrem
1006 739 1037 800 et
1068 737 1230 819 pastorem

114 859 294 926 animarum
304 864 495 938 vestrarum,
513 853 609 918 immo
620 848 795 936 potiusncs
811 847 844 912 iu
862 865 899 911 eo
916 843 1057 928 benigne
1075 839 1230 926 recipien-

114 975 161 1036 tes
176 973 208 1034 et
224 965 400 1034 honorilice
415 966 660 1050 pertractantem
678 953 872 1042 impendatis
886 954 916 1021 ci
934 950 1147 1020 reverentiam
1163 953 1230 1013 tam

115 1077 257 1142 debitam
275 1094 372 1158 quam
389 1071 548 1153 devotam,
576 1067 644 1134 eius
662 1062 823 1132 mandatis
849 1067 881 1128 et
896 1058 1026 1128 monitis
1046 1055 1231 1124 salubribus

116 1181 310 1250 intendendo
336 1179 499 1246 humiliter
514 1183 547 1243 et
573 1176 708 1258 devote,
734 1171 877 1256 alioquin
903 1167 1107 1250 sententiam,
1156 1183 1231 1229 uam

116 1292 222 1358 tulerit
248 1289 281 1354 in
309 1287 467 1366 rebelles,
494 1290 597 1349 ratam
621 1281 834 1358 babebimus,
861 1287 893 1345 et
918 1277 1074 1344 iaciemus
1100 1277 1231 1340 auctore

120 1400 254 1465 Domino
281 1393 515 1464 inviolabiliter
541 1389 717 1460 observari.
734 1391 853 1455 Datum
870 1384 1020 1469 Anagnia
1036 1383 1110 1450 llll.
1128 1399 1231 1446 nonas

118 1507 191 1574 Julii
207 1505 420 1574 Pontificatus
436 1501 537 1569 nostri
553 1521 637 1566 anno
657 1498 772 1584 primo.

159 1689 296 1754 (Tboinsr.
311 1689 410 1740 Vetera
422 1687 595 1738 Monurnenta
607 1684 747 1745 Slavorunp
760 1677 976 1731 Meridionalium
990 1677 1009 1726 l.
1025 1675 1081 1726 lr'dt.
1096 1675 1137 1724 85.
1153 1673 1180 1738 l.)

545 1929 807 1948 Μ

635 2346 710 2413 280.

121 2513 176 2576 IV.
195 2513 322 2577 Srindor·
335 2515 422 2596 pcipe
438 2533 457 2574 o
474 2510 703 2574 domium-coda
719 2509 1101 2596 cpdozdloooppazoocboto’
1118 2507 1231 2573 adrold-

214 2622 265 2702 jor
283 2619 342 2684 IV.
360 2619 439 2683 Belo
454 2619 618 2704 dirdlpoak
630 2621 856 2706 porrfopdcdbo
872 2620 1001 2703 ojdalpo.
1029 2617 1122 2682 1255.

222 2779 407 2848 Alexander
426 2779 604 2866 Episcopus
630 2800 741 2846 seruus
758 2799 923 2848 seruorum
939 2779 1000 2846 Dei
1021 2777 1138 2844 dilecto
1163 2776 1229 2842 tilio

120 2941 126 2954 .
147 2943 152 2956 .
170 2947 176 2958 .
195 2888 317 2956 Illustri
333 2889 416 2971 Regi
433 2888 575 2972 Vngarie
592 2889 728 2956 salutem
745 2894 777 2954 et
792 2887 1014 2976 Apostolicam
1037 2885 1230 2952 benedictio·
1357 2877 1361 2886 '

119 3019 200 3067 nem.
218 2997 344 3062 Poteris
360 2995 441 3079 Regi
457 2997 589 3080 Regum,
616 2995 649 3060 in
666 2995 757 3064 euius
775 3015 871 3062 mauu
887 3001 962 3062 sunt
986 2993 1127 3060 omnium
1146 2999 1231 3080 pote·

118 3113 216 3194 states
234 3110 267 3171 et
283 3103 392 3169 omnia
408 3103 479 3168 iura
488 3104 682 3190 Regnorum,
699 3104 732 3168 in
749 3103 812 3168 tuis
822 3101 1004 3170 actionibus
1018 3103 1230 3188 complacere,

118 3215 145 3280 si
161 3211 281 3297 diligas
306 3213 362 3298 pia
377 3211 458 3294 loca,
485 3219 517 3278 et
532 3229 688 3296 personas
704 3213 841 3279 honores
857 3213 889 3278 in
907 3211 953 3278 eis
970 3212 1107 3278 Domino
1132 3209 1231 3278 famu·

118 3323 230 3388 lantes.
248 3321 329 3388 Inde
345 3329 403 3404 cst,
422 3319 507 3404 qnod
523 3319 737 3387 Serenitatem
756 3319 859 3386 Tuam
875 3339 1039 3404 rogamus,
1066 3337 1231 3388 monemus

117 3431 281 3516 attentius,
300 3437 331 3496 ct
341 3429 516 3514 hortamur,
533 3429 684 3512 quatinus
695 3429 832 3496 dilectas
844 3429 876 3494 in
888 3426 1016 3498 Christo
1032 3427 1115 3496 filias
1126 3429 1231 3495 Abba·

117 3538 229 3606 tissam
246 3545 279 3604 et
290 3537 487 3604 conuentum
504 3556 681 3622 pauperum
697 3557 843 3606 sororum
859 3538 1056 3604 inclusarum
1071 3537 1105 3602 in
1121 3539 1232 3620 Tyrna

119 3645 249 3714 Ordinis
265 3644 375 3711 Sancti
401 3643 553 3711 Damiani
570 3645 801 3731 Strigoniensis
816 3647 966 3714 Dioccsis
982 3646 1106 3712 babens
1123 3647 1164 3712 ob
1181 3664 1229 3710 rc·

118 3755 299 3822 uerenoiam
309 3753 401 3820 Beati
410 3753 498 3820 Petri
512 3763 546 3838 ¹ct
556 3762 701 3822 nostram
714 3757 907 3842 propensius
917 3753 1169 3834 commendatas,
1182 3751 1231 3817 cis

118 3863 150 3929 in
165 3863 234 3930 suis
247 3862 499 3929 necessitatibus
525 3861 643 3930 adesse
659 3862 791 3930 studeas
816 3865 946 3950 pictatis
969 3862 1085 3930 intuitu
1109 3857 1231 3946 pariter

118 3979 150 4037 et
165 3969 340 4056 prodesse3
366 3989 478 4058 preces
494 3976 625 4038 nostras
649 3971 757 4038 taliter
777 3970 987 4054 admissurus,
1013 3969 1098 4054 quod
1118 3966 1230 4036 cedem

119 4099 174 4146 eas
197 4079 287 4167 apud
311 4079 547 4146 Excellentiam
572 4082 676 4148 Tuam
702 4081 883 4148 fructuosas
908 4079 973 4146 sibi
1002 4079 1143 4146 sentiant
1172 4095 1231 4162 per

118 4185 275 4272 ellectum,
303 4193 335 4252 et
350 4203 408 4252 nos
424 4185 696 4271 Magnificentiam
712 4186 817 4253 Tuam
842 4185 1004 4274 possimus
1020 4193 1148 4274 propter
1169 4186 1230 4252 hoc

117 4313 180 4361 uon
203 4293 363 4361 immerito
390 4294 624 4363 commendare.
650 4295 771 4363 Datum
795 4293 945 4380 Anagnia
969 4295 1028 4361 ΙΙΙ.
1053 4294 1130 4362 ldus
1151 4295 1228 4380 Julij

119 4401 326 4470 Pontificatus
341 4403 441 4470 nosbi
458 4421 542 4470 anno
558 4403 671 4488 primo.

118 4565 251 4632 (Exedetie
268 4564 440 4634 bdrbdrtydn,
459 4569 570 4634 melyrb'l
583 4583 600 4620 a
611 4565 737 4636 pipanm
750 4565 940 4636 dlompeesdtjc
959 4568 1034 4636 ltlgg,
1053 4583 1070 4618 a
1082 4567 1165 4622 budui
1178 4567 1228 4619 kir.

515 4657 831 4728 kamarailovolttrbm.)
