3198 5160
830 282 990 385 -51-2—

348 501 427 566 ram‚
454 501 551 566 qnam
576 479 753 566 assumpsit
777 477 933 564 predictis
949 478 1028 546 viris
1053 477 1132 545 dare
1152 499 1212 566 pro
1236 477 1383 565 pignore,
1414 493 1479 542 non

348 591 493 676 dedorit;
511 591 632 659 eisdem
645 591 723 656 dare
740 590 985 656 tenebiturcum
1001 587 1135 674 dupplo.
1151 589 1186 654 Si
1203 607 1281 655 nero
1298 585 1478 654 eorundem

347 698 540 765 arbitrorum
561 698 696 766 arbitrio
714 719 776 766 non
795 697 963 783 paruerint
979 695 1057 762 dicti
1073 697 1145 782 viri,
1163 705 1293 780 terram,
1314 715 1377 779 que
1393 694 1478 780 ipsis

347 825 406 890 pro
422 805 559 889 pignore
576 805 715 890 dabitur,
738 804 924 870 amitterent
940 804 1013 889 ipso
1030 802 1127 870 facto.
1156 803 1236 868 ltem
1252 801 1340 868 idem
1357 801 1475 870 Comes

347 911 505 978 Martinus
523 909 678 998 predictis
696 910 775 976 viris
795 911 973 998 assumpsit
996 912 1125 977 soluere
1141 911 1254 977 docem
1272 928 1410 993 marcas,
1436 927 1477 972 ex

347 1017 463 1102 quibus
480 1018 622 1103 quinque
634 1036 761 1084 marcas
777 1018 907 1102 argenti
923 1017 1047 1084 eisdem
1056 1015 1214 1103 persolnit
1229 1035 1337 1082 coram
1358 1015 1455 1082 nobis
1470 1039 1478 1098 ;

347 1127 431 1192 alias
447 1146 525 1194 uero
551 1126 693 1212 quinque
709 1147 837 1193 marcas
855 1127 887 1192 in
904 1127 1117 1193 estimatione
1143 1125 1309 1210 condigna
1327 1145 1400 1192 cum
1421 1125 1477 1192 bo-

348 1234 418 1318 bus,
445 1239 478 1300 et
493 1254 558 1302 non
577 1234 652 1318 aliJs
667 1234 774 1318 rebus,
799 1235 907 1300 soluet
921 1235 1025 1301 tercia
1051 1233 1205 1301 seriarum
1229 1232 1382 1318 proxima
1402 1237 1479 1317 post

347 1345 482 1409 octonas
505 1343 610 1409 Pasce
634 1361 743 1408 coram
760 1341 911 1428 Capitulo
937 1342 1048 1409 Ferrci
1074 1341 1200 1427 Castri3
1229 1360 1311 1424 quas
1338 1337 1398 1426 (si)
1414 1359 1475 1405 nec

346 1455 423 1516 tunc
432 1449 638 1536 persoluerit,
650 1451 791 1535 quinque
801 1470 939 1534 marcas,
957 1471 1040 1535 quas
1051 1453 1142 1536 prius
1154 1449 1322 1536 pernotuit,
1334 1446 1474 1532 amittet,

347 1563 380 1622 et
402 1555 632 1624 nichilominus
657 1557 789 1624 easdem
815 1556 929 1626 decem
945 1579 1072 1626 marcas
1098 1559 1226 1625 soluere
1251 1555 1418 1624 tenebitur
1433 1575 1475 1620 ex

346 1665 483 1750 integro.
508 1665 578 1733 Hoc
594 1666 731 1752 adiecto,
757 1665 844 1751 quod
860 1667 1008 1752 predium
1034 1665 1169 1734 Comitis
1185 1663 1318 1732 Martini
1344 1664 1476 1730 nomine

346 1774 426 1859 Har,
452 1773 486 1840 in
501 1774 591 1858 qnod
605 1773 770 1860 predictus
786 1775 875 1841 viros
901 1775 1081 1842 leceramus
1099 1774 1269 1857 introduci,
1295 1771 1395 1857 ijdem
1413 1771 1475 1837 riri

346 1883 389 1949 ab
406 1880 501 1948 hodie
517 1878 753 1968 restit(u)ermrt
768 1883 908 1950 Martino
928 1881 1046 1950 Comiti
1069 1881 1269 1968 supradicto.
1284 1881 1360 1966 Hijs
1375 1879 1477 1963 igitur

347 2009 406 2074 per
429 1988 567 2055 eundem
592 1986 749 2054 Comitem
775 1989 949 2056 Martinam
974 1984 1122 2077 plenarie
1145 1987 1319 2076 persolutis
1343 1995 1377 2056 et
1392 2007 1476 2054 com·

346 2096 445 2181 pletis
464 2095 552 2163 idem
567 2095 735 2180 Martinus,
754 2103 787 2163 et
807 2098 983 2185 chepanus
999 2098 1084 2165 tilius
1101 2096 1270 2181 Carmerii,
1296 2117 1336 2164 ac
1361 2115 1493 2162 omnes-

348 2201 407 2270 alii
422 2202 554 2287 cognati
570 2221 691 2288 eorum,
718 2222 815 2289 snper
831 2203 992 2272 diuisione
1009 2204 1050 2271 de
1065 2203 1329 2291 possessionibus
1346 2202 1473 2288 Olrepa-

347 2329 423 2378 num
439 2307 526 2399 (lgy)
554 2309 719 2395 qnondam
738 2311 822 2378 Bani
846 2312 1010 2397 predictos
1035 2312 1122 2380 viros
1147 2313 1357 2398 contingente
1380 2317 1476 2377 ernnt

346 2417 490 2506 expediti
505 2425 538 2483 et
553 2418 683 2504 penitus
698 2419 851 2504 absoluti,
867 2439 907 2486 ac
923 2420 1040 2505 littere,
1058 2427 1170 2486 contra
1187 2419 1346 2488 Comitem
1363 2421 1475 2486 Marti·

346 2547 423 2595 num
438 2527 594 2593 hactenus
621 2529 805 2612 impetrate,
824 2527 1027 2596 habebuntur
1052 2529 1141 2596 irrite
1158 2533 1190 2594 et
1205 2529 1330 2594 inanes.
1358 2530 1474 2595 Partes

347 2635 451 2704 eciam
477 2655 590 2703 omnes
615 2655 753 2720 causas,
785 2655 962 2720 omnesque
987 2637 1216 2705 contencioncs
1242 2655 1344 2720 usque
1375 2635 1476 2702 hodic

347 2745 522 2810 uentilatas
549 2750 659 2810 mutuo
676 2743 874 2812 sedauerunt
900 2746 957 2830 ita,
985 2755 1021 2814 ut
1036 2747 1157 2812 nullius
1182 2747 1309 2833 penitus
1327 2746 1395 2810 sint
1411 2767 1476 2812 mo·

347 2851 459 2919 menti.
484 2851 742 2937 Assumpseruot
766 2851 900 2938 insuper
916 2852 1016 2938 ijdem
1032 2855 1105 2938 uiri,
1133 2852 1217 2936 qnod
1234 2853 1403 2938 premissis
1426 2871 1475 2920 se·

347 2956 454 3024 riatim
470 2959 614 3044 peractis
639 2960 798 3027 accedent
814 2962 857 3027 ad
871 2961 1074 3047 presenciam
1094 2961 1246 3028 Albensis
1262 2961 1419 3048 Capituli,
1444 2965 1476 3026 et

346 3067 470 3133 dabunt
484 3087 584 3154 super
598 3069 716 3136 eadem
730 3069 960 3136 satisfaccione
976 3069 1094 3137 domiti
1111 3070 1251 3136 Martino
1268 3067 1398 3136 litteras
1414 3068 1474 3136 Oa-

347 3173 444 3259 pituli
471 3177 651 3262 memorati,
676 3184 752 3244 tunc
776 3174 931 3244 uidelicet
954 3197 1027 3243 cum
1053 3197 1111 3263 per
1135 3175 1299 3244 hominem
1326 3174 1472 3264 Capituli

347 3283 459 3348 Ferrei
474 3281 581 3349 Oastri
605 3284 724 3350 luerint
747 3285 883 3352 euocati.
911 3285 1033 3352 Datum
1048 3286 1081 3350 in
1100 3285 1227 3351 Oronas
1243 3283 1276 3350 in
1296 3285 1473 3352 Dominica

347 3389 477 3478 ludica,
493 3409 578 3458 anno
594 3393 725 3459 Domini
741 3395 786 3459 Μο
797 3391 912 3458 00⁰1»o
927 3413 1024 3460 norro.

421 3590 472 3658 (Aa
485 3590 586 3642 erodeti
598 3587 664 3642 utin
677 3587 749 3644 Rath
761 3591 873 3660 Ktrolffi
887 3593 975 3644 Huzai
988 3589 1157 3658 Olmdnytdr
1169 3593 1216 3644 tv.
1231 3594 1289 3645 nor.
1301 3594 1345 3648 38.
1358 3590 1391 3660 l.)

778 3881 866 3890 u—.=—-
