3134 5158
607 201 765 356 gae„

121 447 156 514 de
171 453 250 522 villa
267 457 396 542 Munar,
424 452 658 538 castrensibus,
683 451 739 535 qui
755 450 947 517 descensum
963 450 1079 518 dantes
1095 448 1244 518 dicuntur

120 558 251 632 Nieolao
269 565 339 633 lilio
355 566 492 649 Terpuz‚
509 567 542 628 et
553 561 667 628 Bacha
684 559 750 627 lilio
766 559 875 626 Bache
893 557 1037 643 Gomitis,
1058 558 1243 644 jobegioni-

121 665 175 732 bos
186 667 297 737 Castri
313 692 354 738 ex
371 673 477 738 altera
492 690 602 754 coram
612 669 708 735 nobis
725 667 920 752 constitutis,
938 665 1038 752 ijdcm
1050 675 1245 752 castrenses,

118 773 195 840 Bird
221 776 353 844 scilieet
377 785 410 845 et
426 779 532 846 Bnbta
557 777 801 860 confessisunt,
826 775 913 859 quod
939 796 1010 842 cum
1034 775 1097 861 ipsi
1122 774 1244 842 dietum

116 880 334 968 Berweynum
359 903 468 952 coram
483 887 589 952 Puero
610 883 734 952 Guriali
760 881 885 950 Gemite
910 881 1101 950 Posoniensi
1124 882 1242 950 traxis-

117 990 234 1056 sentin
262 1009 400 1058 causam
423 991 644 1078 proponendo,
670 991 778 1078 ipsum
796 987 962 1074 quandam
988 995 1109 1056 terram
1135 987 1243 1057 Gastri

115 1095 226 1164 Monac
252 1097 384 1164 nomine
408 1098 492 1166 inter
518 1107 621 1166 terras
637 1095 753 1166 Monch
780 1098 943 1182 quondam
961 1098 1087 1164 Decani
1112 1119 1152 1165 ex
1177 1119 1242 1166 vna

117 1212 218 1293 parta,
239 1212 274 1272 et
289 1207 386 1274 llnslr
412 1209 590 1275 castrensis
606 1227 647 1274 ex
671 1209 778 1274 altera
801 1207 963 1274 iacentem
987 1206 1133 1274 indebite
1149 1229 1240 1275 oceu-

113 1314 221 1399 pando
238 1314 408 1400 detinere;
426 1315 513 1382 idem
529 1317 727 1402 Berweynns
743 1316 870 1386 litteras
887 1315 1010 1382 domini
1025 1315 1164 1382 Rolandi
1179 1319 1240 1382 Pa·-

112 1421 204 1488 latini
229 1429 265 1490 et
289 1421 426 1491 Gumitis
451 1423 662 1492 Pcsoniensis
687 1443 798 1491 coram
824 1421 939 1490 eodem
964 1419 1088 1488 Guriali
1114 1423 1238 1491 Gemite

111 1528 324 1610 exhibuisset,
341 1529 374 1596 in
391 1548 527 1615 quarum
537 1538 650 1599 tenore
664 1532 748 1598 satis
762 1549 919 1618 expresse
936 1529 1154 1598 intellexisset
1164 1550 1237 1598 con·

112 1636 204 1704 tineri
220 1637 364 1706 Gnrialis
382 1638 498 1705 Gomes
514 1644 722 1723 memoratus,
743 1645 778 1704 ut
793 1639 899 1725 ipsam
914 1641 1035 1706 terram
1050 1637 1120 1704 iure
1136 1637 1236 1705 dona·

109 1745 172 1812 tino
187 1746 294 1830 Regio
322 1746 524 1834 possedisset
539 1747 728 1834 Berveynus
753 1751 969 1832 memoratos3
993 1753 1026 1813 et
1041 1747 1144 1812 eciem
1161 1765 1234 1812 cum

110 1851 174 1920 alie
190 1860 278 1922 terre
293 1873 315 1921 a
330 1854 447 1922 Gastro
463 1855 655 1923 Posoniensi
680 1853 825 1922 alienate
839 1874 898 1940 per
913 1854 1086 1940 registrum
1112 1851 1234 1922 domini

107 1963 142 2026 B.
160 1960 303 2028 Illustris
319 1961 422 2048 Regis
446 1961 549 2030 neubi
566 1960 683 2029 Gastro
699 1960 891 2030 Posonicnsi
915 1961 1053 2030 luissent
1076 1961 1232 2045 restitute,

106 2069 178 2156 ipsa
195 2073 284 2134 terra
300 2070 416 2138 lionar
432 2069 522 2156 apud
546 2069 684 2138 eundem
701 2072 907 2154 Berreynum
931 2069 1044 2138 ordine
1057 2069 1232 2155 judiciario

108 2177 148 2242 ab
165 2175 282 2244 eodem
299 2176 451 2244 Palatino
467 2185 500 2244 et
516 2177 641 2246 Gemite
656 2175 847 2245 Posonicnsi
872 2177 1004 2262 prolata
1018 2177 1132 2244 relicta
1156 2177 1232 2246 fuis·

107 2290 174 2368 set3
200 2292 298 2370 prout
312 2285 347 2351 in
363 2284 480 2353 litteris
504 2285 649 2354 eiusdem
665 2283 809 2353 Palatini
833 2284 1023 2351 continetur.
1049 2283 1143 2352 Vnde
1161 2306 1232 2373 pre·

108 2391 210 2458 dictus
221 2394 308 2459 Puer
318 2393 460 2461 Gnrialis
471 2392 588 2462 Gomes
598 2393 808 2462 Posoniensis
819 2390 952 2461 eosdem
966 2399 1152 2460 castrenses
1161 2399 1230 2459 tan·

105 2517 199 2582 qnam
225 2499 503 2589 calumpniatores
528 2502 699 2569 habuisset
723 2520 783 2589 pru
807 2501 963 2570 condictis
988 2501 1049 2589 pro
1073 2520 1120 2587 eo,
1147 2502 1228 2585 quia

105 2606 214 2674 ordine
240 2607 413 2678 iudiciario
438 2609 530 2677 litem
546 2610 748 2698 propositam
775 2610 954 2677 intrassent
978 2605 1136 2678 monendo
1161 2607 1228 2676 litis

105 2714 315 2797 questionem.
341 2719 383 2784 nt
396 2717 475 2784 licet
490 2719 659 2785 memorati
688 2723 872 2786 castrenses
897 2724 934 2783 nt
952 2715 1227 2804 calumpniatores

105 2821 300 2908 inpersonis
315 2823 456 2911 propriis
471 2825 612 2892 luissent
622 2823 902 2912 condempnandi3
921 2817 1030 2891 umen
1047 2842 1149 2891 eausa
1159 2843 1225 2890 mu·

106 2939 155 2998 tue
170 2931 500 3020 dileccionispenam‚
511 2953 610 3020 quam
620 2934 689 3020 pati
706 2934 869 3001 debebant
879 2933 1081 3020 inpersonis,
1098 2929 1224 3000 eisdem

104 3038 290 3107 indulsisset
304 3039 482 3109 Berreinus
507 3041 733 3129 supradictus,
760 3043 853 3110 saluo
868 3044 940 3110 iure
964 3040 1113 3128 predicta
1137 3048 1227 3107 terra

103 3147 213 3213 donar
227 3145 334 3215 eidem
349 3147 521 3232 Berveyno
537 3154 734 3216 remanente.
757 3149 826 3216 Nos
843 3148 941 3232 igitur
956 3149 990 3214 in
1005 3147 1101 3214 buius
1117 3147 1165 3215 rei
1180 3154 1225 3214 te·

103 3257 284 3323 stimonium
308 3257 352 3324 ad
368 3257 563 3344 peticionem
588 3258 756 3344 utriusque
781 3257 885 3344 partis
901 3256 1029 3324 litteras
1054 3263 1226 3344 presentes

104 3364 321 3431 concessimus
337 3363 507 3452 sepedicto
518 3367 680 3435 Rerveino
697 3367 801 3450 sigilli
817 3366 919 3434 nostri
940 3365 1124 3453 patrocinio
1137 3383 1223 3432 com·

103 3475 251 3541 munitm.
269 3475 391 3543 Datum
407 3477 440 3543 in
458 3478 585 3544 oetams
601 3476 676 3544 sesti
689 3477 784 3543 Beati
795 3475 958 3544 lobannis
971 3474 1121 3560 Baptista
1137 3491 1222 3539 anne

106 3581 231 3648 Domini
246 3583 422 3651 millesimo
438 3585 662 3654 ducentesimo
687 3587 959 3670 quinquagesimo
975 3583 1094 3664 tercio;
1121 3579 1223 3663 blagi-

102 3691 164 3755 stro
187 3688 367 3775 Smaragdo
393 3693 540 3760 Ecclesie
565 3697 674 3762 nostre
698 3679 873 3780 Prepesito
884 3743 893 3778 ‚
917 3689 1043 3759 Jacobo
1070 3685 1218 3768 Gantore,

102 3795 187 3864 Sixto
203 3799 335 3868 Decano
357 3803 583 3870 existentibus.

325 3975 990 4048 ABGDE

112 4165 229 4232 (truste
239 4173 413 4245 bdrbtrtydm
427 4195 444 4230 a
455 4176 681 4246 btrtyaasinegen
691 4176 782 4243 rogote
790 4173 883 4241 pecata
894 4174 1031 4234 elreeaett,
1044 4189 1062 4224 a
1072 4173 1155 4229 budxl
1162 4183 1218 4264 ltir,

488 4267 807 4344 kamaracensem.)

524 4464 786 4486 u--w--h-—n-
