3112 5148
926 857 1003 930 112.

395 1045 455 1113 IV.
472 1047 554 1112 Be'la
577 1044 744 1132 lrirdlyack
760 1041 883 1109 Pmska
898 1042 1032 1110 cimolos
1046 1047 1198 1130 trirppaad
1221 1042 1399 1129 adomdaya
1416 1038 1533 1128 Ropo-

699 1155 815 1220 mms'us
830 1175 927 1218 cernes
942 1152 1099 1218 cadmdra.
1115 1149 1212 1216 1244.

511 1352 593 1420 Bela
611 1349 673 1418 Dei
699 1349 813 1437 gracia
832 1348 1012 1434 Hungaric‚
1034 1347 1217 1434 Dalmacic,
1234 1345 1379 1432 Oroacie,
1405 1348 1533 1432 Rame,

392 1460 516 1546 Seruio,
534 1459 668 1544 Galicic,
687 1457 881 1526 Lodomerie
898 1454 1120 1543 Gumauieque
1134 1458 1206 1524 Rex
1220 1455 1380 1524 uniuersis
1395 1453 1530 1522 Obristi

391 1568 544 1638 fidelibus
560 1585 697 1654 presens
712 1565 868 1654 scriptum
878 1563 1077 1652 inspecturis
1093 1564 1234 1633 salutem
1248 1566 1283 1632 in
1298 1563 1442 1630 omnium
1459 1563 1533 1630 sal·

390 1682 515 1743 datore.
534 1673 612 1743 Ourn
630 1693 681 1762 ea,
697 1693 761 1760 qna
777 1673 934 1740 bonorum
951 1672 1193 1740 deliberacione
1209 1672 1433 1759 disponuntur,
1452 1691 1530 1738 ma-

391 1784 478 1850 xime
494 1803 558 1868 que
572 1783 682 1867 legum
697 1781 889 1868 imperatrix
904 1780 1010 1867 Regia
1025 1785 1205 1867 pertractat
1217 1779 1403 1864 auctoritas,
1420 1779 1529 1846 salua

393 1910 521 1978 semper
545 1895 578 1956 et
600 1888 795 1958 inconcussa
818 1907 1010 1975 permanere
1034 1887 1195 1972 debcant,
1220 1887 1265 1953 ad
1293 1886 1533 1954 uniuersorum

391 1995 596 2084 presencium
622 2003 721 2081 atque
744 2000 948 2082 posterorum
974 1993 1128 2062 noticiam
1155 1993 1327 2081 peruenire
1358 1993 1532 2080 uolumus,

392 2104 480 2191 quod
496 2125 569 2173 cum
585 2109 718 2193 propter
742 2101 915 2172 indeciduc
939 2103 1109 2170 fidelitatis
1133 2101 1356 2171 constanciam
1382 2109 1414 2168 et
1428 2101 1533 2168 innu-

391 2235 483 2282 mera
498 2212 694 2302 probitatum
710 2211 837 2298 merita,
857 2211 974 2296 quibos
990 2218 1067 2278 ante
1084 2211 1196 2279 oculos
1211 2216 1322 2279 nostre
1337 2209 1533 2278 Maiestatis

391 2328 501 2391 noster
515 2321 624 2389 fidelis
648 2327 682 2388 ct
706 2318 844 2388 dilectus
860 2319 1071 2405 Bogomerius
1087 2317 1205 2388 Comes
1230 2327 1297 2388 tam
1322 2319 1356 2386 in
1377 2317 1530 2405 publicis

394 2451 490 2516 quarn
507 2429 644 2516 priuatis
660 2427 766 2515 Regni
782 2427 887 2496 nostri
906 2427 1053 2514 negocijs
1068 2425 1102 2493 in
1117 2411 1263 2512 Polonia,
1283 2427 1450 2514 Bulgaria,
1471 2447 1530 2494 cc·

326 2601 332 2618 ,
391 2539 534 2624 terisque
559 2541 744 2623 Regnorum
770 2535 956 2604 ciimatibus
981 2535 1255 2603 excellentissime
1280 2536 1465 2620 emmisset,
1494 2543 1533 2600 ct

391 2647 532 2715 maxime
548 2646 626 2730 quia
650 2647 746 2715 nobis
761 2651 795 2713 et
810 2645 935 2715 (lorone
950 2644 984 2712 in
999 2643 1124 2732 impetn
1144 2645 1354 2712 Tartarorum
1379 2643 1533 2712 seruicia

392 2760 488 2839 grata
512 2753 670 2839 exhibuit,
697 2773 733 2822 se
753 2759 786 2821 ct
808 2773 869 2821 sua
894 2753 982 2821 omni
1007 2751 1153 2840 periculo
1178 2751 1380 2840 exponendo,
1406 2769 1529 2818 verum

394 2861 499 2929 eciam
516 2861 666 2944 quamuis
689 2861 837 2947 priuatus
858 2861 1047 2949 parentibus
1063 2865 1096 2927 et
1111 2861 1270 2948 cognatis,
1297 2857 1531 2945 grauibnsque

389 2967 578 3036 uulneribus
595 2987 773 3054 oppressus
787 2989 903 3037 manos
920 2969 1027 3056 gentis
1043 2967 1367 3055 impieTartarorom
1377 2966 1432 3032 uix
1443 2986 1530 3033 eua-

392 3075 482 3163 serit,
507 3081 617 3142 tamen
634 3077 676 3144 ob
692 3077 754 3144 hcc
776 3095 840 3143 non
865 3077 1056 3163 pertenitus
1081 3075 1223 3145 confinia
1246 3081 1359 3144 nostra
1382 3075 1446 3142 sibi
1463 3097 1533 3163 per·

392 3205 452 3252 nos
469 3185 643 3254 commissa
667 3185 896 3255 nichilominus
912 3185 1052 3254 inimicis
1068 3185 1198 3270 nostris,
1217 3185 1273 3270 qui
1288 3184 1403 3252 eadem
1419 3203 1533 3270 oppu-

393 3313 497 3379 gnare
521 3294 744 3382 conabantur,
770 3294 909 3362 uiriliter
934 3295 1134 3381 resistendo,
1165 3293 1368 3380 integraliter
1395 3293 1533 3378 absque

393 3402 536 3488 dampno
561 3407 594 3468 et
618 3401 745 3470 lesione
769 3403 883 3488 aliqua
907 3403 1123 3474 conseruauit.
1149 3403 1219 3472 Nec
1243 3399 1531 3490 pretermittimus,

392 3529 465 3578 cum
489 3508 627 3576 eundem
652 3510 686 3576 in
702 3529 871 3578 sucursum
895 3511 1063 3580 karissimi
1084 3511 1197 3598 generi
1220 3510 1324 3578 nostri
1340 3508 1531 3598 (Boleslai)

390 3616 532 3686 illustris
548 3617 651 3686 Ducis
670 3618 805 3688 Polonie
822 3624 937 3688 contra
956 3619 1140 3690 Oouradum
1151 3621 1275 3688 Ducem
1296 3617 1504 3686 misissemus
1518 3645 1528 3706 ;

389 3727 436 3794 ibi
450 3725 562 3794 taliter
571 3745 630 3794 sue
645 3727 818 3814 probitatis
829 3727 973 3796 exercuit
988 3747 1098 3816 opera,
1119 3728 1206 3814 quod
1221 3725 1352 3794 abinde
1367 3747 1431 3795 non
1449 3727 1530 3794 sine

387 3853 510 3919 magno
525 3840 635 3902 nostre
645 3833 855 3904 celsitudinis
871 3837 1003 3906 honoris
1019 3836 1119 3923 redijt
1133 3835 1342 3904 incremento.
1364 3833 1415 3902 Ob
1425 3835 1529 3903 cuins

388 3941 556 4010 fidelitatis
572 3949 605 4010 et
619 3944 792 4031 probitatis
816 3945 942 4032 merita,
968 3945 1031 4014 sibi
1048 3952 1081 4014 et
1096 3965 1155 4032 per
1177 3945 1284 4034 ipsum
1300 3945 1369 4012 suis
1391 3943 1529 4012 heredi-

387 4049 448 4119 bus
466 4051 631 4136 quaudam
647 4059 767 4122 terram
777 4051 941 4140 Leustacij
957 4053 1016 4140 filij
1033 4053 1136 4122 Ellend
1155 4053 1227 4122 sine
1243 4052 1362 4122 herede
1372 4051 1529 4121 defuncti

387 4159 520 4229 nomine
535 4161 666 4230 Pruslxa
680 4162 715 4229 in
733 4161 896 4232 comitatu
909 4161 1147 4230 Trinchiniensi
1162 4162 1366 4246 existentem,
1383 4181 1483 4246 quarn
1502 4183 1529 4230 a

387 4265 508 4336 dilecto
534 4275 566 4336 ct
590 4269 680 4338 fideli
705 4277 818 4340 nostro
842 4269 975 4340 Matheo
1000 4271 1156 4356 Magistro
1171 4271 1438 4339 Tawanricomm
1464 4291 1527 4338 no·

386 4380 526 4444 atrorum
542 4385 574 4444 et
590 4374 718 4448 Comlte
731 4379 925 4449 Posoniensi
949 4381 983 4446 in
1000 4381 1225 4449 concambium
1240 4385 1326 4448 terre
1342 4377 1452 4464 Tunig
1471 4399 1526 4447 rc-

386 4481 541 4565 cepimns‚
568 4486 761 4555 contulimus
786 4489 847 4556 sub
864 4489 986 4557 eisdem
1012 4490 1117 4576 metis,
1143 4490 1205 4557 snb
1231 4489 1348 4576 quibus
1371 4487 1460 4556 idem
1480 4491 1527 4557 L.

386 4585 588 4674 possidebat,
600 4601 767 4680 perpetuo,
786 4595 921 4680 pacifice
931 4601 963 4662 et
978 4598 1085 4682 quiete
1094 4595 1339 4684 possidendam.
1356 4599 1398 4666 Vt
1415 4599 1526 4683 igitur
