3198 5160
625 779 702 848 348.

109 961 257 1026 Amnes
279 961 493 1049 kdptadauualt
517 955 892 1046 bitereysdqlecsle,'bopy
914 960 1033 1026 bouelt
1061 959 1227 1026 malama·

107 1072 179 1154 prdj
207 1094 226 1134 a
260 1069 380 1156 Lopatt'
408 1069 598 1136 masalma
627 1069 783 1134 &mdccc
812 1069 962 1156 helysepet
991 1068 1224 1154 udocsdnyoztu.

617 1175 714 1242 1258.

210 1371 279 1439 Nos
295 1372 480 1458 Capitulum
497 1373 681 1442 vniuersum
697 1371 861 1439 Nouensis
877 1373 1022 1440 Ecclesie
1037 1372 1148 1440 Sancti
1165 1377 1222 1439 As·

106 1481 174 1547 selli
193 1480 370 1567 (anselmi)
395 1480 616 1565 significamus
631 1479 793 1548 vniuersis
810 1487 843 1547 et
862 1480 999 1564 singulis
1014 1479 1133 1549 Christi
1149 1479 1225 1548 tide-

106 1587 188 1654 libus
213 1595 282 1653 tam
298 1587 501 1674 presentibus
526 1606 623 1674 qnam
645 1587 764 1654 futuris
790 1595 972 1674 presentem
997 1587 1152 1674 paginam
1177 1587 1222 1652 in-

107 1697 273 1784 specturis.
298 1695 348 1762 Ad
365 1695 586 1764 uniuersorum
612 1696 764 1764 noticiam
781 1703 813 1763 et
830 1701 1019 1784 perpetuam
1045 1693 1092 1760 rei
1109 1711 1225 1760 merno-

108 1799 1224 1891 riambarurnserievolumusperuenire,quodaccedensadnostram

108 1912 305 1998 presenciam
320 1913 439 1981 nobilis
456 1913 505 1979 vir
521 1913 693 1982 Ladinlaus
708 1913 793 1981 tilius
810 1913 949 1982 condam
959 1911 1093 1981 comitis
1109 1913 1225 1981 Jacobi

108 2019 145 2086 de
159 2021 324 2088 Gorbauia
349 2017 480 2108 Girsycb
505 2029 597 2110 parte
622 2041 663 2088 er
680 2041 752 2106 vna,
780 2027 813 2088 et
828 2021 965 2106 Bogdan
990 2029 1021 2088 ct
1041 2020 1224 2088 Stanizlans

108 2129 231 2212 iratres,
249 2129 308 2214 filij
325 2127 467 2212 Ohrelat,
485 2148 545 2195 nec
561 2149 624 2196 non
636 2128 791 2215 Stipanus
808 2135 840 2194 et
855 2128 1055 2196 Radouanus
1072 2129 1129 2214 filij
1142 2131 1225 2214 Bog-

109 2237 240 2322 doslani,
257 2238 352 2304 simul
369 2247 401 2306 et
417 2237 561 2304 uicissim
575 2237 806 2324 consanguinei
823 2257 934 2304 omnes
950 2238 991 2304 de
1008 2237 1222 2322 generacione

111 2346 251 2431 Laptaue
267 2345 395 2413 nobiles
412 2345 453 2412 de
468 2347 595 2433 Lapat,
620 2347 737 2431 quibns
753 2345 902 2412 omnibus
923 2345 1120 2432 supradietis
1136 2345 1224 2412 circa

111 2473 166 2520 nos
190 2453 404 2520 existentibus
430 2453 514 2520 idem
535 2453 709 2521 Ladizlaus
735 2453 767 2518 in
794 2458 904 2519 nostru
928 2451 1107 2539 presencia,
1133 2460 1166 2518 et
1188 2455 1222 2518 in

110 2559 192 2628 dicta
207 2561 347 2630 ecclesia
370 2561 503 2649 protulit
519 2562 577 2631 bec
592 2559 693 2632 uerba
709 2561 838 2646 dicens;
863 2561 951 2645 quod
966 2559 1038 2646 ipse
1052 2560 1222 2628 attendens

110 2669 293 2737 multimoda
309 2691 348 2737 ac
374 2671 488 2738 crebra
504 2671 644 2740 seruicia
661 2691 683 2737 a
697 2669 852 2758 predictis
877 2668 1041 2737 nobilibus
1060 2665 1101 2734 de
1115 2670 1223 2756 Lapat

110 2785 141 2842 et
154 2797 282 2848 snorum
308 2785 550 2847 antecessorum
576 2777 639 2846 sibi
656 2784 688 2845 et
703 2777 771 2846 suis
796 2775 1058 2844 antecessoribus
1077 2796 1098 2843 a
1114 2777 1223 2844 multis

111 2887 301 2974 temporibus
327 2886 497 2954 retroactis
523 2885 660 2953 fideliter
675 2885 823 2972 inpensa,
849 2889 882 2952 et
896 2885 929 2953 in
945 2885 1086 2954 futurum
1111 2885 1222 2973 inpen-

111 2993 219 3079 denda,
244 2995 277 3064 in
294 2993 621 3082 reconpensaeionem
638 3002 670 3062 et
686 2993 932 3062 retribucionenu
949 2993 1133 3062 huiusmod
1151 3013 1222 3061 suo-

112 3121 174 3172 rnm
198 3103 422 3185 berniciorum,
448 3101 614 3187 quandam
639 3111 758 3172 terram
783 3121 840 3170 sen
865 3101 1105 3190 possessionem
1130 3121 1222 3170 snam

112 3207 261 3278 desonam
279 3211 312 3280 in
328 3215 462 3282 &raus
478 3211 643 3280 Somilane
658 3209 789 3298 dietam,
806 3211 997 3280 existentem
1006 3231 1108 3298 prope
1124 3211 1222 3278 aliam

112 3317 212 3385 sillam
237 3339 331 3388 snam
348 3318 619 3404 Radoslaulauas,
646 3339 729 3404 quas
744 3319 890 3407 possidet
915 3319 1021 3390 dictus
1046 3316 1223 3388 Ladizlans

113 3441 147 3490 ex
169 3425 252 3496 dono
278 3429 380 3514 Regio
406 3429 609 3514 Maiestatis,
642 3435 737 3514 prout
762 3429 855 3496 nobis
880 3428 996 3496 claruit
1019 3427 1141 3496 ibidem
1166 3447 1223 3515 per

113 3534 263 3614 quoddam
288 3535 499 3625 priuilegium
523 3536 729 3605 Serenissimi
754 3534 877 3605 domini
903 3536 1002 3604 nostri
1028 3536 1106 3604 Bele
1122 3537 1222 3622 Regis

112 3641 253 3730 scriptum
280 3644 315 3710 in
341 3645 386 3712 Μο
410 3643 631 3712 ducentesimo
661 3643 950 3730 quinquagesimo,
982 3644 1120 3729 septimo
1149 3642 1222 3710 idus

113 3744 281 3838 lebruarij,
306 3759 338 3819 et
362 3751 454 3819 alind
477 3751 643 3838 Magnifici
667 3751 825 3838 Stephani
850 3750 952 3818 tocius
978 3749 1112 3816 Groacie
1138 3749 1221 3817 Bani

114 3855 255 3946 scriptum
271 3857 306 3924 in
321 3860 363 3924 bl.
377 3857 478 3926 11911.
498 3861 558 3928 sub
574 3879 685 3928 eorum
705 3859 826 3944 sigillis
845 3856 1073 3946 pendentibus,
1098 3858 1221 3943 predic-

113 3967 169 4030 tem
182 3967 293 4034 sillam
309 3967 476 4036 Somilaue
502 3965 624 4037 dictam
641 3968 674 4036 in
690 3969 826 4036 Buxaue
842 3987 913 4034 enm
938 3965 1089 4032 omuibus
1110 3971 1144 4033 et
1158 3965 1221 4032 sin-

115 4072 186 4151 gulis
208 4077 275 4144 suis
295 4075 446 4162 iuribus,
472 4075 703 4166 perpetatibns,
731 4074 928 4144 utilitatibus
953 4080 986 4140 et
1012 4067 1220 4162 pertineneijs
1262 4087 1264 4094 ·

115 4179 238 4268 undique
252 4184 332 4270 suis,
349 4184 514 4272 predictus
530 4185 704 4254 Ladialaus
724 4205 783 4272 per
798 4204 834 4254 se
850 4201 993 4268 suosque
1017 4181 1154 4249 heredes
1169 4179 1221 4249 be·

116 4285 273 4376 ratiumque
297 4311 430 4362 suornm
454 4290 556 4378 dedit,
579 4291 716 4360 tradidit
740 4298 838 4378 atque
863 4290 998 4358 ‹lonanit
1013 4294 1169 4376 perpetuo
1189 4294 1221 4358 et

116 4391 359 4470 inremeabiliter
384 4401 539 4487 predictis
556 4400 718 4468 nobilibus
735 4397 893 4486 Bogdano
910 4407 943 4464 et
958 4391 1136 4486 Staninlao,
1159 4417 1219 4466 nee

117 4505 311 4594 constipare
336 4515 369 4575 et
385 4509 564 4577 Redonano
582 4509 621 4576 de
638 4509 753 4595 Lapat,
781 4511 827 4574 cis
854 4517 885 4576 et
910 4529 1020 4576 eorum
1047 4506 1221 4585 beredibus
