3102 5160
629 939 704 1008 lta.

105 1139 131 1197 A
148 1131 280 1216 adprdbi
294 1124 511 1213 kdptalanaak
530 1121 799 1210 ttzoapeopteoete,
823 1121 901 1218 kopp
917 1122 1042 1212 Milua'ly
1058 1147 1154 1192 comeo
1172 1127 1227 1194 Ob-

187 1239 327 1303 rionava
342 1233 478 1300 btrtotoo
492 1233 621 1300 Mamor
637 1229 779 1296 Nezdeaa
786 1229 899 1314 fidant
913 1231 1024 1298 eladto.
1042 1229 1138 1300 1247.

15 1521 16 1524 Ἴ
205 1433 397 1521 Capitulum
413 1427 648 1515 Zagrabiensis
663 1426 810 1495 Eeelesie
825 1427 972 1496 omnibus
990 1429 1110 1499 Obristi
1129 1433 1228 1500 tideli-

103 1546 161 1610 bus
179 1543 320 1610 salutem
336 1539 371 1606 iu
386 1537 528 1607 omnium
555 1537 729 1605 saluatore.
757 1535 809 1602 Ad
824 1537 1048 1606 uniuersorum
1074 1541 1227 1610 noticiam

15 1699 16 1708 2
100 1661 210 1720 tenore
234 1649 440 1738 presencium
465 1645 613 1716 uolumus
637 1645 829 1733 peruenire,
855 1645 940 1730 quod
965 1648 1158 1718 aecedentes
1182 1651 1227 1718 ad

101 1767 244 1828 nostram
260 1756 466 1846 presenciam
490 1755 632 1822 Michael
648 1753 768 1821 (lomes
787 1753 889 1822 frater
909 1755 1020 1824 Buzad
1036 1759 1169 1826 Comitis
1185 1781 1227 1826 ex

100 1891 164 1936 una
179 1875 285 1958 parte,
312 1873 346 1933 et
370 1866 529 1933 Martinus
546 1865 633 1933 filius
657 1861 806 1931 Neadese
822 1884 863 1931 ex
880 1864 1002 1950 altera3
1026 1872 1225 1952 protestatus

15 2039 16 2044 ,
100 1989 146 2046 est
161 1979 251 2046 idem
276 1976 419 2044 bliebael
435 1995 544 2043 eoram
569 1973 787 2062 nobie,.quod
806 1973 970 2058 quandam
995 1983 1115 2044 terram
1133 1999 1226 2046 suam

99 2089 233 2157 nomine
249 2084 348 2154 Obris
362 2083 397 2150 in
412 2081 585 2171 priuilegio
601 2083 716 2168 Regali
733 2083 792 2149 sub
802 2082 894 2152 bulla
909 2101 1009 2151 aurea
1025 2087 1226 2171 existentem,

15 2199 16 2256 ἐ
97 2200 194 2265 sitam
210 2196 306 2262 iuxta
322 2199 443 2260 terram
459 2192 537 2258 dieti
562 2191 705 2276 Martini,
731 2197 767 2256 ut
781 2189 865 2258 iuter
881 2211 938 2260 eos
962 2202 1087 2262 remota
1103 2201 1227 2264 oonuo-

97 2307 209 2374 remia
235 2324 302 2391 pax
326 2301 551 2370 irremeabilis
566 2301 760 2385 firmaretur,
787 2297 990 2369 uendidisset
1014 2301 1119 2371 eidem
1145 2305 1226 2369 Mar-

15 2423 16 2458 r
96 2416 165 2482 tino
191 2419 225 2479 et
241 2412 310 2480 suis
326 2409 502 2478 heredibus
518 2407 740 2493 heredumque
768 2409 1008 2477 suecessoribus
1034 2431 1093 2495 pro
1109 2409 1225 2494 uiginti

15 2507 16 2532 ³
96 2521 216 2590 mareis
249 2517 379 2605 argenti
406 2521 564 2604 perpetuo
595 2513 837 2603 possidendam,
866 2517 1017 2602 quoniam
1040 2517 1116 2604 ipsa
1140 2526 1226 2586 terra

96 2631 194 2698 Obris
222 2627 412 2716 supradicto
437 2625 574 2692 llartino
595 2622 678 2692 adeo
704 2623 810 2692 fuerat
824 2626 1022 2714 neeessaria,
1048 2633 1084 2694 ut
1099 2627 1170 2694 sine
1186 2648 1226 2696 ea

96 2759 172 2807 esse
187 2736 378 2804 nullatenus
393 2733 576 2822 potuisset3
601 2738 733 2818 totaque
750 2754 877 2801 summa
892 2737 1029 2821 peeunie
1048 2736 1154 2804 eidem
1169 2736 1225 2803 lli-

95 2848 202 2916 chaeli
215 2864 327 2914 eoram
342 2843 437 2911 nobis
454 2849 503 2910 est
529 2842 679 2928 plenarie
705 2843 892 2930 persoluta,
918 2845 966 2912 ita
990 2851 1110 2932 tamen,
1136 2843 1223 2930 quod

95 2959 123 3024 si
139 2955 258 3042 aliqua
275 2971 376 3021 eausa
391 2957 504 3020 eontra
519 2952 626 3038 ipsum
642 2952 815 3022 Martinum
832 2973 891 3040 pro
906 2953 980 3042 ipsa
996 2960 1224 3041 mergeretur,

96 3065 183 3132 idern
206 3061 349 3129 Miohael
374 3060 490 3128 Comes
516 3057 654 3126 eundem
678 3059 853 3128 Martinum
868 3067 901 3126 et
925 3062 995 3130 eius
1021 3081 1225 3131 successores

97 3177 171 3242 sine
187 3171 331 3258 dampno
348 3167 522 3236 defendere
537 3171 709 3234 teneretur.
726 3169 880 3236 Preterea
892 3169 921 3236 si
936 3189 1092 3256 proeessu
1104 3177 1226 3257 tempo·

95 3283 139 3349 ris
167 3277 377 3367 supradictus
393 3275 551 3343 Martinus
566 3275 620 3342 vel
645 3275 764 3362 aliquis
780 3296 911 3344 suorum
935 3279 1090 3347 heredum
1105 3284 1225 3348 terram

94 3388 313 3477 prescriptum
329 3384 431 3452 uellet
446 3401 610 3470 exponere
626 3382 821 3471 uendieioni,
839 3390 871 3452 et
887 3387 1017 3472 eognati
1032 3387 1135 3474 ipsius
1160 3411 1225 3458 non

96 3501 254 3580 emerent,
279 3491 360 3560 nulli
376 3497 531 3559 extraneo
547 3497 661 3579 posset
676 3490 829 3582 vendere,
846 3493 909 3560 nisi
924 3493 1076 3563 Michaeli
1095 3493 1224 3582 comiti,

93 3609 117 3676 si
132 3608 231 3674 iuxta
255 3607 378 3670 rectam
405 3600 650 3670 estimationem
675 3601 775 3670 uellet
800 3621 999 3690 comparare.
1024 3603 1122 3672 Cuius
1137 3609 1224 3672 terre
1347 3641 1348 3645 =

93 3718 200 3802 prima
225 3717 316 3781 meta
330 3713 446 3800 ineipit
460 3711 503 3779 ab
530 3714 655 3781 oriente
677 3711 712 3778 in
735 3718 852 3798 monte,
877 3712 933 3780 ubi
958 3720 1034 3780 sunt
1049 3721 1114 3781 tres
1140 3720 1224 3781 mete

92 3831 208 3910 terree,
225 3843 293 3890 una
318 3820 489 3889 lliohaelis
516 3819 662 3906 Comitis,
688 3819 793 3888 altera
808 3821 1003 3908 Lodomerij,
1029 3819 1131 3890 tereia
1147 3842 1224 3890 uero

93 3931 248 4017 ltartini;
265 3936 299 3997 et
313 3949 372 4016 per
386 3927 475 3996 uiam
492 3929 583 3997 uadit
599 3929 642 3996 ad
665 3928 898 3998 ooeideutalem
914 3935 1049 4016 partem,
1074 3930 1122 3997 ita
1137 3930 1225 4015 quod

93 4061 169 4129 pars
186 4037 414 4107 meridionalis
428 4043 599 4106 remaneat
613 4037 767 4106 lliohaeli
786 4034 914 4123 domiti,
932 4046 965 4106 et
981 4037 1224 4125 septemtriona-

91 4151 128 4218 lis
144 4147 312 4232 martino,
331 4151 363 4212 et
378 4143 457 4213 inde
472 4145 513 4213 de
529 4145 586 4213 nia
600 4145 693 4213 uadit
708 4144 752 4212 ad
773 4145 1008 4214 ooeideutalem
1032 4152 1157 4232 partem
1173 4165 1223 4214 us·

91 4275 151 4342 que
167 4256 303 4322 nineam
313 4253 443 4339 Ztrellr3
461 4249 626 4323 indenero
643 4251 811 4321 deseendit
826 4252 987 4322 demente
1004 4254 1048 4322 ad
1062 4255 1222 4341 arborem,

91 4387 152 4449 que
169 4361 294 4428 dieitur
308 4358 415 4446 lagos,
433 4367 466 4428 et
481 4357 525 4427 ad
541 4369 661 4428 metam
676 4367 835 4449 terream,
853 4369 886 4430 et
900 4361 977 4430 inde
994 4361 1087 4430 uadit
1101 4361 1224 4431 direete

90 4477 121 4541 iu
135 4473 260 4542 siluam
276 4489 337 4557 per
355 4477 460 4537 metas
483 4477 608 4538 terreas
634 4469 677 4538 ad
702 4489 799 4538 ruam
825 4473 986 4558 arborem,
1002 4491 1066 4556 que
1089 4479 1224 4540 uoeatur

91 4581 252 4664 narinus,
268 4597 334 4664 que
349 4584 401 4645 est
416 4597 511 4646 ernee
525 4578 667 4665 signata,
684 4583 718 4646 et
732 4579 906 4646 admetam
921 4584 1080 4664 terream3
1099 4585 1131 4646 et
1145 4579 1223 4647 iude

89 4691 180 4759 radit
195 4687 241 4756 ad
256 4707 357 4757 unam
372 4687 536 4775 paludem,
555 4707 617 4774 que
632 4693 769 4756 uocatur
784 4687 941 4776 chemya,
967 4695 1000 4754 et
1016 4687 1062 4758 ibi
1078 4707 1119 4755 ex
1134 4691 1221 4754 utra
