3134 5158
846 905 923 974 281.

328 1089 388 1155 IV.
404 1090 530 1155 stodor
547 1043 663 1176 pdpa'a
677 1089 908 1156 damidareudr'i
926 1089 1064 1176 updczdlc
1084 1093 1312 1177 eappazombata'
1331 1094 1446 1160 zarda-

503 1199 582 1282 jdro
594 1204 681 1264 adsue
697 1222 717 1263 a
732 1199 856 1263 samueli
867 1199 1006 1284 szubdlpt
1021 1201 1144 1284 captiti.
1164 1199 1261 1266 1255.

434 1393 621 1462 Alexander
646 1395 828 1484 Episcopus
853 1415 967 1464 seruus
992 1415 1158 1464 seruorum
1175 1397 1236 1464 Dei
1256 1396 1386 1465 dilectis
1412 1399 1447 1465 in

328 1503 457 1571 christo
482 1503 611 1572 filiabus
722 1505 899 1573 Abbatisse
924 1513 956 1573 et
971 1504 1153 1574 Conuentui
1180 1505 1368 1574 Monialium
1397 1507 1446 1572 in-

329 1615 493 1680 clusarum
509 1613 697 1700 blonasterij
715 1614 833 1682 Sancto
843 1613 1012 1682 Helisabet
1027 1615 1060 1680 in
1076 1613 1177 1680 'lima
1187 1612 1318 1682 Ordinis
1334 1613 1447 1682 Sancti

328 1721 479 1790 Damiani
495 1722 726 1808 strigoniensis
741 1722 889 1790 Dioc'csis
906 1721 1042 1789 salutem
1062 1727 1094 1790 et
1110 1720 1332 1808 Apostolicam
1351 1723 1445 1790 bene-

329 1829 510 1899 dictionem.
537 1832 657 1898 Haberi
674 1831 878 1918 percepimus
894 1831 928 1898 in
944 1829 1105 1898 desiderio
1122 1840 1230 1898 uestro
1246 1830 1444 1916 continuum,

328 1936 414 2022 quod
429 1957 487 2025 per
503 1937 712 2008 afflictionem
723 1941 829 2006 carnis
846 1939 1012 2008 assiduam
1025 1938 1211 2006 mereamini
1231 1939 1357 2026 premia
1371 1939 1446 2007 bea·

328 2052 450 2114 torum:
467 2063 577 2112 verum
593 2053 702 2114 tamen
719 2067 760 2115 ex
775 2047 1077 2132 fragilitatenature
1093 2045 1175 2114 adeo
1192 2045 1324 2134 spiritns
1340 2068 1445 2134 prom·

329 2153 454 2241 ptitudo
479 2151 677 2242 redunditnr,
705 2156 789 2242 quod
808 2157 861 2224 uix
888 2157 1011 2242 absque
1036 2157 1165 2223 incursu
1189 2154 1384 2222 discriminis
1409 2157 1445 2222 in

329 2260 477 2330 omnibus
505 2261 646 2348 rigorem
672 2263 808 2334 formale
833 2266 898 2332 uite
923 2271 1028 2332 uestro
1053 2267 1179 2353 perpeti
1202 2264 1354 2333 ualeatis.
1379 2265 1445 2331 Hu-

328 2371 467 2439 iusmodi
483 2369 643 2456 siquidem
668 2372 879 2459 fragilitatem
896 2379 1030 2460 patemo
1046 2372 1289 2442 considerantes
1314 2371 1444 2456 affectu,

327 2501 400 2548 oum
426 2501 570 2550 essemus
586 2482 619 2548 in
637 2482 750 2552 minori
777 2481 881 2552 officio
905 2481 1079 2567 constituti,
1105 2483 1244 2568 rigorem
1260 2479 1364 2568 ipsius
1379 2479 1442 2549 lor-

328 2592 413 2658 mule
429 2589 462 2656 in
479 2589 576 2657 certis
602 2591 747 2658 articulis
763 2589 818 2678 pie
834 2611 873 2658 ae
897 2590 1033 2679 prouide
1048 2589 1321 2677 temperabimus,
1348 2594 1444 2676 prout

327 2700 358 2766 in
376 2699 561 2787 putentibus
577 2699 693 2767 litteris
710 2701 831 2768 nostris
846 2698 1000 2767 conlectis
1025 2699 1141 2767 exinde
1154 2696 1282 2786 plenius
1302 2696 1444 2766 contine·

206 2875 211 2886 ,
328 2815 388 2875 tur.
415 2807 484 2875 Nos
500 2807 608 2894 igitur,
635 2809 712 2895 quia
728 2809 816 2896 pium
833 2827 904 2876 esse
931 2809 1118 2892 dinoscitur,
1145 2813 1180 2876 ut
1196 2827 1236 2874 ex
1255 2805 1444 2894 prouisione

328 2916 422 2984 Sedis
432 2917 619 3003 Apostolice
635 2937 656 2983 a
670 2917 763 2986 uobis
779 2919 888 3004 iugum
899 2916 1029 2985 Domini
1046 2937 1118 2985 oum
1134 2915 1294 2984 suauitate
1310 2913 1443 3001 leretur,

327 3025 444 3092 uestris
460 3025 753 3112 supplicationibus
769 3026 925 3114 inclinati,
942 3025 1003 3096 hoe
1015 3026 1102 3112 quod
1118 3045 1139 3093 a
1153 3025 1248 3095 nobis
1265 3043 1362 3112 super
1381 3024 1443 3091 boc

327 3133 447 3200 lactum
464 3139 522 3218 cst,
549 3140 653 3201 ratum
669 3134 827 3203 habentes
844 3142 876 3204 et
891 3142 1028 3221 gratum,
1047 3133 1081 3200 id
1097 3133 1291 3202 auctoritate
1307 3132 1444 3218 Aposto-

328 3241 394 3309 lioa
408 3240 643 3330 confirmamus,
660 3249 691 3311 et
704 3243 865 3332 presentis
881 3243 994 3332 scripti
1010 3242 1189 3330 patrocinio
1201 3239 1443 3309 communimus.

327 3347 417 3416 Nulli
433 3367 510 3433 ergo
527 3351 654 3419 omnino
670 3351 835 3420 hominum
851 3351 949 3419 liceat
972 3351 1056 3419 bauo
1072 3351 1226 3439 paginam
1245 3354 1355 3416 nostre
1370 3368 1444 3416 eou-

327 3455 518 3524 lirmationis
537 3455 723 3543 intringere,
741 3460 793 3526 vel
810 3458 839 3526 ei
850 3478 931 3527 ausu
947 3459 1120 3527 temerario
1136 3455 1306 3526 contraire.
1322 3455 1443 3542 Siquis

326 3573 435 3635 autem
451 3564 512 3633 boo
537 3571 730 3653 attemptare
746 3569 989 3656 presumpserit,
1015 3566 1272 3653 indignationem
1292 3563 1442 3650 Omnipo-

326 3678 424 3743 tentis
439 3677 501 3744 Dei
525 3683 558 3744 st
584 3676 758 3744 Beatorum
775 3677 862 3746 Petri
886 3685 919 3744 et
944 3677 1038 3745 Pauli
1058 3677 1285 3764 Apostolorum
1309 3675 1380 3742 sius
1405 3694 1444 3740 se

327 3785 454 3853 nouerit
470 3785 681 3853 incursurum.
704 3785 823 3854 Datum
840 3787 988 3873 Anagnis
1005 3783 1155 3854 kalendis
1172 3783 1320 3852 Octobris
1335 3781 1444 3851 Ponti-

325 3897 441 3963 ficatus
455 3893 555 3961 nostri
573 3914 658 3961 anno
674 3893 787 3980 primo.

324 4094 461 4160 (Eredetie
473 4089 644 4160 bb'rbdrtya'rn,
668 4093 777 4160 melyrb'l
797 4109 814 4144 a
832 4089 957 4160 pdpdnak
976 4090 1185 4159 blyompecsdlje
1204 4087 1381 4158 verus-drgo
1400 4107 1442 4141 ss·

477 4181 673 4248 lyemasiudrou
683 4183 761 4252 lllgg,
774 4197 791 4236 a
803 4183 884 4236 budsi
898 4183 949 4236 kir.
963 4183 1084 4234 kamarai
1098 4177 1287 4246 levdltdrban.)

759 4485 1022 4500 ’νυ-...ι-
