3198 5160
818 317 980 420 ..52⁶-

344 515 468 606 oampis
484 517 518 583 in
535 515 645 585 aureis
661 515 830 584 oanaiihus
847 515 1063 600 adaquantur.
1088 513 1193 594 Quem
1210 513 1286 580 Dux
1302 513 1388 580 alius
1405 514 1470 581 Ou-

341 644 510 692 manorum
526 625 568 693 de
582 624 714 692 flumine
728 625 807 709 Buo,
824 623 954 692 nomine
970 623 1093 706 Gureg,
1113 621 1318 708 expugnavit
1333 627 1470 710 propter

340 731 481 817 divitias,
498 737 530 798 et
545 731 675 800 devicit.
699 731 764 812 Qui
779 730 927 798 deuotus
943 751 1016 798 eum
1032 728 1160 796 duobus
1185 727 1263 795 filiis
1277 735 1311 795 et
1332 729 1467 813 quihus·

339 841 416 908 dam
431 840 555 927 paucis,
584 841 639 927 qui
655 840 697 906 de
713 839 791 908 helii
816 837 962 928 periculo
979 842 1163 924 evaserant,
1189 837 1233 904 ad
1249 837 1316 904 iam
1341 835 1466 905 dietum

338 945 515 1017 soldanum
540 946 582 1015 de
607 945 737 1014 Ornaeh
764 945 1017 1032 transfugerunt.
1048 943 1211 1014 Soldanns
1236 964 1315 1012 vero
1340 963 1467 1011 memor

337 1055 465 1145 iniurie,
482 1077 581 1140 quam
597 1055 661 1124 sibi
677 1055 841 1141 quondam
856 1054 942 1123 forte
957 1053 1122 1139 intulerat,
1146 1053 1225 1138 quia
1240 1053 1366 1121 ricinus
1384 1053 1467 1119 exti-

337 1173 441 1254 terat;
467 1173 631 1254 receptum
656 1165 689 1234 in
715 1170 811 1254 porta
835 1165 941 1253 ipsum
969 1162 1149 1249 suspendit,
1175 1169 1208 1230 et
1223 1163 1379 1250 populum
1407 1181 1468 1229 suo

338 1273 483 1341 dominio
498 1273 696 1360 subiugavit.
721 1275 794 1344 Duo
811 1292 889 1342 vero
905 1271 963 1340 tilii
979 1271 1049 1339 eius
1066 1269 1109 1338 ad
1125 1271 1246 1338 Euthet
1260 1269 1374 1354 fugam
1392 1289 1466 1354 pro·

339 1379 427 1449 tinus
443 1381 669 1470 arripuerunt3
694 1386 727 1447 et
742 1379 820 1465 quia
835 1379 997 1466 refugium
1023 1377 1108 1445 alias
1128 1397 1192 1444 nou
1218 1373 1394 1463 habehant,
1422 1377 1466 1442 ad

338 1487 502 1576 prefatum
517 1490 645 1576 Euthet,
670 1490 726 1575 qui
741 1495 868 1578 patrem
885 1507 996 1557 eornm
1012 1491 1044 1554 et
1059 1485 1191 1554 eoadem
1206 1493 1284 1553 ante
1299 1485 1464 1574 spoliave-

338 1603 399 1683 rat,
419 1605 495 1667 sunt
510 1599 641 1668 reversi.
668 1597 730 1678 Qui
748 1597 844 1665 ferali
869 1597 999 1665 attritus
1021 1594 1112 1664 rabie
1128 1615 1200 1663 oum
1220 1593 1312 1679 equis
1328 1593 1466 1681 cupiens

338 1705 496 1776 maiorem
511 1707 690 1777 interficere
707 1704 811 1796 (tgy);
830 1707 934 1774 minor
953 1712 1062 1772 autem
1083 1703 1217 1790 cupiens
1232 1701 1358 1790 ingere,
1375 1705 1466 1771 venit

337 1811 381 1880 ad
398 1813 579 1900 Gurgatam
596 1817 719 1884 Duoem
733 1815 969 1883 Thartarorum
992 1813 1058 1880 iam
1076 1817 1153 1879 ante
1174 1811 1385 1896 nominatum,
1411 1833 1464 1879 ro·

336 1939 420 2007 gans
435 1941 509 1989 eum
525 1923 686 2010 obnixius,
703 1929 739 1990 nt
753 1921 795 1990 de
805 1921 934 2007 Euthet,
953 1921 1007 2007 qni
1024 1927 1150 2008 patrem
1165 1917 1329 2006 spoliavit,
1347 1926 1380 1987 et
1395 1917 1464 1985 fra·

337 2035 418 2096 trem
437 2029 608 2117 interiecit,
635 2029 812 2099 vindietam
838 2035 1014 2118 exerceret,
1034 2029 1155 2113 dieens,
1181 2026 1269 2112 qnod
1294 2027 1360 2094 ista
1383 2024 1462 2109 duo,

335 2133 490 2205 videlieet
514 2137 602 2224 quod
617 2139 798 2224 Gurgatam
823 2140 925 2206 honor
942 2143 1134 2222 remaneret,
1159 2144 1192 2204 et
1207 2136 1270 2204 sihi
1295 2155 1354 2222 pro
1379 2154 1463 2202 neae

337 2245 461 2333 fratris,
485 2252 517 2314 et
532 2246 635 2333 patris
650 2245 767 2333 spolio,
784 2245 954 2314 retributio
970 2246 1061 2314 fieret
1077 2251 1110 2312 et
1124 2245 1278 2313 vindicta.
1303 2242 1397 2322 Quod
1413 2244 1465 2310 ita

336 2353 456 2422 iaetum
473 2360 533 2422 est.
558 2353 629 2421 Hae
644 2355 758 2422 hahita
774 2355 914 2423 viatoria
929 2354 1060 2439 rogavit
1080 2355 1219 2421 alterum
1235 2355 1359 2422 Dueem
1376 2353 1460 2421 Gur·

335 2470 448 2548 gatam
473 2462 600 2531 invenis
616 2463 773 2551 prefatus,
800 2471 833 2531 ut
850 2462 892 2531 de
907 2463 1053 2532 soldano
1078 2462 1120 2530 de
1136 2459 1265 2531 Omaoh
1281 2460 1460 2529 vindictam

333 2571 497 2659 aooiperet
512 2591 570 2660 pro
596 2571 776 2652 miserabili
793 2590 873 2639 neee
889 2572 1010 2657 patris;
1035 2571 1157 2656 dicens,
1175 2569 1263 2657 quod
1283 2569 1382 2638 etiam
1400 2589 1461 2657 po-

331 2681 429 2767 pulus
445 2679 578 2749 relietus
594 2699 616 2747 a
631 2685 737 2768 patro,
755 2681 811 2766 qui
826 2678 872 2745 ihi
889 2679 983 2764 quasi
1000 2679 1151 2766 captivas
1167 2679 1347 2764 tenebatur,
1368 2687 1460 2748 esset

331 2787 365 2854 in
381 2785 525 2875 presidio
550 2789 601 2855 sui
627 2789 792 2858 exereitus
808 2787 841 2854 in
858 2805 1044 2876 progressu.
1071 2785 1133 2854 ilie
1158 2787 1224 2854 iam
1250 2787 1292 2854 de
1316 2787 1459 2857 viatoria

332 2894 454 2981 dupliei
469 2895 567 2966 oorde
583 2903 615 2965 et
631 2897 739 2965 animo
755 2897 963 2982 dehabeatur,
991 2895 1106 2964 sedulo
1122 2895 1281 2983 concepit,
1307 2897 1394 2982 quod
1410 2895 1459 2962 iu-

331 3003 424 3072 venis
440 3005 629 3093 postulavit,
646 3015 679 3073 et
695 3025 849 3091 egressus
873 3012 987 3073 eontra
1002 3003 1190 3090 Soldanuru,
1214 3004 1384 3072 viemriam
1400 3004 1458 3072 hu-

334 3111 405 3178 buit
420 3111 484 3179 sihi
509 3113 691 3200 glorificam
707 3122 740 3182 et
754 3115 938 3182 honestam.
964 3113 1066 3199 Igitur
1082 3114 1176 3198 quasi
1197 3113 1339 3198 undique
1355 3113 1458 3182 vieto-

332 3219 384 3286 ria
397 3220 499 3288 iratus
515 3221 687 3308 laudabili,
709 3225 890 3310 Gorgatan
902 3221 1108 3310 suprauiotus
1124 3224 1200 3290 Dux
1210 3221 1457 3307 Thartaromm,

333 3346 405 3393 oum
429 3333 496 3396 toto
521 3329 645 3416 impetn
670 3330 749 3398 helii
775 3349 984 3417 progressum
1010 3331 1225 3398 feeitoooutra
1242 3331 1372 3417 Persas,
1397 3353 1460 3419 pro

332 3432 527 3519 quibusdam
543 3437 680 3522 guerris,
706 3457 789 3522 quas
805 3437 957 3525 primitus
972 3437 1140 3505 habebant
1154 3437 1198 3504 ad
1215 3437 1372 3525 inrieem;
1399 3441 1458 3508 ubi

331 3541 503 3611 viatorium
517 3545 632 3613 hahuit
647 3545 885 3633 perhonestum,
904 3552 936 3614 ot
945 3545 1093 3632 Regnum
1108 3547 1220 3614 Persio
1235 3547 1299 3614 sibi
1311 3547 1458 3617 totaliter

332 3650 531 3737 subiugavit.
547 3653 598 3719 Ex
613 3654 677 3721 hiis
689 3655 846 3723 audacior
861 3655 1007 3741 effeetus,
1023 3662 1056 3722 et
1070 3657 1236 3724 tortionem
1252 3675 1289 3724 se
1298 3663 1457 3744 reputans

204 3821 207 3830 .
333 3757 483 3828 omnihus
494 3781 593 3848 snper
608 3769 739 3848 terram,
756 3763 843 3850 oepit
858 3763 967 3830 iacere
984 3765 1229 3851 oontraltegna,
1246 3769 1347 3832 totum
1361 3785 1456 3834 mun-

331 3868 407 3934 dum
423 3870 486 3937 sihi
510 3869 688 3956 subiugata
703 3891 897 3960 proponens.
923 3871 1017 3940 Unde
1032 3873 1170 3960 primum
1186 3871 1229 3940 ad
1253 3879 1376 3942 terram
1391 3873 1457 3941 Gu-

332 3997 500 4044 manorum
528 3976 707 4064 abcedens,
733 3979 824 4065 ipsos
850 3977 1013 4047 Cumanos
1038 3979 1213 4067 superavit,
1240 3987 1361 4050 terram
1389 3981 1457 4050 sibi

330 4087 510 4173 subiugans
536 4087 731 4156 eorumdem.
757 4087 838 4154 Inde
853 4089 978 4156 reversi
993 4088 1036 4155 ad
1052 4091 1207 4176 Magnam
1223 4091 1417 4177 Ungariam,
1434 4114 1456 4159 a

330 4193 448 4278 quibus
463 4196 565 4263 nostri
581 4195 706 4280 Ungari
722 4195 879 4281 originem
895 4197 1089 4282 habuerunt,
1109 4207 1380 4285 expugnaverunt
1396 4221 1454 4269 eos

331 4301 408 4367 XIV
425 4301 531 4387 annis,
549 4301 629 4368 etin
646 4301 720 4370 XV⁰
735 4305 944 4389 optinuerunt
960 4323 1027 4389 eos,
1044 4305 1127 4371 sieut
1142 4305 1236 4373 nobis
1246 4307 1312 4394 ipsi
1327 4309 1454 4394 pagani

330 4407 456 4493 ngari
466 4409 646 4477 retulemnt
661 4411 738 4479 viva
753 4431 843 4480 vooe.
860 4411 931 4478 Illis
947 4411 1089 4496 optentis
1104 4413 1226 4481 reversi
1236 4435 1352 4483 uorsus
1367 4418 1453 4484 ocei-

330 4513 459 4581 dentem
483 4517 591 4601 spatio
609 4516 702 4584 unius
727 4521 804 4585 anni
819 4519 871 4586 vel
891 4539 1006 4607 parum
1033 4521 1185 4610 amplius,
1210 4521 1316 4607 v-que
1336 4523 1455 4609 Regna

333 4619 476 4685 maxima
500 4640 704 4710 paganorum
719 4627 935 4720 optinuerunt,
961 4629 1107 4697 Saseiam
1123 4627 1221 4724 (tgy),
1240 4629 1453 4724 bulgariam
