3122 5154
642 265 704 334 115

126 462 276 549 eumiusa;
293 460 410 530 deinde
421 463 595 530 reuertitur
604 484 717 532 versus
726 463 894 532 meridiem
903 485 961 551 per
975 502 1010 512 -
1030 503 1065 514 -
1081 473 1114 532 et
1123 485 1235 553 perne-

126 573 166 637 nit
175 571 215 639 ad
223 573 369 640 arborem
378 571 514 658 graban,
533 571 609 640 inde
620 572 788 641 deseendit
797 573 841 640 ad
850 590 949 641 unum
965 573 1113 660 riuulum,
1131 581 1164 640 et
1177 595 1236 662 per

123 680 249 748 eundem
258 681 395 748 riuulum
404 679 511 748 tendit
520 679 563 746 ad
574 701 671 748 unum
681 702 782 750 vznos
799 701 912 750 versus
925 681 1103 766 meridiem,
1121 689 1153 748 et
1167 701 1236 768 per-

124 789 202 854 uenit
216 790 258 854 ad
274 810 373 855 riuum
383 795 537 874 montem,
555 789 609 854 vbi
626 797 692 856 stat
708 791 805 858 arbor
820 790 916 858 ulmis
926 797 1055 875 vocata,
1076 789 1133 856 vbi
1148 795 1236 856 meta

123 899 320 982 circumfusa,
338 895 414 962 inde
430 895 535 962 tendit
549 917 608 981 per
624 897 701 963 bere
718 917 776 984 per
792 902 897 964 metas
914 897 958 964 ad
977 917 1132 985 maguam
1147 898 1236 964 viam

122 1026 171 1092 sep
184 1011 342 1088 uocatam,
361 1009 393 1070 et
408 1002 558 1089 peruenit
574 1000 617 1068 ad
633 1023 732 1070 unam
747 1023 910 1088 quereum,
935 1004 990 1070 vbi
1006 1009 1112 1088 meta;
1139 1003 1236 1071 ubine

122 1111 214 1178 tendit
229 1111 273 1177 ad
297 1130 396 1176 uuam
412 1109 553 1194 vallem,
578 1108 653 1175 inde
669 1107 761 1176 vadit
777 1109 926 1196 superius
947 1111 990 1177 ad
1005 1117 1156 1196 montem,
1180 1109 1235 1176 ubi

121 1227 176 1286 stat
190 1237 326 1304 quereus
344 1217 493 1303 superius
509 1215 596 1282 viam
611 1235 713 1301 wran,
730 1217 786 1283 vbi
804 1223 890 1283 meta
905 1217 1118 1303 circumfusa,
1136 1218 1235 1284 abine

122 1326 276 1394 deseendit
302 1325 388 1391 inira
403 1345 462 1411 per
478 1344 577 1390 unam
592 1325 714 1391 vallem
731 1332 763 1392 et
779 1326 928 1412 peruenit
948 1325 991 1392 ad
1016 1325 1156 1412 priorem
1172 1345 1234 1392 me-

119 1445 185 1500 taur.
210 1433 262 1498 Au
279 1436 371 1502 euius
388 1454 446 1520 rey
463 1435 684 1502 testimonium
699 1439 870 1521 presentes
885 1435 1015 1501 litteras
1040 1433 1146 1500 eidem
1162 1453 1234 1502 eon-

119 1542 239 1608 tulinus
257 1543 300 1608 sd
324 1548 521 1630 perpetuam
547 1541 758 1608 stabilitatem
783 1547 894 1610 nostro
921 1540 1031 1627 sigillo
1058 1542 1235 1608 munimine

120 1649 286 1718 roboratas.
313 1651 435 1716 Datum
457 1649 592 1734 Dubyze
618 1669 702 1717 anno
729 1649 860 1716 Domini
885 1648 1005 1716 bl⁰OC⁰
1025 1647 1234 1738 (quadr)age·

119 1777 199 1824 simo.

120 1923 245 1974 lliredstie
263 1918 438 1988 biirbtrtyin,
460 1919 572 1984 melyrbi
585 1935 602 1970 a
620 1917 714 1986 posset
726 1917 783 1971 intr
801 1917 935 1973 lemtllott
949 1937 965 1972 u
978 1923 1094 1974 nemzati
1107 1921 1233 1974 Muneum

475 2008 589 2062 klnirati
603 2008 869 2078 gytjtemtnytben.)

540 2307 806 2319 ———-———-—--—-

651 2780 706 2848 tl.

115 2971 134 3034 l
140 2970 169 3036 1⁷.
196 2968 276 3036 risza
301 2965 409 3053 kirtly
427 2963 574 3049 Bubonep
598 2965 630 3028 te
646 2963 755 3028 istacin
780 2961 923 3028 vadieaai
947 2963 1109 3030 euutmeket
1133 2984 1155 3028 a
1170 2961 1232 3028 butu

346 3071 628 3158 t'o'rutupizaltsdpa
644 3066 709 3134 αἰόί
721 3066 880 3154 fulmenti.
900 3070 998 3138 1241.

215 3269 297 3336 Bela
313 3268 376 3335 Dei
402 3269 516 3351 grauia
531 3265 709 3350 Hungarie,
740 3263 919 3350 Delmaeie,
946 3264 1092 3352 Croaeie,
1122 3269 1235 3352 Reme,

112 3379 229 3465 Seruie,
240 3379 390 3462 Gallicis,
402 3375 605 3460 Ludomerie,
616 3372 837 3458 Cumanieque
852 3374 923 3440 Rex
940 3373 1101 3444 uniuersis
1113 3371 1237 3441 Christi
1341 3371 1346 3378 '

113 3487 259 3554 fidelibus
284 3489 469 3572 presentem
493 3483 650 3568 paginam
677 3481 871 3568 inspecturis
897 3482 1037 3550 salutem
1063 3483 1097 3548 in
1113 3502 1163 3568 eo,
1181 3481 1237 3568 qui

115 3603 159 3662 est
174 3594 267 3662 salus
284 3591 428 3661 omniurn
452 3599 484 3657 et
499 3590 577 3657 vita.
594 3590 719 3673 Regum
738 3589 901 3659 Oelsitudo
919 3589 1064 3677 requirit,
1090 3597 1122 3657 et
1138 3589 1237 3659 subli-

114 3703 207 3770 mium
224 3699 378 3786 dignitati
394 3684 541 3783 debetur,¹
557 3704 591 3764 vt
606 3705 697 3766 tanto
713 3718 825 3766 eorum
835 3697 992 3766 donatiua
1008 3698 1150 3768 firmiora
1166 3719 1237 3785 per·

115 3813 237 3896 sistant,
256 3814 378 3894 quanto
394 3807 459 3893 ipsi
469 3813 594 3876 eeteros
604 3805 764 3892 dignitate
783 3807 974 3894 precellunt,
996 3815 1029 3875 et
1040 3825 1238 3890 quamquam

113 3919 142 3985 in
158 3917 375 4003 quorumlibet
389 3915 538 4002 personis
556 3914 770 3983 donatiouem
781 3909 976 3982 merentium
998 3911 1238 3981 obseruandum

114 4028 170 4093 bue
186 4026 319 4112 existat,
335 4022 550 4091 fauorabilius
561 4029 670 4090 tamen
685 4023 721 4089 in
736 4022 787 4090 his
798 4029 848 4090 est
864 4020 1028 4091 seruanda
1043 4017 1236 4104 liberalitas,

115 4135 165 4220 qui
181 4139 340 4205 bonorum
356 4143 487 4202 actuum
504 4133 677 4222 proficiunt
692 4132 908 4201 incrementis.
933 4132 1004 4198 Hae
1020 4127 1120 4212 igitur
1136 4127 1238 4196 eonsi-

21 4267 22 4348 ζ
116 4243 287 4312 duratione
303 4239 429 4309 inducti
439 4241 644 4328 presentibus
662 4247 695 4306 et
709 4240 972 4328 posterisnotum
989 4256 1062 4304 esse
1079 4237 1239 4321 volumus,

112 4353 196 4438 quod
212 4372 273 4420 nos
288 4349 431 4420 seruicia
440 4349 633 4434 laudabilia,
651 4368 714 4435 que
736 4349 832 4416 nobis
844 4347 954 4415 dilecti
970 4353 1002 4414 et
1011 4344 1125 4413 fideles
1137 4343 1240 4414 nostri

114 4461 271 4544 Bubonag
287 4467 320 4527 et
336 4458 521 4544 Stephanus
537 4455 681 4526 Comites
702 4456 742 4524 de
759 4455 931 4544 Wodyeba
945 4454 1003 4541 filij
1020 4451 1154 4522 Comitis
1169 4453 1238 4520 Ste-

116 4567 214 4654 phani
230 4567 271 4636 de
289 4563 433 4636 uenena
449 4563 482 4634 in
498 4563 638 4636 diuersis
658 4563 926 4652 expeditionibus
941 4562 1048 4648 Regni
1068 4561 1172 4631 nostri
1188 4576 1239 4623 ex·

1036 4679 1078 4735 ge
