3198 5160
113 547 163 612 cia
178 546 352 633 gratulari,
371 553 404 612 vt
421 568 459 614 cu
477 549 615 633 amplius
632 549 774 637 ipserum
791 549 939 636 exemplo
958 551 1058 618 ceteri
1075 549 1118 616 ad
1134 547 1235 615 fideli-

113 655 187 721 tatis
203 675 304 742 opera
319 655 546 724 vehemencius
572 657 761 724 inuitentur.
786 655 926 724 Proinde
949 657 994 724 ad
1011 658 1234 725 uniuersorum

113 770 176 828 tam
192 763 397 850 presencium
407 785 504 850 quam
515 765 691 834 futurorum
701 766 854 833 noticiam
865 766 979 834 harum
991 766 1076 834 serie
1086 765 1235 835 volumus

112 873 300 956 peruenire:
318 873 404 958 quod
421 873 636 942 consideratis
647 873 861 942 fidelitatibus
872 874 1123 943 etscruiciorum
1143 873 1236 940 meri-

111 981 151 1046 tis
168 979 304 1048 Comitis
321 979 468 1058 Perchini
482 981 576 1050 nobis
594 989 624 1048 ct
640 985 744 1068 Regni
760 983 864 1052 nostri
890 983 1108 1068 gubernaculo
1128 1001 1236 1048 succe·

111 1084 261 1154 dentibus
282 1090 449 1154 cumomni
465 1088 591 1158 feruore
610 1090 785 1178 fidelitatis,
807 1091 923 1158 cumin
941 1089 1125 1156 deferendis
1138 1090 1234 1157 rebus

111 1215 167 1262 seu
183 1196 345 1262 mercibus
370 1196 530 1283 preciosis
547 1198 588 1264 de
605 1200 765 1286 VeueciJs,
791 1221 855 1268 non
872 1199 1036 1285 parcendo
1062 1199 1160 1265 rebus
1176 1216 1236 1263 nec

111 1323 259 1390 persone,
274 1305 413 1371 fideliter
427 1287 576 1391 inpendii
592 1313 623 1373 et
641 1305 766 1390 deuote,
794 1325 833 1372 ac
854 1325 912 1392 pro
929 1307 1027 1372 rebus
1049 1303 1235 1374 eiusdemi]
1265 1294 1275 1316 ⁸

111 1420 142 1479 et
157 1413 222 1478 XX
240 1413 369 1498 marcis,
396 1415 514 1498 quibus
527 1434 586 1482 nos
614 1415 719 1481 cidem
735 1413 894 1481 Pcrchino
911 1415 1113 1502 tenebamur,
1137 1433 1237 1498 quas·

111 1519 186 1586 dam
203 1526 323 1586 tcrrarn
335 1541 393 1588 seu
403 1522 644 1608 possessionem
656 1521 839 1588 Glanniclra
854 1525 1013 1606 vocatam,
1031 1541 1236 1607 superquam

111 1630 296 1697 Wclczlaus
312 1639 343 1697 et
360 1632 458 1699 ceteri
475 1631 606 1716 cognati
622 1630 671 1698 sui
687 1631 885 1714 residebant,
903 1650 965 1715 quc
981 1635 1069 1696 terra
1079 1627 1122 1696 ad
1138 1629 1237 1697 homi·

110 1739 280 1806 neocastri
297 1739 337 1805 de
347 1741 693 1828 Morochapcrtiuebat
706 1739 738 1804 in
750 1737 913 1810 Comitatu
925 1739 1070 1806 eiusdem
1081 1738 1236 1822 existens,

111 1847 150 1911 dc
161 1847 386 1912 munificencia
396 1849 501 1932 Regia
517 1855 549 1913 et
559 1867 716 1915 consensu
731 1848 871 1914 omnium
883 1849 1044 1915 Beronum
1055 1853 1236 1915 nostrorum

111 1954 280 2022 nobiscum
296 1956 533 2042 assedencium,
550 1956 812 2043 Archicpiscopis
829 1955 1044 2042 ctEpiscopis
1060 1954 1164 2040 Regni
1180 1975 1235 2022 no·

110 2063 178 2147 stri,
195 2083 366 2148 consensu,
392 2063 498 2130 eidem
515 2064 631 2130 Ocuriti
649 2065 818 2145 Pcrchino,
845 2071 876 2130 et
893 2083 1042 2149 percum
1062 2063 1129 2129 suis
1145 2063 1236 2128 herc-

111 2171 217 2254 dibus,
245 2170 465 2254 heredumque
481 2191 611 2239 surorum
629 2171 870 2239 successoribus
882 2171 957 2255 jure
972 2175 1129 2256 perpetuo
1149 2169 1238 2236 dedi·

110 2298 190 2362 mus,
217 2278 412 2345 contulimus
429 2285 460 2345 ct
477 2280 669 2347 donauimus
697 2279 928 2366 possidendam
946 2285 978 2346 et
1000 2277 1188 2346 habendam
1204 2279 1238 2344 in

110 2385 195 2454 tilios
209 2388 346 2454 filiorum
356 2407 495 2473 suorum,
507 2389 595 2456 nullo
607 2389 844 2456 contradictore
854 2387 1033 2470 existente;
1051 2407 1124 2452 oum
1135 2386 1236 2453 omni-

111 2493 168 2561 bus
186 2494 384 2562 utilitatibus
409 2496 487 2580 suis,
515 2497 622 2579 metis,
640 2497 754 2580 vineis,
781 2495 909 2580 tenetis,
934 2495 1037 2578 siluis,
1064 2493 1237 2579 montibus,

110 2601 217 2684 aquis,
235 2601 327 2688 locys
343 2603 600 2671 molendinorum
617 2603 724 2670 cidem
741 2601 944 2686 tradidimus,
970 2609 1002 2667 et
1019 2607 1188 2687 exceptam
1204 2600 1237 2667 in

109 2709 360 2796 seruicijsipsos
372 2710 569 2795 jobugioues
586 2713 732 2778 acastre
749 2710 791 2776 de
802 2711 966 2795 Morocha,
984 2716 1017 2776 et
1028 2709 1104 2793 aliJs
1121 2709 1237 2776 castris

109 2821 244 2886 omnino
271 2823 457 2886 extractum.
482 2821 519 2886 ln
534 2821 625 2886 onius
642 2821 690 2887 rei
715 2818 935 2886 testimonium
959 2818 1084 2885 litteras
1109 2823 1238 2886 nostras

108 2925 336 3012 priuilegiales
362 2928 591 3011 concessimus,
619 2934 653 2992 vt
670 2927 766 2994 robur
790 2933 945 3013 perpetue
970 2926 1132 2994 firmitatis
1157 2924 1238 2992 obti-

108 3042 195 3103 neat.
213 3037 336 3102 Datum
353 3055 412 3121 per
427 3055 541 3102 manus
558 3036 707 3121 Magistri
723 3035 896 3123 Smaragdi
912 3035 1073 3122 Prepesiti
1088 3033 1239 3101 Albensis

108 3147 186 3213 aule
202 3151 315 3212 nostre
330 3143 630 3230 vice-cancellarij,
656 3165 742 3213 anno
759 3146 888 3213 Domini
904 3144 1114 3228 mudum,
1135 3141 1239 3226 Regni
1272 3144 1277 3149 '

108 3263 220 3323 autem
237 3253 341 3322 nostri
356 3273 442 3320 anno
458 3253 616 3339 vigesimo
633 3258 759 3322 octauo.

108 3455 141 3506 ra
157 3449 392 3506 saeksst'ehtrvdri
405 3451 596 3520 ktptalannalr
608 3455 686 3504 1329.
701 3455 730 3504 in
741 3455 847 3508 octauis
856 3454 1029 3522 Epiphaniae
1041 3451 1148 3506 ktsstlt
1157 3449 1239 3504 dtira·

108 3543 194 3610 etuti,
210 3543 374 3610 ,Magistter
387 3543 509 3596 Andreas
531 3545 603 3596 fitius
617 3544 731 3596 Comitis
744 3545 891 3596 sturmium
906 3543 1039 3610 ktrtstre,
1063 3559 1080 3596 a
1092 3543 1176 3598 budai
1188 3545 1239 3596 kir.

513 3636 634 3688 kamarai
653 3632 844 3702 lsrdltdrban.)

548 3931 809 3948 W
