3198 5160
844 291 1009 392 ,bi-(L.

362 490 592 580 Apostolorum
607 487 696 555 Petri
724 491 757 553 et
772 488 868 556 Pauli
884 490 1033 575 proximo
1058 494 1234 575 transacto,
1262 498 1422 560 venerunt
1443 483 1483 556 ad

362 599 487 668 Dnoem
502 596 774 665 Morduoanorum
798 595 945 682 alterum,
973 597 1029 680 qui
1045 595 1160 666 eodem
1175 597 1229 666 die
1254 615 1407 684 egressus
1422 616 1483 680 qno

363 706 417 772 isti
434 712 600 789 venerant,
617 724 689 771 oum
705 709 774 772 toto
790 703 911 790 populo
927 702 1115 791 strenuis,
1141 705 1224 771 sicut
1240 705 1390 792 superius
1406 703 1482 770 dixi-

363 834 445 900 mus,
460 813 629 882 rhmtaris
645 833 682 881 se
698 813 844 880 subiecit.
871 814 922 879 De
938 819 1056 897 cetero,
1082 813 1162 896 quid
1179 811 1220 880 de
1235 813 1361 880 duobus
1376 811 1483 880 fratri·

362 923 424 990 bns
438 921 506 990 illis
521 920 644 988 iactum
660 922 714 1004 sit,
741 927 846 988 utrum
863 921 980 986 mortun
994 921 1069 1004 sint,
1097 919 1151 987 uel
1166 940 1188 986 a
1203 922 1295 988 Duce
1318 921 1386 988 iam
1400 918 1483 986 dioto

364 1029 407 1098 ad
423 1030 602 1098 Thartaros
627 1027 768 1115 deducti,
793 1031 924 1116 penitus
940 1030 1119 1114 ignoratur.
1145 1030 1219 1097 Duo
1234 1028 1353 1097 iratres
1375 1026 1485 1110 relicti,

363 1139 572 1206 ammirantes
598 1137 639 1202 de
655 1155 747 1204 mora
763 1135 959 1220 eorumdem,
982 1137 1070 1203 circa
1086 1135 1205 1203 festum
1221 1135 1391 1203 Michaelis
1416 1154 1485 1220 pro-

363 1245 451 1310 ximo
475 1243 676 1312 celebratum
701 1243 858 1310 miserunt
876 1243 1050 1327 quemdam
1067 1244 1286 1330 interpretem,
1312 1243 1354 1309 de
1377 1262 1487 1309 eorum

363 1355 431 1424 rita
447 1351 616 1438 cupientes
631 1351 824 1435 certificeri;
850 1370 946 1433 quem
962 1350 1062 1417 etiam
1084 1348 1272 1420 Mordncani
1298 1350 1487 1416 invadentes

364 1461 559 1530 occiderunt.
585 1462 656 1544 Ego
673 1465 792 1546 autem,
803 1471 805 1476 ’
817 1465 850 1526 et
864 1461 944 1526 socii
962 1460 1034 1546 mei,
1052 1460 1200 1527 videntes
1216 1467 1336 1527 terram
1351 1480 1372 1524 a
1387 1457 1487 1524 'Phar-

363 1571 445 1638 taris
469 1573 681 1654 occupatam,
714 1575 747 1636 et
772 1569 924 1654 regiones
955 1568 1096 1636 munitas
1120 1567 1359 1654 conspicientes
1390 1565 1488 1633 etiam

363 1677 488 1746 nullum
502 1680 641 1744 fructum
657 1675 883 1762 fructificandi,
909 1680 1030 1744 reversi
1046 1695 1158 1744 snmus
1174 1673 1217 1742 ad
1232 1674 1434 1760 Ungariam3
1458 1681 1489 1739 et

365 1787 443 1854 licet
457 1807 515 1874 per
541 1785 660 1854 multos
677 1785 839 1854 exercitus
856 1791 888 1852 et
903 1785 1047 1852 latrones
1070 1785 1287 1870 transivimus,
1304 1786 1424 1852 Sancte
1441 1789 1487 1848 ta·

364 1913 439 1962 meu
453 1893 601 1962 Ecclesie
626 1893 829 1962 orationibus
856 1898 888 1960 ot
905 1893 1030 1960 meritis
1046 1892 1312 1978 suffragantibus,
1339 1891 1488 1977 perreni-

365 2021 436 2070 mus
453 2001 496 2069 ad
522 2001 640 2068 fratres
655 2007 784 2070 nostros
811 2007 844 2068 et
859 2001 1037 2068 claustrum
1056 2000 1235 2068 incolumes
1261 2009 1294 2068 et
1319 1999 1488 2066 immunes.

365 2111 517 2178 ceterum
540 2129 612 2175 cum
637 2109 704 2176 tale
721 2108 782 2174 Dei
798 2107 965 2192 flagellum
989 2106 1144 2176 adveniat
1160 2114 1192 2175 et
1216 2107 1423 2191 adproximet
1447 2103 1491 2170 ad

365 2216 451 2288 tilios
474 2216 622 2284 Ecclesie
647 2234 766 2301 sponse
792 2213 924 2300 Christi,
954 2215 1032 2300 quid
1057 2214 1214 2284 fratribus
1238 2217 1291 2282 his
1319 2213 1491 2300 agendum,
1516 2263 1520 2280 .

366 2324 507 2411 quidque
533 2323 719 2392 iaciendum
744 2325 796 2408 sit,
814 2325 929 2390 Vestre
946 2323 1139 2390 Sanctitatis
1164 2323 1318 2391 discretio
1335 2321 1491 2408 ,dignetur

367 2431 507 2500 sollicite
532 2431 713 2518 providere.
739 2431 901 2515 Preterea,
926 2436 960 2496 ut
977 2430 1058 2496 nihil
1076 2449 1116 2496 ex
1134 2431 1184 2498 his
1213 2438 1345 2498 maneat
1368 2433 1490 2514 preter-

366 2541 511 2626 missum,
526 2539 721 2607 Paternitati
737 2540 852 2606 Vestre
868 2539 1026 2624 significo,
1051 2541 1139 2624 quod
1155 2560 1227 2606 cum
1247 2537 1379 2623 quidam
1395 2540 1489 2606 oleri·

366 2669 424 2717 cus
449 2647 670 2715 Rutheuornm
700 2647 796 2714 nobis
822 2646 935 2730 aliqua
960 2647 1156 2713 rescriberet
1187 2647 1229 2714 de
1253 2646 1391 2714 historia
1416 2647 1493 2712 libri

366 2755 528 2840 Judicum,
555 2755 694 2840 dicebat,
720 2755 807 2838 quod
832 2755 988 2820 Thartari
1013 2755 1080 2822 sint
1103 2755 1310 2840 Madyanite,
1339 2756 1394 2838 qui
1420 2775 1492 2821 cum

368 2863 504 2949 (lethym
521 2861 606 2948 (lgy)
623 2861 745 2946 pariter
761 2868 875 2928 contra
889 2862 974 2930 filios
990 2863 1094 2930 Israel
1110 2869 1348 2950 expugnantes,
1373 2863 1493 2930 devicti
1543 2943 1545 2948 Ι

367 2978 480 3040 sunta
495 2966 657 3056 Gedeone,
683 2970 766 3038 sicut
781 2971 814 3035 in
841 2970 924 3038 libro
939 2970 1091 3038 Judicum
1118 2972 1309 3040 continetur.
1336 2971 1431 3038 Unde
1447 2971 1495 3036 lu·

367 3080 493 3168 gientes
518 3077 596 3144 dieti
621 3077 817 3167 Madianite‚
850 3079 1081 3148 habitaverunt
1106 3081 1200 3148 iuxta
1221 3081 1355 3150 flurium
1384 3099 1495 3162 quem·

368 3189 445 3255 dam
460 3187 591 3256 nomine
606 3186 756 3274 Tharter,
776 3186 862 3256 unde
879 3187 913 3254 bi
927 3188 1082 3255 Thartari
1101 3197 1176 3256 sunt
1190 3189 1309 3258 vocati.

231 3425 233 3432 Α
253 3383 255 3388 -
369 3349 406 3415 (Α-
417 3349 504 3400 rbmai
518 3347 644 3402 ratikbni
659 3351 763 3402 eredeti
776 3349 880 3403 lubnirat
893 3349 959 3404 utin
972 3350 1226 3412 Dudthtda,1rer
1239 3353 1388 3403 Romanum
1402 3351 1425 3400 I.
1439 3351 1496 3400 kbt.

753 3439 830 3503 Beer,
846 3441 923 3493 1855.
938 3443 997 3493 ³27.
1012 3442 1052 3493 sk.
1066 3442 1105 3508 ll.)

829 3655 1032 3666 ...—.——.-——·——

897 3869 974 3954 III.

693 4013 861 4093 Sambatai
889 4015 1031 4120 moapol
1056 4022 1164 4094 nezer.

442 4157 610 4230 (,Sonbute'i
623 4157 732 4226 general
746 4157 881 4226 mougol.“
895 4163 934 4212 En
944 4177 1013 4212 ezorr
1023 4160 1135 4227 mongol
1146 4158 1317 4212 venerelrusk
1327 4163 1438 4227 ogyilrs,
1450 4163 1499 4212 lsik

371 4253 524 4304 killbnbseu
537 4249 803 4320 Magyarorszigban
818 4255 896 4304 1241.
909 4251 938 4304 es
954 4254 1032 4304 1212.
1046 4251 1225 4319 lrarcaoltak.)

477 4378 658 4447 Souboute'r·
673 4399 714 4444 ou
724 4375 901 4463 Soubudai,
917 4383 1105 4446 suruomme
1115 4377 1269 4445 Bahador
1285 4397 1327 4444 ou
1343 4379 1374 4444 le
1389 4379 1499 4462 heros,

373 4487 453 4552 etait
469 4506 512 4554 uu
528 4488 664 4570 general
689 4487 828 4574 mongol,
853 4486 932 4554 dont
947 4488 978 4554 le
995 4507 1079 4572 nom,
1104 4485 1171 4554 mel
1187 4485 1221 4553 lu
1237 4485 1320 4553 dans
1340 4485 1387 4553 les
1408 4493 1500 4552 tran·

375 4592 548 4677 scriptione
571 4594 665 4676 qu'on
690 4615 711 4660 a
735 4595 832 4660 saites
856 4615 896 4662 eu
920 4595 1032 4662 lettres
1049 4593 1178 4680 arabes,
1202 4596 1278 4662 s'est
1302 4593 1428 4678 change
1457 4613 1500 4660 en
