3134 5158
647 851 725 918 260.

113 1013 242 1092 Meletos,
257 1012 376 1100 terega?
391 1012 538 1098 flitcilnot
553 1037 573 1078 a
587 1015 691 1100 kircily
710 1015 973 1102 mephappetsoibol
989 1015 1134 1104 Sonam,
1160 1017 1243 1084 Zela

10 1111 11 1120 ¹
194 1126 224 1184 e's
248 1120 407 1208 Veezpre'm
422 1121 598 1210 meppelrben
614 1122 681 1186 tobb
696 1123 887 1210 bistokrlpyet
901 1123 1048 1190 elaeodes.
1068 1124 1166 1190 1254.

223 1271 293 1352 Nos
308 1283 466 1354 Nieolans
475 1283 538 1352 Dei
554 1282 668 1368 graeia
682 1283 839 1368 Magister
853 1286 1081 1373 Dapiferornm
1100 1280 1241 1354 Illustris

114 1392 196 1460 Bele
210 1394 313 1477 Regis
324 1392 493 1480 Hungarie
503 1390 677 1476 uniuersis,
686 1385 737 1458 ‘ad
752 1412 834 1478 qnos
849 1403 984 1480 presens
999 1393 1154 1479 seriptum
1167 1414 1238 1483 per·

114 1501 243 1568 uenerit
259 1500 446 1567 salutemet
462 1519 556 1568 omne
573 1499 702 1566 bonnm.
729 1498 809 1566 (lum
827 1500 870 1566 ad
886 1501 1105 1570 recensendos
1125 1502 1240 1570 vduor-

10 1621 12 1696 ᾗ
116 1613 208 1678 nieos
224 1629 302 1676 snos
318 1629 377 1696 per
392 1610 577 1676 vninersum
593 1611 741 1693 Regnum
757 1609 912 1694 anerie
928 1611 1119 1678 eonstitntos
1143 1631 1240 1699 super

10 1759 11 1770 ι
113 1727 202 1786 terra
217 1718 395 1786 eorundem
421 1717 642 1784 examinanda
657 1738 679 1784 a
694 1717 823 1786 domino
839 1720 929 1803 Rege
952 1738 1054 1804 snpra
1075 1723 1240 1788 nominato

114 1827 281 1895 constituti
297 1825 481 1910 fuissemus,
505 1826 585 1892 etin
601 1825 674 1912 ipso
690 1826 827 1911 negoeio
843 1825 1034 1911 exequendo
1050 1828 1094 1894 ad
1110 1830 1237 1914 prouin-

114 1937 198 2002 ciam
215 1935 447 2020 Simigiensem
462 1935 735 2020 peruenissemus,
752 1933 946 2002 aoeedentes
962 1935 1006 2000 ad
1022 1957 1082 2003 nos
1098 1935 1240 2004 vniuersi

115 2043 201 2110 illius
226 2041 395 2130 prouineie
410 2041 589 2108 wduomiei
613 2048 646 2108 et
662 2021 836 2108 eorundem
848 2042 1045 2126 jobagiones
1070 2045 1239 2128 conquesti

10 2139 11 2226 J
115 2159 199 2235 sunt,
216 2149 304 2234 quod
314 2150 427 2216 Abbas
442 2149 553 2216 Sancti
563 2149 694 2216 Martini
709 2149 749 2215 de
766 2148 866 2217 Saero
876 2151 985 2218 Monte
996 2151 1163 2221 Pannonie
1173 2152 1237 2220 duo

116 2260 301 2328 molendina
315 2261 349 2325 in
365 2266 461 2344 terra,
488 2277 551 2342 qne
566 2257 684 2325 dieitur
699 2257 770 2343 Sar,
788 2259 831 2326 ab
847 2257 971 2327 eisdem
990 2261 1023 2326 in
1049 2263 1239 2330 eoneambio

115 2370 301 2457 recepisset.
319 2369 442 2434 Contra
456 2385 537 2451 quos
552 2363 714 2452 predietns
730 2366 843 2434 Abbas
862 2367 1011 2434 exhibuit
1031 2368 1237 2455 priuilegium

10 2477 11 2480 ’
114 2480 240 2546 Nicolai
270 2476 329 2544 tilii
344 2476 427 2542 Borz
453 2475 615 2561 quondam
632 2475 785 2542 Palatini.
813 2476 912 2543 (luins
934 2483 1047 2544 tenore
1072 2477 1143 2544 viso
1168 2499 1240 2564 pre-

115 2587 200 2654 dieta
215 2584 405 2653 molendina
420 2583 542 2650 Abbati
553 2645 559 2656 ,
569 2583 685 2650 relieta
700 2589 774 2650 sunt
790 2584 833 2650 ab
850 2584 973 2652 eisdem
996 2591 1151 2672 perpetuo
1167 2606 1238 2672 pos·

116 2695 262 2763 sinenda.
288 2693 392 2779 Igitur
408 2691 569 2758 uniuersis
594 2691 741 2776 negoeiis
756 2691 924 2778 prouineie
941 2691 1147 2778 simigiensis
1168 2715 1237 2781 per-

10 2797 11 2888 s
114 2806 194 2872 setis
209 2803 377 2871 venientes
387 2799 430 2865 ad
440 2799 643 2886 prouineiam
654 2800 746 2884 Zela,
756 2800 941 2868 innenimns
953 2823 1114 2887 agasones
1125 2802 1237 2870 Saneti

10 2963 11 2968 ι
115 2911 243 2980 Martini
262 2911 323 2978 sub
339 2907 648 2994 monteHygmogos
664 2916 786 2975 terram
801 2929 894 2976 snam
910 2909 1030 2978 habere
1050 2917 1236 2998 separatam

115 3041 183 3089 oum
199 3017 386 3086 vduornieis
403 3017 444 3083 de
460 3017 570 3099 Keaey
587 3036 608 3082 a
623 3017 725 3102 plaga
740 3017 925 3102 aquilonari
940 3038 1012 3086 eum
1027 3020 1154 3087 duabus
1171 3041 1237 3088 ma·

115 3132 184 3214 gnis
200 3129 298 3194 metis
321 3125 436 3193 terreis
452 3121 496 3190 ad
512 3123 732 3193 molendinum
748 3124 868 3211 Soyeh,
892 3126 979 3211 quod
995 3134 1046 3196 est
1065 3148 1164 3214 super
1179 3129 1235 3196 flu·
1316 3135 1319 3142 ’
1439 3154 1443 3163 ·

114 3241 198 3307 nium
216 3237 340 3323 Egrnd,
365 3241 399 3302 et
414 3234 531 3301 transit
546 3254 605 3321 per
632 3234 765 3301 fluuium
781 3235 903 3320 Egrud,
928 3244 960 3303 et
975 3238 1066 3305 vadit
1080 3259 1139 3325 per
1156 3239 1235 3306 anti·

115 3369 207 3432 quum
218 3343 331 3431 Egrud
347 3363 405 3429 per
420 3347 525 3429 prata.
545 3341 625 3408 (lum
641 3341 828 3410 vduornieis
845 3361 932 3428 vero,
948 3347 1003 3429 qni
1019 3351 1096 3414 sunt
1110 3347 1145 3414 in
1155 3349 1234 3433 Hig-

115 3475 235 3542 m0g0s‚
254 3475 276 3519 a
290 3457 384 3540 parte
400 3449 594 3518 oeeidenteli
610 3453 1073 3523 terramhabenteommnnem
1083 3456 1116 3522 in
1132 3457 1235 3542 siluis,

10 3567 11 3608 ³
116 3576 144 3634 et
157 3568 190 3632 in
218 3563 349 3631 tenetis.
375 3561 436 3627 Hie
452 3559 557 3626 eeiam
573 3561 743 3646 eompletis
768 3563 934 3649 pronineie
958 3565 1054 3632 huius
1079 3566 1233 3651 negoeiis,

115 3674 271 3742 veniendo
303 3669 346 3736 ad
380 3667 568 3755 parochiam
598 3668 884 3754 vesprimiensem,
910 3672 1090 3739 inuenimns
1121 3673 1234 3740 villam

117 3783 232 3852 Sanete
252 3779 365 3848 Omnis
389 3777 450 3844 sub
466 3777 552 3844 silua
566 3777 675 3844 Booon
694 3779 840 3846 Eoelesie
855 3781 949 3846 Beati
964 3782 1113 3848 Maurieii
1138 3782 1234 3869 perti-

10 3945 11 3964 r
115 3899 251 3978 nentem,
278 3897 399 3955 terram
414 3905 508 3954 snam
533 3886 654 3954 habere
679 3896 868 3974 separatam
892 3909 964 3956 enm
979 3889 1166 3958 vduornieis
1192 3890 1233 3956 de

10 3991 11 4014 ¹
116 4001 188 4068 villa
203 4001 273 4066 Fen
290 4015 363 4063 eum
390 3993 485 4062 metis
501 3995 643 4079 antiquis
670 4003 703 4063 et
717 3998 823 4082 nouis,
849 4007 884 4065 vt
902 3998 1000 4064 habet
1025 3997 1232 4084 priuilegium
1348 4097 1350 4102 Ι

117 4107 187 4176 Bele
201 4105 304 4190 Regis
329 4111 361 4170 et
385 4103 588 4188 quorundam
617 4104 780 4188 qnondam
798 4104 1032 4172 Palatinorum.
1061 4107 1111 4172 Ne
1135 4106 1233 4192 igitur

117 4237 167 4300 per
182 4221 364 4300 temporum
379 4211 628 4297 generaoionem
642 4211 685 4278 ab
701 4211 885 4280 hominibus
901 4211 1147 4279 sueeedentibus
1163 4234 1233 4300 pre·

10 4307 11 4324 ¹
118 4327 231 4410 seripta
245 4323 280 4388 in
296 4341 438 4388 errorem
463 4324 521 4386 aut
535 4318 662 4386 irritum
677 4321 731 4386 vel
746 4319 982 4388 dissensionem
1007 4319 1123 4387 dednoi
1142 4323 1231 4390 vale-

118 4440 178 4519 ant,
201 4436 384 4520 presentem
399 4427 558 4515 paginam
577 4429 796 4498 ooneessimus
812 4430 914 4516 sigilli
939 4431 1040 4498 nostri
1056 4432 1233 4500 munimine

118 4543 305 4611 roboratam.
321 4539 441 4606 Datum
457 4559 545 4607 anno
566 4539 698 4606 Domini
713 4537 833 4607 M⁰OO⁰
844 4540 962 4607 L⁰IV⁰.

271 4667 407 4734 (Eredetie
419 4684 436 4720 a
448 4667 639 4736 pannonhalmi
652 4665 850 4735 ltapatelgnalr
863 4664 1068 4734 leveltttrabnn.)

1011 4769 1069 4823 24*
