3148 5156
854 883 933 952 308.

341 1071 458 1138 Taruda
473 1071 610 1135 kulocaaa'
632 1069 715 1133 e'raek
728 1073 758 1132 e'a
774 1067 875 1132 tdraue'
899 1067 979 1128 mint
996 1064 1146 1128 tetartaeo
1170 1062 1287 1148 Ηνάὶγί
1311 1063 1467 1129 birdlmuk

336 1178 485 1260 Zouuuc,
510 1203 529 1242 o
554 1177 696 1261 Bodropc'
720 1175 836 1240 adulter
860 1175 979 1238 tortore
1003 1171 1138 1236 birtolra
1164 1170 1331 1235 conctdozo'
1360 1172 1466 1236 ite'lete.

852 1277 948 1344 1256.

444 1481 513 1546 Nos
529 1477 673 1546 Thomas
690 1477 752 1544 Dei
768 1463 1164 1562 graciaArclricpiscopus
1181 1475 1379 1560 colocensis,
1400 1478 1467 1544 Oli·

336 1587 447 1654 uerius
463 1585 579 1654 eadem
596 1587 711 1672 gracia
721 1584 903 1670 Episcopus
921 1581 1119 1668 Sirmieueis,
1137 1583 1328 1652 etllndreas
1345 1583 1467 1653 Comes

337 1694 527 1762 Baohiensis
544 1695 764 1778 significamus
789 1697 974 1776 presentem
990 1691 1184 1777 inspecturis
1204 1692 1358 1776 litteram,
1375 1693 1467 1778 quod

337 1825 409 1871 cum
424 1805 585 1872 Roraldus
595 1803 777 1886 Palatinus,
795 1801 911 1868 Comes
927 1803 1145 1886 Posoniensis,
1163 1823 1204 1869 cx
1220 1803 1358 1888 speciali
1374 1823 1468 1868 man·

338 1909 415 1977 dato
432 1911 553 1977 domini
570 1911 648 1976 Bele
664 1907 804 1976 illustris
820 1909 919 1994 Regis
936 1908 1090 1993 Vngarie,
1113 1915 1299 1977 castrenses
1316 1930 1337 1975 a
1353 1917 1466 1978 castro

336 2017 481 2102 Budrug,
498 2025 531 2084 et
546 2024 650 2084 terras
669 2019 768 2084 castri
787 2015 931 2083 indebite
951 2018 1112 2086 alienatas
1128 2024 1303 2104 reuocaret,
1331 2025 1364 2084 et
1378 2019 1468 2084 inter

338 2131 445 2192 cetera
470 2131 591 2194 terram
607 2127 750 2209 Zounuc,
778 2144 840 2208 quc
857 2127 956 2191 castri
973 2123 1014 2190 de
1031 2125 1164 2211 Budrug
1178 2126 1249 2212 fuit,
1276 2132 1307 2193 ct
1323 2127 1467 2194 candem

336 2231 525 2299 Alexander
548 2231 635 2300 tilius
653 2231 788 2300 Comitis
804 2231 963 2298 Deninius
979 2250 1020 2296 ex
1043 2232 1224 2301 donatione
1240 2235 1384 2319 gloriose
1401 2256 1469 2301 me-

338 2340 440 2406 morie
457 2341 557 2424 Regis
573 2340 743 2407 colomani
759 2339 960 2427 possederat,
988 2345 1096 2405 castro
1113 2339 1246 2425 Budrug
1264 2341 1467 2410 restituisset

337 2447 522 2534 antedict03
549 2453 766 2532 conquerente
791 2447 937 2532 predicto
954 2449 992 2513 Α.
1010 2449 1112 2530 Regio
1128 2447 1346 2532 Excellencie,
1373 2448 1466 2518 idem

336 2553 486 2621 dominus
501 2553 537 2620 B.
548 2555 618 2620 Rex
633 2553 921 2639 supranominatus
936 2553 1030 2619 nobis
1047 2552 1137 2620 dedit
1156 2554 1289 2620 firmiter
1303 2575 1363 2640 per
1378 2555 1469 2622 litte·

335 2683 392 2731 ras
407 2667 441 2731 in
458 2663 632 2746 mandatis,
659 2669 695 2728 ut
709 2669 828 2728 terram
846 2663 957 2729 llll-or
974 2671 1155 2730 aratrorum
1182 2663 1223 2730 de
1238 2669 1326 2730 terra
1341 2684 1467 2751 preno-

336 2772 470 2856 minata,
498 2790 678 2856 superque
695 2769 927 2836 monasterium
954 2767 1100 2835 eiusdem
1116 2771 1293 2840 Alexandri
1315 2772 1375 2839 luit
1391 2793 1469 2842 cou-

339 2885 506 2962 structum,
524 2878 668 2964 predicto
679 2879 718 2943 A.
730 2875 946 2944 mensurando
959 2885 992 2943 ct
1007 2878 1104 2944 certis
1114 2879 1210 2945 metis
1230 2881 1469 2950 circumdatam

337 2989 508 3056 restituere
534 2985 691 3054 debemus
716 2987 951 3074 perpetualiter
976 2985 1218 3072 possidendam.
1245 2991 1363 3055 Verum
1385 2993 1470 3074 quia

337 3097 440 3182 Regio
451 3096 604 3164 mandato
617 3115 784 3163 occurrere
800 3095 982 3180 debuimus,
999 3103 1035 3161 ut
1045 3095 1192 3181 decebat,
1210 3097 1329 3164 dictam
1340 3107 1469 3166 terram

336 3207 451 3274 llll-or
468 3209 647 3271 aratrorum
675 3225 695 3269 a
719 3203 815 3269 terris
841 3202 918 3269 dicti
935 3201 1034 3268 castri
1059 3222 1117 3288 per
1144 3209 1249 3270 metas
1274 3213 1469 3292 separatam

338 3330 416 3399 sepe
433 3311 519 3380 dioto
529 3309 567 3378 A.
585 3311 758 3378 statuimus
774 3310 807 3376 in
823 3329 905 3397 pace
919 3314 1076 3396 perpetuo
1088 3309 1342 3400 possidendam,-
1363 3313 1470 3381 homi-

341 3418 436 3487 nibus
461 3419 582 3486 nostris
598 3417 815 3504 presentibus,
842 3415 996 3483 videlicet
1011 3415 1187 3502 Demetrio,
1213 3417 1345 3486 Andrea
1362 3427 1394 3486 et
1412 3424 1469 3490 Jo-

338 3525 456 3612 hanne,
474 3547 514 3592 ac
530 3527 646 3598 ceteris
658 3526 893 3610 jobagionibue
910 3527 1010 3592 castri
1025 3525 1226 3612 Bachiensis,
1251 3529 1306 3612 qui
1323 3529 1470 3598 eandem

337 3641 459 3701 terram
486 3635 519 3701 in
536 3655 667 3703 oausam
693 3639 872 3720 traxerant,
889 3633 1043 3701 uidelicet
1059 3634 1177 3720 Pctlxu,
1202 3635 1376 3722 Septimus,
1402 3639 1470 3725 lly-

339 3761 431 3830 ncca,
448 3741 543 3810 Ruda
559 3739 758 3809 etGercone.
775 3741 817 3808 Et
832 3747 868 3807 vt
883 3740 952 3827 hec,
970 3761 1032 3826 que
1048 3761 1106 3828 per
1122 3761 1180 3810 uos
1197 3752 1272 3811 acta
1289 3753 1374 3833 sunt,
1392 3768 1471 3833 per·

338 3851 515 3935 petualiter
540 3851 684 3916 ualeant.
698 3849 849 3935 stabiliri,
876 3850 1003 3917 litteras
1020 3857 1148 3918 nostras
1174 3851 1323 3920 dedimus
1343 3859 1472 3926 nostris

336 3957 460 4044 sigillis
476 3959 652 4025 firmantes.
672 3957 766 4025 Anno
782 3958 893 4042 gracie
908 3959 953 4024 M⁰
964 3957 1029 4024 (30⁰
1039 3957 1078 4026 L⁰
1094 3959 1160 4028 Vl⁰.

337 4155 475 4221 (Eredetia
488 4152 663 4223 bdrhdrtydn,
683 4171 700 4207 a
712 4152 813 4220 hirom,
827 4157 984 4208 lanionalon
997 4159 1082 4225 tilggd
1095 4159 1188 4226 pecadt
1206 4162 1289 4214 lorti
1302 4163 1379 4218 kettd
1394 4169 1471 4224 elre-

352 4252 415 4308 rett,
438 4247 665 4298 charmadilrnalr
678 4247 744 4299 ccclx
757 4243 887 4298 toreddlre
897 4261 950 4298 van
963 4263 1042 4313 meg;
1065 4247 1167 4300 amelt.
1182 4247 1246 4303 bird
1260 4251 1355 4321 uevcy
1369 4258 1472 4311 csaldd

793 4333 998 4406 lovtlttrtban.)

760 4557 1024 4571 —n——no———na-
