3198 5160
844 274 997 378 Q

361 475 459 542 oeosit
474 494 571 561 super
587 474 739 560 porcione
753 478 839 539 terro
854 472 957 558 ipsius
975 469 1109 538 Comitis
1122 469 1268 537 Paznaui
1285 477 1318 536 et
1328 469 1487 554 Zounuk;

359 589 391 650 et
405 583 481 650 lieet
496 583 547 651 ius
563 585 757 668 patronatus
774 580 817 647 sit
833 579 880 646 eis
896 582 1076 646 eommunis
1093 577 1190 666 (lgy)‚
1206 583 1395 646 nontamen
1412 597 1481 664 pre·

358 690 443 759 dicte
459 688 522 758 due
538 695 648 776 partes
673 687 799 775 possint
818 708 920 774 prope
936 687 1108 755 eeclesiam
1132 685 1355 755 mausiuoulas
1370 683 1481 754 hedifi-

357 818 442 866 oaro.
459 799 539 865 Item
557 816 758 864 communem
783 795 871 862 uiam
888 795 929 862 ad
946 795 1119 862 ecelesiam
1145 795 1294 863 ueniendi
1310 794 1431 862 babent
1447 793 1480 859 iu

356 905 467 991 spaoio
483 904 543 971 XL
558 904 767 989 amplexuum
794 921 909 970 manus
926 923 989 970 vno
1006 903 1039 968 in
1065 901 1246 987 latitudine,
1271 901 1320 967 ita
1335 900 1424 988 quod
1446 903 1480 970 in

355 1013 468 1100 spacio
484 1011 587 1099 ipsios
604 1011 681 1079 uille
696 1011 787 1079 nulla
803 1011 907 1098 possit
923 1011 1070 1096 parcium
1087 1009 1264 1077 hediboare
1284 1009 1337 1076 uel
1354 1008 1480 1095 aliquid

354 1120 417 1188 sibi
433 1122 618 1189 uendieare.
643 1121 687 1187 Vt
703 1126 811 1187 autem
827 1121 888 1186 heo
904 1118 1023 1188 diuisio
1039 1119 1122 1186 inter
1146 1127 1257 1204 partes
1275 1117 1480 1205 prenomina-

354 1237 406 1298 tas
430 1230 523 1296 firma
547 1237 580 1296 ot
595 1227 724 1295 stabilis
740 1233 937 1314 perseueret,
965 1227 1007 1294 ud
1024 1247 1136 1314 preces
1160 1227 1306 1314 ipsarum
1331 1223 1478 1313 parcium

353 1335 480 1404 litteras
495 1342 663 1424 presentes
689 1335 865 1423 alphabeto
883 1335 1058 1422 bipertitas
1074 1341 1107 1401 et
1122 1334 1226 1420 sigilli
1249 1332 1353 1401 nostri
1369 1333 1478 1401 muni·

353 1445 439 1512 mine
465 1445 635 1514 roboratas
668 1443 818 1512 duximus
842 1441 1072 1529 indulgendas.
1105 1441 1302 1510 Reuerentia
1330 1441 1479 1508 lloelesie

352 1557 460 1618 nostro
485 1551 641 1620 iratribus
666 1551 824 1636 Gregorio
849 1551 1030 1638 Preposito,
1049 1549 1191 1617 Abraam
1212 1551 1359 1633 Lentone,
1385 1548 1479 1615 Gurlr

353 1657 503 1743 (tantors,
517 1660 620 1726 Paulo
639 1659 790 1738 Custode,
807 1664 839 1724 et
854 1659 971 1725 oeteris
982 1659 1053 1726 Deo
1069 1655 1186 1724 devote
1203 1655 1477 1724 ministrantibus.

350 1769 467 1834 Actum
483 1787 567 1835 auno
587 1769 700 1853 gratie
715 1767 760 1834 Μο
770 1763 836 1834 00⁰
846 1766 927 1833 LX0.

307 2023 311 2030 ,
349 1963 488 2030 (nudetis
501 1961 674 2032 borutrtytn,
686 1965 815 2031 molynslu
827 1962 1054 2030 bbrtyausinegsu
1064 1964 1155 2030 tugost
1164 1957 1285 2030 pseubtje
1300 1959 1445 2024 slvessott
1460 1977 1478 2014 a

668 2054 751 2108 budsi
762 2054 814 2106 kir.
823 2055 947 2106 kemarei
959 2049 1148 2119 lsvblttrbau.)

771 2340 1039 2356 m

866 2787 945 2856 382.

339 2967 371 3032 A
387 2967 504 3034 veroli
517 2967 729 3054 kdptolannak
750 2969 1018 3055 bizonyscipleoele
1034 2969 1095 3036 Kio
1112 2969 1292 3038 Ponte-nat
1315 2975 1476 3059 oe'ps'nte'z-

767 3077 927 3144 kedsseol.
944 3080 1041 3144 1260.

444 3269 513 3338 Nos
540 3270 724 3356 Capitulum
740 3269 964 3340 waradiensis
988 3273 1136 3342 Euolesie
1161 3273 1311 3343 omuibus
1337 3273 1476 3346 Christi

337 3374 488 3444 fidelibus
504 3397 638 3464 presens
655 3379 810 3466 seriptum
827 3379 1022 3467 inspecturis
1043 3381 1184 3450 salutem
1200 3383 1233 3449 in
1244 3383 1395 3452 Domino.
1415 3385 1475 3452 Ad

335 3482 557 3552 vniuersorum
581 3492 647 3552 tam
663 3488 867 3572 presentium
894 3507 992 3574 quam
1008 3495 1210 3577 posterorum
1231 3491 1385 3558 notitiam
1408 3493 1473 3560 ba·

333 3611 404 3658 rum
420 3591 505 3659 serie
521 3593 669 3661 uolumus
680 3595 860 3682 peruenire,
879 3595 966 3680 quod
982 3599 1090 3664 Pousa
1105 3617 1227 3684 paruus
1238 3617 1348 3666 eoram
1363 3600 1475 3670 uobis

333 3699 552 3785 personaliter
576 3701 770 3770 constitutus
796 3704 976 3792 proposuit,
1003 3711 1038 3772 ut
1054 3705 1082 3772 si
1107 3713 1186 3774 nutu
1208 3707 1329 3775 Diuino
1354 3707 1476 3793 ipsum

333 3805 421 3874 uiam
447 3807 597 3877 uniuerso
621 3810 730 3879 earnis
755 3810 881 3896 ingredi
908 3811 1118 3898 contingeret,
1146 3813 1312 3898 quandam
1337 3819 1475 3886 terram

332 3914 498 3983 Isoteluke
522 3923 684 4003 uocatam,
711 3920 795 3986 inter
818 3927 922 3987 terras
938 3919 1171 4008 Feletepotolr,
1190 3921 1351 4008 Erbeuoh,
1377 3922 1474 4013 Lep,

330 4023 608 4108 Karaobuuiolua,
635 4027 792 4094 Kereztur
818 4033 850 4094 et
865 4027 974 4114 Vruzy
1000 4033 1135 4095 uocatas
1161 4027 1379 4116 adiacentem,
1402 4052 1474 4119 per

332 4127 452 4196 dietum
469 4130 555 4216 Isou,
572 4139 609 4200 ut
626 4133 764 4217 dioebot,
790 4133 880 4223 prius
896 4133 959 4201 sibi
978 4133 1098 4220 datam
1124 4141 1157 4200 et
1172 4155 1231 4222 per
1255 4155 1474 4222 oousequons

327 4256 387 4320 per
411 4239 557 4322 graoiam
573 4243 711 4327 Regiam
739 4243 904 4328 sollertem,
930 4241 1093 4310 eteniam
1121 4242 1356 4329 confirmatam,
1386 4267 1473 4317 oum

329 4342 455 4411 duabus
480 4347 618 4432 anoiilis,
644 4349 770 4418 Blasua
785 4350 938 4419 videlieet
964 4357 996 4418 et
1013 4358 1117 4418 matre
1134 4350 1290 4436 eiusdem,
1316 4369 1378 4420 nee
1395 4375 1472 4427 uon

326 4469 397 4516 oum
414 4473 478 4520 vno
494 4473 588 4523 seruo
604 4458 699 4524 blarlu
716 4467 832 4526 uoooto
849 4457 948 4526 tratre
964 4457 1052 4526 dioto
1068 4458 1199 4546 Blusna,
1216 4466 1249 4526 et
1264 4477 1337 4526 oum
1354 4466 1472 4533 omni·

327 4555 387 4622 bus
412 4558 577 4629 sobolibus
594 4562 636 4628 ab
663 4563 784 4634 eisdem
810 4565 1091 4652 deseendentibus,
1117 4587 1175 4653 pro
1198 4566 1272 4634 dote
1297 4575 1329 4634 et
1354 4571 1471 4642 rebus
