3148 5156
561 317 714 438 ΑΚ
810 315 813 322 ’

94 531 272 595 memoratus
287 535 432 611 sanctus,
458 527 534 594 dum
551 530 659 596 adbuc
683 531 755 619 ipse
770 531 840 598 uita
864 531 1024 618 potiretur
1041 533 1198 621 presenti,

93 633 218 718 presedit
234 633 268 699 in
284 634 400 700 eadem
416 634 598 703 Pontificali
614 634 721 704 officio
737 636 836 721 digne
858 635 997 722 functus,
1017 639 1200 710 interuentu

93 741 274 809 uenerabilis
298 761 421 829 sponse
436 743 566 831 Christi,
592 764 748 830 germane
772 751 882 814 nostre
897 748 1028 833 sororis,
1046 748 1200 816 uidelicet

92 851 225 918 Salomee
249 849 416 936 quondam
431 851 568 919 Calaeie
584 853 709 942 Regina
734 854 834 942 plena
848 855 883 920 in
907 862 1099 943 perpetuum
1124 879 1199 942 gau·

93 956 156 1024 dere
179 957 386 1026 concedimus
411 958 572 1028 libertate.
600 959 639 1028 ld
655 980 697 1028 cx
717 969 831 1030 nostra
855 961 1033 1032 deuocione
1058 963 1201 1032 racionis

93 1064 210 1133 arbitrio
227 1065 449 1150 decernentes,
476 1075 511 1134 ut
526 1086 638 1134 omnes
654 1067 748 1136 liberi
764 1068 910 1137 homines
927 1068 1068 1156 Capituli
1090 1059 1202 1158 supra·

92 1172 167 1259 dicti,
184 1173 403 1260 predictarum
420 1175 526 1243 coloni
543 1183 576 1242 et
591 1175 830 1244 inhabitatores
843 1177 1005 1264 uillarum,
1022 1197 1095 1245 eam
1110 1179 1203 1246 liber-

93 1286 179 1346 tatem
194 1281 349 1366 habeant,
375 1301 438 1366 que
453 1283 651 1368 ascripticijs
676 1285 778 1351 Sacra
794 1282 1021 1353 Cracouionsis
1037 1285 1131 1353 Sedis
1155 1288 1202 1353 in-

93 1387 174 1456 dulta
189 1408 262 1456 esse
278 1388 457 1458 dinoscitur
472 1391 670 1477 abantiquo,
688 1399 720 1460 et
736 1413 795 1479 per
811 1413 870 1460 nos
885 1392 987 1460 eciam
999 1394 1204 1481 postmodum

92 1495 242 1564 roborata.
278 1494 342 1575 Qui
367 1503 480 1584 utpote
511 1497 607 1565 liberi
632 1498 780 1567 homines
806 1498 949 1587 Capituli
981 1501 1159 1588 supradicti
1184 1522 1206 1568 a

93 1609 201 1689 nostro,
218 1613 251 1672 et
265 1610 447 1673 nostrorum
464 1613 679 1692 posterorum,
696 1614 729 1674 et
745 1607 976 1692 Palatinorum,
1000 1616 1034 1675 ct
1049 1609 1206 1678 castella-

93 1733 204 1798 norum,
220 1721 253 1779 et
266 1713 484 1798 quorumlibet
495 1713 643 1798 judicum
659 1715 797 1782 aliorum
813 1717 1018 1802 presencium
1038 1725 1070 1786 et
1085 1717 1205 1786 futuro-
1264 1729 1266 1736 '

93 1841 153 1886 rum
165 1819 298 1908 judicijs
322 1821 453 1907 penitus
467 1821 500 1888 in
516 1830 707 1908 perpetuum
732 1829 808 1890 sunt
826 1823 996 1905 immunes,
1022 1831 1054 1892 et
1072 1843 1206 1912 prorsus

95 1929 182 1996 liberi
198 1949 218 1996 a
232 1936 348 2014 strosa,
367 1937 399 1994 et
413 1936 498 2015 stan,
524 1937 556 1996 et
571 1949 686 2016 pouou,
703 1939 737 1998 et
751 1931 827 2019 allja
843 1930 1054 1999 seruitutibus
1078 1939 1111 1999 et
1125 1933 1209 1999 solu·

95 2037 229 2103 clunibus
253 2035 430 2122 ordinariis
444 2044 479 2104 et
493 2039 776 2124 extraordinarijs,
804 2057 995 2124 quocunque
1017 2039 1131 2106 eedem
1153 2057 1208 2106 no·

95 2145 174 2211 mine
189 2154 394 2230 censeantur,
420 2145 545 2230 preuod
560 2144 694 2213 militari
709 2153 857 2232 excepto.
883 2144 972 2224 Quos
988 2146 1137 2213 volumus
1153 2145 1209 2212 dc-

95 2251 242 2318 minorum
267 2271 400 2318 suorum
417 2249 588 2318 dumtaxat
612 2251 810 2318 utilitatibus
826 2258 859 2318 et
883 2251 1032 2336 seruicijs
1053 2257 1210 2338 perpetuo

95 2357 276 2446 mancipari.
294 2357 492 2444 adicientes,
519 2357 605 2442 quod
621 2359 650 2425 si
666 2360 739 2444 quis
755 2359 840 2426 banc
856 2357 1069 2426 donacionem
1088 2365 1120 2424 et
1135 2377 1208 2426 con·

95 2467 268 2533 cessionem
294 2473 438 2533 nostram
463 2465 603 2533 uoluerit
617 2465 790 2551 infirmare,
817 2465 916 2533 nelei
932 2485 1014 2532 ausu
1039 2466 1211 2532 temerario

95 2572 258 2658 connaire,
277 2569 541 2656 indignacionem
553 2573 791 2659 Omnipotenlis
801 2573 874 2657 Dei,
891 2579 924 2638 et
933 2573 1025 2639 Beati
1045 2571 1115 2638 eius
1131 2591 1211 2637 mar-

94 2679 161 2746 tiris
171 2679 350 2766 Stanizlay,
361 2685 555 2766 etnostram,
574 2699 646 2746 cum
657 2679 1005 2747 excommunicacionis
1020 2683 1129 2747 nostre
1139 2697 1213 2746 sen·

96 2788 200 2854 leucia
213 2787 342 2855 nouerit
356 2807 393 2854 se
408 2777 619 2855 incursurum.
645 2789 766 2854 Datum
783 2787 816 2854 iu
833 2787 995 2856 Cracouia
1009 2807 1067 2874 per
1082 2807 1213 2854 manum

93 2893 201 2961 fratris
215 2895 436 2962 Bartholomei
451 2893 584 2962 Ordinis
600 2895 769 2978 llinorum,
793 2893 982 2962 mediatoris
997 2895 1083 2962 iuter
1098 2915 1158 2962 nos
1174 2915 1214 2961 ex

94 3021 157 3067 una
171 3009 274 3088 parte,
300 3009 334 3070 et
350 3001 538 3088 Capitulum
563 3001 783 3070 Cracouiense
807 3021 848 3069 ex
864 3002 969 3070 altera
990 3007 1103 3090 parte;
1129 3023 1215 3070 auno

92 3109 133 3172 ab
149 3109 385 3176 incarnacione
402 3108 532 3175 Domini
549 3109 592 3175 ll.
604 3107 667 3176 CC.
685 3109 954 3194 quinquagesimo
971 3111 1095 3196 quinto,
1112 3107 1214 3177 ludic-

92 3215 186 3282 cione
201 3216 307 3300 xm,
322 3216 394 3282 XV.
410 3212 573 3282 kalendas
588 3215 697 3300 JuniJ;
725 3221 758 3283 et
773 3215 978 3302 postmodum
995 3217 1217 3285 confirmatum

93 3328 124 3386 ct
138 3321 341 3408 publicatum
351 3323 385 3388 in
400 3323 562 3407 colloquio
577 3322 689 3390 habito
706 3322 796 3410 apud
805 3323 992 3390 Bansouam
1003 3322 1114 3392 eodem
1132 3341 1217 3389 anno

91 3429 225 3496 Domini
250 3430 345 3498 nonis
361 3429 571 3516 Septembris.
597 3429 807 3498 Prosentibus
831 3429 882 3496 bis
907 3430 1056 3515 testibus,
1082 3450 1217 3515 quorum

90 3538 226 3605 nomina
241 3545 318 3605 suut
332 3539 393 3605 hee
409 3561 418 3603 r
435 3537 650 3605 Venerabiles
665 3545 776 3625 patres
792 3539 894 3607 sulco
910 3537 973 3605 Dei
990 3537 1102 3623 gracia
1118 3537 1217 3604 Cnea-

89 3647 206 3712 nensis
233 3645 529 3732 Archiepiscopus,
562 3645 730 3714 Prandota
760 3644 991 3716 Cracouiensis
1022 3645 1217 3732 Episcopus,

88 3753 195 3820 irater
221 3752 375 3820 Albertus
406 3753 538 3821 Ordinis
563 3753 743 3839 Minorem,
777 3752 936 3820 Dominus
961 3752 1003 3818 de
1033 3749 1220 3834 Zauichost,

89 3863 201 3928 Adam
228 3858 435 3928 Castellanus
451 3859 688 3945 Cracouiensis,
714 3861 883 3946 Sengneus
898 3857 1068 3926 Palatinus
1094 3853 1219 3923 Sando-

89 3968 198 4053 mirie,
225 3967 324 4034 Sulco
340 3965 548 4034 Castellanus
562 3965 605 4033 de
621 3965 749 4053 Lubliu,
774 3965 942 4034 Bronirias
958 3961 1164 4030 Castellanus
1180 3959 1221 4027 de

87 4076 216 4162 Beycb,
240 4075 422 4144 Nicholaus
439 4072 546 4142 Judex
572 4073 811 4160 Cracouiensis,
836 4073 952 4139 Petrus
968 4070 1077 4138 iudex
1101 4067 1222 4136 Sando-

88 4185 197 4271 mirie,
227 4182 308 4250 Smil
324 4181 486 4249 Pincerna
501 4181 741 4265 Cracouiensis,
767 4181 864 4248 Sulco
881 4179 1055 4263 Subagauo
1075 4176 1224 4245 Cracoui.

90 4292 195 4377 cuais,
214 4291 370 4357 Albertns
385 4289 558 4373 Subagazo
575 4285 860 4371 Saudomiriensis,
886 4285 1003 4353 Petrus
1017 4285 1226 4352 Subuenatur

87 4397 383 4482 Sandomiriensis‚
394 4396 481 4465 Char
493 4396 702 4466 Camerarius
712 4392 1098 4479 dominidrchiepiscopl,
1109 4391 1226 4458 Petrus

87 4507 238 4598 Dapiler
262 4507 384 4576 domini
407 4505 564 4593 Episcopi
582 4503 751 4590 Cracouie,
777 4508 810 4571 et
826 4501 882 4588 allj
909 4499 1147 4586 quamplurimi.
1173 4497 1227 4564 Ad

86 4619 188 4684 robur
206 4622 320 4682 autem
346 4615 488 4682 omnium
514 4611 747 4698 premissorum
773 4627 909 4695 presens
934 4607 1088 4692 scriptum
1114 4610 1226 4670 nostro

132 4749 250 4792 notun.
265 4749 346 4788 uuae.
363 4749 433 4786 meu.
453 4757 490 4770 -
509 4747 581 4784 urna.
599 4737 634 4776 ¹2·
1024 4721 1063 4775 27
1192 4793 1194 4796 ,
