3198 5160
853 222 921 290 504
950 251 955 263 .

323 422 527 504 presencium
544 419 693 484 volumus
711 421 894 503 peruenire,
921 419 1096 503 quodcum
1113 439 1256 506 causam,
1283 437 1347 503 que
1369 419 1455 486 inter

321 521 484 592 Abbatem
509 530 542 591 et
557 523 759 591 conuentum
777 527 818 590 de
833 527 912 592 Bcel
929 548 970 594 ex
985 548 1050 594 vna
1066 535 1171 614 parte,
1190 532 1224 593 et
1244 528 1383 613 populos
1398 546 1451 593 eo·

320 631 456 698 rundem
472 631 514 698 de
529 630 608 696 villa
618 630 706 698 Okol
717 631 902 698 vertebatur
918 652 959 696 ex
972 635 1088 713 altera,
1105 632 1233 698 dilectis
1250 641 1282 698 et
1298 632 1452 700 fidelibus

323 739 454 823 nostris,
471 739 652 806 venerabili
668 741 755 825 patri
772 739 869 806 Gallo
887 739 1051 823 Episcopo
1076 738 1307 822 menstruam,
1336 747 1369 806 et
1388 743 1454 807 bla-

324 845 427 931 gistro
438 847 526 913 Acus
541 846 711 933 Preposito
722 845 866 912 Budensi
880 844 1084 912 cancellario
1101 843 1276 911 karissime
1293 848 1455 914 consortis

324 959 433 1020 nostre
453 952 653 1037 judicialiter
677 951 934 1038 cognoscendam
952 958 985 1020 ct
1001 954 1064 1020 line
1080 951 1189 1019 debito
1214 951 1454 1020 terminandam

216 1127 220 1133 .
327 1062 613 1148 commisissemus,
636 1063 769 1130 tandm
791 1060 893 1148 ijdem
909 1061 1020 1148 populi
1046 1060 1089 1126 ad
1105 1065 1248 1128 nostram
1268 1059 1455 1128 accedendo

324 1171 529 1256 presenciam
552 1171 737 1238 obtulerunt
758 1169 885 1237 litteras
909 1169 1083 1236 eorundem
1105 1167 1251 1236 fidelium
1268 1173 1453 1235 nostrorum

326 1279 361 1344 in
378 1277 439 1345 beu
452 1279 575 1346 verba:

435 1387 505 1454 Nos
521 1386 638 1454 Gallus
661 1387 785 1461 Diuina
810 1387 1023 1454 miseracione
1047 1386 1230 1473 Episcopus
1246 1385 1453 1452 'staussilua-

327 1513 387 1561 nus
403 1494 467 1562 stb.
491 1492 702 1583 (bovetlrezilr
729 1493 1090 1580 a21254-kiolrmtny,
1116 1495 1198 1562 mint
1215 1494 1351 1561 fenmbb
1378 1493 1454 1560 261.

326 1623 371 1670 sa.
388 1602 497 1691 alatt.)

434 1710 504 1778 Nos
520 1710 622 1796 igitur
637 1731 687 1796 ea,
703 1730 767 1795 que
777 1731 836 1798 per
850 1709 918 1778 iam
934 1708 1039 1778 dictos
1055 1709 1170 1776 fideles
1180 1714 1308 1776 nostros
1324 1728 1367 1775 ex
1383 1727 1456 1774 con·

328 1819 475 1888 cessione
498 1820 532 1885 in
548 1820 612 1886 bae
636 1826 731 1904 parte
755 1817 845 1886 facta
871 1822 955 1902 aunt,
982 1823 1057 1884 rata
1081 1816 1249 1900 babentes,
1275 1817 1456 1885 secundum

328 1926 566 1994 continenciam
581 1927 760 1992 litterarum
777 1926 952 1993 eorundem
969 1923 1111 1992 fidelium
1126 1931 1321 2008 nostrorum,
1338 1925 1455 1992 eadem

328 2034 533 2120 presentibus
548 2034 671 2100 inserta
685 2033 879 2100 auctoritate
904 2033 1108 2119 presencium
1126 2037 1283 2118 perpetuo
1303 2032 1456 2100 duximus

329 2141 560 2209 confirmanda.
585 2141 705 2207 Datum
721 2160 780 2226 per
795 2159 911 2212 manus
935 2139 1047 2208 dilecti
1063 2146 1096 2207 et
1110 2139 1217 2207 fidelis
1234 2139 1337 2208 nostri
1353 2140 1457 2223 blagi-

330 2249 389 2319 stri
404 2248 501 2316 Pauli
524 2247 687 2334 Prepesiti
702 2248 913 2316 Posoniensis
936 2247 1011 2314 aule
1034 2253 1145 2316 nostre
1160 2246 1455 2332 vice-cancellarij

330 2375 415 2423 anno
430 2355 564 2423 Domini
578 2353 749 2422 M⁰cc⁰1r
764 2375 862 2440 nono,
888 2355 999 2440 quinto
1025 2354 1151 2422 decimo
1176 2353 1339 2423 kalendas
1366 2353 1456 2439 Julii,

331 2463 435 2551 Regni
452 2467 561 2531 autom
575 2463 679 2534 nostri
694 2483 780 2530 anno
797 2461 952 2532 vicesimo
969 2467 1096 2548 quarto.

518 2658 659 2726 (Eredstis
672 2675 689 2714 a
700 2661 895 2728 pannonhalrni
904 2659 1049 2732 lbapdtsdg
1061 2659 1267 2727 levdlttrtban.)

767 2943 1027 2962 h-——n—-n——m-

860 3417 937 3486 356.

332 3579 355 3648 I
360 3580 392 3646 V.
408 3581 493 3648 Rota
506 3581 609 3666 kirtly
626 3581 808 3668 adomdaya
824 3582 940 3650 Malaios
955 3583 1107 3670 Epmcrelr
1113 3586 1168 3668 fia
1184 3591 1344 3653 ambare.
1360 3587 1458 3656 1259.

325 3755 327 3759 ’
439 3759 521 3827 Bela
536 3758 599 3826 Dei
624 3759 738 3844 gracia
763 3759 942 3846 Hungarie,
962 3761 1144 3846 Dalmacie,
1171 3761 1316 3850 croceis,
1342 3767 1458 3852 Rama,

331 3870 454 3953 Seruio,
483 3866 633 3953 Gallicis,
659 3868 861 3954 Lodomerie‚
889 3868 1109 3956 Gumanicque
1124 3873 1194 3938 Rex
1210 3874 1361 3942 omuibus
1388 3897 1458 3964 pre-

331 3983 439 4043 sentes
453 3977 580 4044 litteras
596 3977 792 4062 inspecturis
807 3977 944 4044 salutem
962 3979 994 4043 in
1012 3997 1089 4045 uero
1107 3979 1255 4046 salutari.
1276 3981 1318 4047 Vt
1333 3984 1457 4067 Regum

332 4084 529 4152 donaciones
554 4091 714 4170 perpetua
738 4081 903 4151 soliditate
927 4086 1113 4170 firmentur,
1145 4087 1326 4156 litterarum
1352 4091 1459 4158 solent

247 4274 250 4280 1
332 4191 515 4260 testimonio
530 4193 697 4278 roborari3
725 4194 951 4262 inconcussum
967 4197 1090 4282 quippe
1107 4205 1277 4282 permanet
1292 4207 1392 4282 atquc
1408 4202 1458 4268 fir·

331 4319 427 4380 mum,
445 4301 533 4384 quod
548 4302 651 4385 Regio
667 4300 764 4369 fuerit
778 4303 959 4389 patrocinio
985 4305 1226 4372 communitum.
1255 4305 1398 4372 Proinde
1415 4307 1457 4373 ad

333 4403 558 4474 uniuersorum
581 4407 736 4476 noticiam
751 4415 864 4477 tenore
880 4411 1084 4496 presencium
1108 4413 1258 4481 uolumus
1273 4415 1456 4498 peruenire,

334 4509 422 4597 quod
437 4513 638 4581 attendentes
654 4517 795 4584 seruicia
812 4517 952 4606 Nicolay
968 4519 1027 4606 filij
1043 4519 1216 4605 llymereb,
1233 4540 1295 4606 que
1310 4523 1407 4592 uobis
1422 4522 1454 4588 iu
