3102 5160
378 556 448 605 mus
465 538 653 625 pervenire:
680 539 768 625 quod
787 543 980 612 constitutus
1005 545 1040 611 in
1056 544 1228 631 presencia
1251 551 1364 613 nostra
1388 541 1509 610 Petrus

378 645 463 713 tilius
479 647 623 714 Zobuslo
650 647 784 716 Comitis
799 649 917 736 petiuit
932 671 953 717 a
969 651 1066 718 nobis
1089 650 1254 719 humiliter
1268 661 1302 719 et
1317 650 1447 738 denote,
1473 657 1512 716 vt

378 753 528 820 defuneto
544 755 635 821 vxori
656 774 715 823 sue
730 754 797 822 filio
813 757 909 824 Petro
921 777 963 824 ex
978 757 1181 842 benignitate
1195 759 1300 844 Regia
1315 757 1511 825 concedere-

378 881 459 946 mus,
485 867 521 928 vt
536 862 708 949 pecuniam
733 884 772 930 cc
788 866 1015 950 possessiones
1040 867 1120 952 eius,
1147 886 1230 951 quas
1254 865 1385 953 abipso
1408 866 1510 933 Petro

379 971 494 1038 marito
512 991 571 1038 suo
597 971 683 1040 dotis
699 972 830 1040 nominc
854 974 1065 1061 possidebat,
1091 975 1168 1059 qnia
1189 974 1346 1041 heredum
1373 973 1512 1040 carebat

379 1079 513 1164 solacio,
530 1079 661 1146 filiabus
678 1086 711 1146 et
725 1079 899 1165 nepotibus
915 1081 986 1148 eius
1002 1089 1113 1166 posset
1127 1081 1224 1170 pleno
1240 1083 1309 1148 inre
1322 1081 1511 1163 relinquere

379 1188 606 1274 possidendas.
631 1189 701 1256 Nos
722 1197 831 1257 antem
846 1189 1001 1274 peticioni
1026 1189 1096 1255 eins
1111 1188 1337 1256 fauorabiliter
1362 1207 1510 1256 annuen-

380 1302 441 1381 tes,
458 1295 585 1363 dilectis
606 1303 639 1363 et
652 1296 803 1364 fidelibus
819 1297 937 1364 nostris
953 1297 1090 1363 Albensi
1107 1296 1260 1383 Capitnlo
1275 1296 1396 1364 nostris
1419 1296 1513 1362 dedi-

382 1423 454 1471 mus
470 1405 588 1472 litteris
603 1405 638 1472 in
653 1405 818 1488 mandato,
833 1413 869 1473 vt
886 1405 1111 1472 ordinaciones
1126 1403 1205 1472 dicti
1219 1405 1309 1471 Petri
1322 1409 1355 1471 et
1370 1403 1511 1487 Agnetis

380 1511 492 1579 vxoris
508 1533 567 1580 sue
582 1515 807 1599 permitterent
822 1533 932 1583 coram
949 1513 1007 1598 eis,
1024 1521 1058 1580 et
1072 1533 1246 1601 processus
1263 1533 1374 1580 eornm
1389 1511 1512 1580 seriem

381 1621 487 1707 nobis,
508 1623 594 1689 sicut
608 1629 769 1708 ageretur,
795 1643 855 1710 per
879 1623 1024 1690 ordinem
1039 1621 1134 1690 nobis
1150 1621 1290 1688 fideliter
1310 1620 1511 1686 intimarent.

382 1728 483 1796 (iuius
497 1729 626 1796 litteras
652 1731 816 1815 sigillatas
832 1737 975 1799 tenorem
1002 1729 1245 1799 ordinacionum
1263 1728 1422 1794 dictarum
1438 1747 1514 1794 con·

380 1838 532 1923 tinentes,
550 1837 732 1922 recepimus
747 1839 807 1904 sub
822 1838 885 1904 bac
898 1837 1024 1904 forma:

490 1943 678 2029 Capitulum
693 1943 842 2011 Ecclesie
857 1944 1013 2010 Albensis
1029 1945 1091 2010 stb.
1105 1942 1201 2030 (mint
1210 1941 1308 2010 ulabb
1320 1944 1395 2011 207.
1405 1963 1452 2009 sa.
1462 1943 1513 2026 a.)

490 2051 559 2118 Nos
576 2056 684 2116 autem
700 2052 859 2137 premissa
884 2052 994 2118 omnia
1008 2058 1082 2118 rata
1101 2051 1268 2136 habentes,
1293 2053 1449 2134 quantum
1475 2047 1513 2112 in

383 2157 479 2224 nobis
495 2163 555 2242 est,
572 2165 605 2225 et
619 2159 722 2242 firmo,
738 2178 778 2224 ac
793 2157 972 2226 secundum
987 2159 1253 2226 consuetudinem
1268 2157 1373 2242 Regni
1394 2177 1515 2244 appro

382 2267 509 2351 bantes,
529 2265 727 2333 authoritate
743 2266 923 2334 litterarum
947 2267 1150 2354 presencium
1175 2267 1399 2333 confirmamus
1425 2285 1515 2332 com·

383 2373 564 2441 munientes
581 2373 691 2459 sigillo
707 2380 816 2442 nostro
834 2374 966 2461 duplici,
991 2395 1034 2442 ne
1049 2380 1164 2443 contra
1188 2373 1413 2441 ordinaciones
1440 2393 1514 2458 pre-

381 2489 514 2549 taxatas
529 2482 640 2550 valeat
655 2501 811 2569 processu
827 2483 984 2569 temporis
1004 2481 1190 2568 calumpnia
1208 2501 1266 2548 seu
1281 2489 1514 2549 nocumentum

383 2589 518 2674 aliquod
533 2589 684 2659 suboriri.
701 2591 822 2657 Datum
833 2611 919 2658 anno
935 2589 1180 2657 Incarnacionis
1190 2588 1361 2654 Dominice
1377 2587 1513 2652 millesi-

384 2717 436 2763 mo
452 2694 712 2782 culturom,
729 2697 825 2766 nonis
842 2697 1002 2782 Octobris,
1018 2696 1124 2780 Regni
1140 2703 1249 2762 autom
1263 2694 1367 2762 nostri
1392 2701 1514 2778 quarto

384 2803 521 2869 decimo.

388 2999 482 3066 (Garat
503 2999 603 3054 Mikros
624 2998 709 3054 nidor
733 3003 844 3055 tlte-kt
866 2999 1023 3064 tttrattbtt
1045 3000 1125 3054 nebai
1146 3001 1284 3066 Kaainoay
1305 2995 1399 3052 (libor
1420 2997 1517 3048 kerle-

895 3091 1010 3159 mdnye.)

816 3376 1084 3390 ψ

914 3815 992 3888 2⁰3.

386 3995 410 4065 Ῑ
413 3997 447 4067 V.
468 4001 548 4067 Belo
562 3999 666 4088 lcirdlp
680 3997 921 4088 helpbcnhoppjc
936 3999 1035 4080 Pater,
1060 3997 1196 4065 Zobuulc
1212 4017 1308 4065 romu
1322 3995 1441 4081 fldnok
1467 3997 1521 4062 in-

387 4108 557 4192 tdzkeddedt
582 4109 663 4195 nuely
680 4109 771 4190 errat,
789 4107 838 4192 fio
852 4130 921 4171 uem
936 4108 1031 4187 ldue'o,
1056 4107 1186 4172 birtolccit
1210 4107 1375 4192 lednpoiro
1390 4103 1521 4192 bapytu.

901 4209 999 4277 1249.

495 4409 576 4476 Bela
598 4409 660 4476 Dei
685 4411 800 4494 gracia
823 4409 1000 4496 Hungarie,
1026 4407 1207 4495 Dalmocie,
1233 4405 1377 4492 Croucic,
1403 4407 1523 4494 Rame,

389 4513 513 4599 Seruis,
531 4515 679 4604 Gallicis,
697 4519 890 4586 Lodomerie
906 4517 1127 4605 Cumanieqnc
1138 4519 1209 4585 Rex
1224 4514 1385 4584 uniuersis
1397 4513 1528 4582 Christi

390 4617 550 4704 fidelibus,
567 4623 610 4688 ad
625 4642 707 4706 qnos
724 4645 858 4711 presens
875 4627 1031 4714 scriptum
1046 4623 1241 4714 peruenerit,
1262 4624 1400 4691 salntem
1416 4619 1455 4688 in
1473 4643 1526 4708 eo,
