3122 5154
664 309 708 376 56

125 502 175 566 stri
189 503 372 572 munimine
388 503 547 572 iussimus
563 507 719 574 roborari.
746 508 867 574 Datum
887 529 973 578 anuo
990 513 1101 596 graoie
1120 513 1250 582 millesi-

123 629 168 674 mo
193 608 416 680 ducentesimo
441 613 608 682 trioesimo
634 619 761 700 ootauo,
791 621 884 684 sexto
911 618 1074 686 kalendas
1099 620 1249 690 Januarii

29 785 31 806 ,
121 717 219 802 Regni
235 725 346 787 autem
361 720 469 788 nostri
486 740 573 790 anno
588 722 700 790 teroio.

27 939 29 986 j
121 913 252 977 (Eredetie
271 914 453 985 bdrbdrtyan,
477 919 589 986 melyrdl
608 937 625 973 a
644 919 737 988 peoslt
755 923 892 986 elvesuett,
915 941 932 976 a
950 891 1033 978 budai
1052 927 1103 978 lrir.
1123 927 1246 980 kamarai

588 1008 778 1080 levdlttrban.)

548 1263 814 1278 *u*

652 1747 707 1814 36.

120 1923 175 1988 IX.
202 1923 336 2010 Gerpely
357 1929 450 2013 pdpa
477 1949 497 1990 a
522 1929 781 2013 mopyarorazdpi
804 1927 1019 2015 fdpopoknok
1043 1929 1241 2016 meptuppja,

115 2031 196 2116 doqy
210 2033 367 2115 awlmak,
391 2032 448 2096 kile
463 2055 484 2095 α
500 2033 620 2120 kirolye
635 2059 656 2098 a
673 2033 823 2122 bolpdrok
848 2035 941 2100 ellani
957 2035 1139 2102 bdborrtbao
1161 2035 1240 2102 kise-

410 2141 474 2224 ra'lt‚
491 2141 601 2207 buoadt
616 2143 824 2209 tardassent.
842 2145 940 2213 1238.

172 2321 180 2334 ⁸
223 2339 402 2425 Gregorius
413 2339 597 2426 Episcopus
607 2361 721 2408 seruus
741 2361 908 2410 seruorum
918 2344 981 2411 Dei
997 2343 1240 2410 venerabilibus

111 2445 268 2513 iratribus
285 2497 334 2514 ...
351 2447 627 2534 Arobiepiseopis,
644 2449 828 2536 Episcopis‚
844 2458 877 2518 et
892 2451 1022 2517 dileetis
1038 2449 1120 2516 filiis
1131 2451 1240 2516 Abba·

9 2563 10 2654 i
111 2555 208 2634 tibus,
235 2557 404 2624 Prioribus
420 2567 453 2623 et
469 2559 628 2626 universis
644 2559 867 2627 Roolesiarum
883 2559 1024 2626 Prelatis
1044 2565 1077 2625 et
1092 2558 1239 2626 saoerdo·

112 2665 209 2748 tibus,
235 2671 303 2730 tam
319 2665 485 2750 religiosis
511 2687 609 2751 quam
625 2669 828 2736 secularibus
844 2689 902 2756 per
919 2668 1098 2754 Ungariam
1123 2667 1237 2734 eonsti-

111 2771 188 2838 tutis
210 2773 350 2839 salutem
366 2779 399 2840 et
413 2774 637 2860 Apostolioam
663 2775 934 2843 benedietiouem.
952 2775 994 2841 Rt
1018 2774 1083 2842 eibi
1105 2775 1239 2842 karissi-

111 2901 181 2946 mus
198 2881 232 2946 in
244 2879 374 2948 Gbristo
391 2879 477 2948 lilius
492 2888 603 2950 noster
686 2883 832 2970 ngarie
846 2887 917 2953 Rex
932 2884 1073 2952 Illustris
1090 2883 1238 2950 meritum

111 2989 369 3074 inoomparabile
394 2997 562 3076 eomparat
588 2992 677 3077 apud
701 2993 816 3074 Deum,
846 2998 878 3058 et
902 2991 996 3060 uobis
1019 2989 1238 3077 spiritualium

110 3103 236 3183 prostat
247 3097 420 3163 materiam
431 3099 644 3185 gaudiorum3
662 3102 740 3184 quia
750 3101 914 3184 universa,
934 3119 997 3186 que
1007 3099 1131 3167 obtinet
1140 3115 1239 3184 super

110 3213 239 3292 terram,
266 3207 309 3271 ab
326 3206 385 3272 illo
401 3208 567 3274 humiliter
582 3229 830 3294 recognoscens,
856 3229 956 3295 aquo
973 3207 1168 3276 sublimatus
1185 3213 1236 3275 est

108 3313 212 3398 Regia
228 3313 400 3399 dignitate,
427 3335 465 3381 ao
482 3315 511 3382 ei
538 3321 607 3384 tota
624 3335 659 3383 se
675 3316 848 3385 devotione
867 3317 1085 3397 substernens,
1111 3313 1168 3398 qui
1183 3332 1235 3379 ex-

110 3424 191 3490 altat
206 3422 347 3489 humiles
364 3423 397 3489 in
413 3423 564 3507 salutem,
581 3425 625 3490 ad
641 3425 883 3508 obsequendum
901 3423 966 3490 sibi
978 3429 1092 3492 eontra
1107 3418 1237 3507 impios,

110 3531 271 3598 hereticos
303 3536 336 3596 et
367 3529 571 3598 soismatioos
596 3539 682 3598 terre
707 3531 847 3616 Assani,
879 3530 1048 3618 ipsumque
1072 3528 1238 3596 Assauum

110 3639 344 3722 scismatioum,
363 3657 467 3724 nuper
492 3637 535 3704 ad
560 3637 846 3708 eommonitionem
871 3645 1017 3706 nostram
1042 3656 1107 3706 non
1132 3636 1236 3704 solum

109 3765 169 3812 sua
194 3747 335 3814 devotus
352 3747 514 3832 exposuit,
541 3746 599 3813 sed
624 3746 723 3812 etiam
748 3747 969 3832 semetipsum,
993 3749 1126 3833 propter
1150 3742 1237 3826 quod

110 3854 310 3921 exeelleneie
335 3872 393 3919 sue
408 3853 513 3918 zelum
529 3852 637 3938 dignis
653 3853 686 3920 in
703 3855 841 3922 Domino
865 3853 1017 3921 laudibus
1033 3848 1237 3919 commenda

109 3979 190 4044 mus,
207 3979 248 4026 ao
264 3959 490 4046 prosequimur
505 3961 687 4030 actionibus
704 3962 895 4045 gratiarum.
922 3957 1081 4041 Ceterum,
1097 3955 1176 4041 quia
1191 3953 1236 4024 in·

105 4067 241 4155 dignum
258 4075 356 4151 esset,
381 4074 418 4134 ut
433 4067 508 4135 dum
524 4068 611 4136 idem
626 4071 698 4136 Rex
723 4067 841 4136 militat
857 4068 939 4152 Regi
958 4068 1084 4149 Regum
1100 4061 1236 4147 aliquod

105 4179 212 4264 Regni
236 4177 287 4244 sui
313 4175 523 4262 dispendium
548 4177 699 4264 patiatur,
726 4179 760 4244 in
786 4195 907 4260 omnes,
932 4173 988 4257 qui
1005 4179 1177 4260 postquam
1197 4191 1234 4239 se

104 4285 285 4355 aeoinxerit
309 4284 352 4352 ad
378 4281 538 4370 prefatum
564 4285 730 4370 negotium
756 4279 1001 4369 exequendum,
1025 4277 1180 4364 quamdiu
1202 4281 1237 4348 in

100 4395 333 4483 prosecutione
347 4393 453 4480 ipsius
463 4392 569 4480 luerit,
586 4396 735 4481 Regnum
746 4393 854 4481 ipsum
863 4389 1047 4459 invaserint
1056 4389 1110 4456 vel
1120 4393 1234 4457 eontra

103 4525 182 4573 eum
197 4503 331 4572 diabolo
341 4499 600 4585 conspiraverint
609 4501 796 4586 instigante,
814 4495 1156 4567 oxoommunioationis
1166 4513 1236 4561 sen-

104 4613 243 4680 tentiam
267 4609 526 4698 promulgamus,
551 4628 647 4694 quam
663 4627 722 4695 per
745 4628 804 4677 vos
821 4607 970 4676 volumus
995 4613 1028 4672 et
1043 4601 1236 4672 mandamus
