3134 5150
611 321 769 421 jo-

122 527 232 586 tenere
247 523 372 584 metam
389 535 465 582 onm
481 523 568 582 terre
584 513 794 601 Greseuiobe,
821 523 854 584 et
867 539 928 605 per
942 520 1122 606 Soplouioe
1145 521 1178 588 in
1195 543 1262 588 me-

124 647 188 710 gno
204 627 321 713 spooio
338 624 446 692 eundo
462 623 552 691 uenit
567 623 610 690 ed
627 621 709 690 dues
725 631 831 693 metes
854 631 977 692 terreus
993 627 1028 692 in
1044 634 1141 713 portu
1156 629 1260 716 ipsius

125 735 311 819 Soploniou,
327 731 385 800 ubi
401 739 477 799 sunt
493 731 556 798 duo
572 731 707 798 arbores
723 732 771 796 toi
786 737 818 798 et
833 757 905 816 oar,
926 733 971 799 ibi
988 735 1057 800 exit
1072 736 1115 802 ud
1131 744 1259 822 portem

127 841 375 908 meridionalem
391 860 451 928 per
465 839 583 906 siluam
607 833 762 924 megna'm
778 846 811 906 et
826 842 959 909 arbores
983 861 1079 909 oruoe
1095 843 1256 928 signatos,

125 949 228 1016 tendit
242 947 286 1014 ad
302 948 437 1014 fluuium
451 947 574 1032 Pnkur,
591 947 647 1012 ubi
662 948 908 1016 Munoudburne
923 956 1078 1035 uooatur;
1105 951 1182 1018 inde
1196 971 1256 1036 per

127 1062 262 1124 onnflem
277 1056 412 1122 fluuium
428 1053 542 1120 Puknr
565 1053 669 1120 tendit
684 1055 845 1140 superius,
871 1063 904 1122 et
922 1064 1011 1124 tenet
1036 1063 1157 1125 metam
1181 1077 1256 1124 oum

125 1165 220 1233 Petro
236 1165 278 1232 de
292 1165 447 1249 Welyee5
465 1163 506 1229 de
517 1162 593 1229 inde
609 1164 763 1248 peruenit
781 1163 825 1229 ad
840 1166 957 1252 looum,
973 1167 1030 1233 ubi
1046 1168 1194 1234 Pueruob
1204 1186 1256 1232 oa-

125 1271 174 1339 dit
187 1275 223 1339 in
239 1273 370 1357 Pukur;
397 1269 439 1336 de
462 1271 538 1336 inde
562 1271 666 1336 tendit
690 1273 839 1357 superius
864 1281 896 1339 et
920 1280 1010 1340 tenet
1034 1279 1155 1340 metam
1180 1293 1253 1342 oum

6 1415 7 1484 3
125 1382 255 1448 Abbnte
270 1380 313 1446 de
322 1379 446 1464 Woyos
463 1397 564 1464 supra
578 1379 712 1445 fluuium
723 1380 880 1466 Pueruob,
900 1381 983 1446 etde
998 1381 1097 1448 fluuio
1108 1381 1253 1447 Pnoruob

125 1489 201 1576 exit,
220 1495 253 1555 et
268 1487 418 1554 escendit
433 1507 492 1572 per
507 1485 641 1552 fluuium
655 1487 793 1573 Welyoa
808 1489 961 1576 pothone,
978 1495 1011 1554 et
1024 1487 1071 1553 ibi
1087 1495 1176 1555 tenet
1191 1505 1254 1554 me-

123 1603 192 1663 tam
217 1615 292 1662 eum
307 1593 458 1679 Nediha;
485 1593 526 1659 cle
541 1592 618 1659 inde
643 1594 793 1661 exeundo
817 1615 877 1681 per
896 1595 1086 1679 Lysooveoh
1111 1596 1254 1680 pothone

125 1703 277 1771 aseendit
288 1708 322 1770 et
336 1707 427 1768 tenet
442 1707 562 1766 metam
577 1720 650 1767 oum
662 1700 842 1784 cruciferis,
860 1707 893 1768 et
907 1702 954 1768 ibi
969 1707 1044 1768 sunt
1059 1709 1146 1770 mete
1164 1701 1252 1770 eires

126 1815 278 1880 arborem
294 1811 336 1878 de
351 1813 439 1898 piro,
457 1811 499 1876 de
513 1809 590 1876 inde
601 1811 750 1877 aseendit
764 1829 823 1898 per
838 1817 943 1878 strata
953 1810 1122 1879 Oolomeni
1140 1810 1250 1897 Regis,

125 1929 158 1987 et
172 1920 324 2006 peruenit
348 1918 392 1983 ed
406 1923 526 1983 metum
541 1905 684 2001 Nadibo,
711 1916 804 1983 stibi
822 1926 995 2004 separatur
1010 1917 1052 1984 de
1076 1923 1178 1985 strato
1202 1937 1252 1984 sn·

128 2027 299 2114 pradiot03
326 2024 445 2091 deinde
460 2043 519 2109 per
534 2023 654 2089 uallem
678 2021 846 2091 deseendit
861 2023 894 2089 in
910 2025 1092 2112 prediotum
1115 2025 1250 2092 fluuium

121 2134 235 2199 Pulrur
250 2135 295 2200 ad
309 2133 452 2218 priorem
463 2135 592 2214 metam,
606 2131 692 2196 vnde
708 2137 779 2196 eret
789 2131 929 2216 incepta,
946 2131 1057 2215 ibique
1068 2139 1153 2198 mete
1164 2138 1250 2198 terre

119 2238 310 2326 supradicte
333 2236 559 2303 terminantur.
585 2237 627 2301 nt
643 2255 684 2301 ne
710 2254 809 2321 super
829 2237 890 2303 hoo
914 2255 1070 2321 processu
1095 2235 1251 2322 temporis

118 2347 226 2436 possit
242 2345 356 2430 aliqua
372 2344 449 2412 oriri
466 2343 626 2426 dubietas,
645 2343 773 2410 litteras
788 2347 919 2410 nostras
929 2343 970 2409 de
986 2343 1123 2411 oonsilio
1140 2342 1249 2410 irntris

116 2457 223 2522 nostri
240 2463 273 2522 et
289 2455 500 2538 iobsgionum
520 2473 662 2536 suorum,
686 2469 747 2518 neo
762 2471 828 2519 non
844 2457 877 2518 et
891 2451 1101 2536 iobagionum
1126 2458 1250 2518 nostro

6 2549 7 2552 ¹
117 2583 205 2648 rum,
232 2563 289 2649 qui
303 2569 380 2628 tuno
395 2565 563 2646 presentes
588 2565 690 2642 oront,
716 2557 870 2624 videlieet
886 2557 981 2642 Opoy
1000 2556 1094 2642 Beni,
1109 2555 1250 2641 Nieoley

120 2669 273 2755 Magistri
288 2668 556 2753 Taburnioorum,
572 2663 731 2751 Ladisley
747 2663 884 2732 Comitis
900 2664 941 2730 de
964 2663 1096 2751 Sumug,
1114 2671 1147 2730 et
1170 2663 1248 2730 elio-

115 2801 200 2864 rum,
217 2778 322 2864 sigilli
338 2777 442 2843 nostri
457 2775 636 2841 munimine
651 2773 821 2840 roboratos
838 2771 917 2839 doro
932 2771 1160 2839 oonoessimus.
1183 2773 1248 2838 Da·

6 2929 7 2934 1
116 2895 186 2953 turn
201 2905 262 2972 per
286 2903 403 2951 manus
418 2881 569 2968 Magistri
585 2881 657 2947 File
672 2879 835 2966 Propositi
850 2877 1082 2965 Zagrabiensis
1100 2899 1186 2947 anuo
1204 2880 1246 2946 ab

115 2995 349 3060 Ineurnaeione
365 2990 498 3060 Domini
512 2991 558 3056 Μο
568 2987 633 3056 00⁰
642 2987 753 3055 XXX⁰
762 2987 852 3054 VIJ0.

150 3189 292 3256 (Eredotie
304 3183 482 3254 btirbirtyim
496 3203 513 3239 e
525 3185 618 3254 peesbt
632 3185 778 3247 slrosuett3
797 3199 815 3235 a
827 3183 910 3235 budei
928 3185 977 3234 kir.
992 3183 1115 3234 benerei
1127 3179 1209 3234 loril-

623 3271 741 3338 ttrbm.)
