3134 5158
829 307 984 417 -34L

344 531 413 576 ram
431 509 520 574 hierli
538 515 696 594 vocatam,
724 530 764 575 ac
779 517 901 576 terram
917 511 1018 593 Kena,
1043 521 1102 596 pro
1120 516 1224 577 morte
1239 511 1346 595 Fyllnc
1362 507 1472 576 dedis-

344 623 394 681 set
410 617 574 704 Stephano
600 624 632 682 et
647 617 722 701 dlijs
739 617 808 682 suis
823 617 896 703 jure
912 623 1071 703 perpetuo
1088 616 1342 704 possidendam
1370 638 1473 703 quam

344 724 584 791 ordinacionem
606 723 698 809 pacis
724 723 852 791 vnionis
877 720 1014 790 heredes
1039 721 1146 808 ipsius
1170 723 1372 791 satisfacturi
1396 742 1473 790 esse

344 833 537 900 recitassent
552 839 584 898 et
598 837 837 917 acceptassent,
855 837 887 897 et
903 833 1011 920 ipsum
1024 832 1115 920 Ghyz
1131 853 1204 899 cum
1221 831 1355 918 Gyapal
1371 830 1474 897 fratre

347 977 620 988 -----
641 937 720 1022 suis,
746 939 901 1007 videlicet
925 941 958 1007 in
984 943 1200 1027 Kortuelyes,
1226 941 1261 1006 in
1286 939 1392 1007 Oroch
1405 989 1417 1022 ,
1439 937 1475 1003 in

343 1047 477 1134 Ragcch
503 1047 584 1114 etin
606 1047 731 1115 Marwa
757 1048 952 1135 nuncupatis
977 1047 1063 1116 idem
1090 1047 1278 1134 Stephanus
1303 1068 1376 1113 cum
1400 1045 1474 1112 suis

344 1156 520 1224 heredibus
547 1155 745 1224 dimisissent
771 1156 906 1242 pacifice
923 1155 1103 1242 possidere.
1130 1157 1171 1222 llt
1187 1175 1285 1239 super
1308 1154 1371 1223 hoc
1387 1155 1473 1221 obli·

344 1269 479 1351 gassent
504 1283 539 1331 se
554 1263 639 1331 idem
656 1265 842 1351 Stephanus
859 1269 891 1330 et
906 1265 1043 1333 heredes
1068 1263 1128 1348 sui,
1155 1269 1318 1331 utcontra
1344 1261 1475 1330 dictum

345 1374 434 1459 Ohyz
450 1379 484 1439 et
499 1371 632 1441 heredes
650 1371 796 1440 eisdem
806 1373 941 1438 racione
957 1373 1070 1439 mortis
1086 1371 1231 1459 predicte
1247 1410 1283 1419 -
1306 1409 1342 1420 —
1366 1409 1403 1418 —
1432 1409 1470 1417 —

348 1521 384 1530 -
408 1521 444 1530 —
467 1521 504 1530 —
523 1481 723 1567 questionem
740 1481 900 1548 suscitare
915 1486 1050 1568 possent
1065 1479 1251 1564 aliqualem,
1279 1487 1312 1546 ct
1328 1479 1473 1563 litteras,

344 1609 426 1673 quas
452 1589 538 1656 idem
553 1589 738 1674 Stephanus
764 1595 797 1654 et
811 1589 949 1656 heredes
966 1591 1017 1656 sui
1042 1595 1158 1656 contra
1174 1587 1263 1673 Ghya
1281 1608 1339 1675 pro
1364 1594 1474 1656 morte

343 1699 451 1784 Fylke
468 1697 657 1765 habuissent
680 1702 861 1783 emanatas,
888 1697 1090 1768 dimisissent
1106 1699 1230 1765 hahere
1255 1696 1362 1764 nullas
1379 1695 1473 1762 vires

344 1807 409 1874 stb.
435 1809 554 1874 Datum
570 1805 604 1872 in
619 1805 812 1892 Wissegrad
838 1805 1091 1892 quadragesimo
1108 1806 1162 1874 die
1178 1812 1367 1874 catenarum
1393 1803 1473 1872 festi

344 1914 436 1982 Beati
452 1913 631 2000 Mychaelis
648 1911 845 1998 Archangeli
862 1935 947 1982 anuo
964 1914 1097 1983 Domini
1125 1913 1297 1984 millesimo
1314 1911 1472 1998 quadrin-

345 2023 524 2110 gentesimo
540 2023 640 2092 tercio
660 2020 796 2089 decimo.

506 2221 640 2288 (Eredetis
652 2223 767 2290 papircn
781 2238 799 2274 a
811 2221 894 2275 hadal
909 2221 960 2274 lair.
974 2222 1096 2275 hamarai
1108 2218 1296 2287 lsvtlrtrban.)

865 2973 941 3040 241.

343 3153 375 3216 A
389 3155 481 3240 pyh'ra‘
496 3155 707 3242 ltdptalaanalc
722 3157 991 3242 bizonysdqlecele,
1007 3159 1089 3244 hopy
1098 3155 1232 3222 lictant
1248 3154 1356 3220 latoria
1372 3174 1474 3218 comes

334 3259 449 3342 fidaak
463 3259 527 3343 aeje
542 3262 605 3325 elati
617 3263 796 3347 hdaassripa
811 3267 889 3328 adda
903 3262 973 3327 achi
982 3262 1058 3347 jetro
1073 3263 1218 3328 iudaea
1229 3265 1319 3326 aeaco
1334 3259 1472 3346 kiete'qr't·

804 3380 891 3434 tetett.
914 3369 1012 3434 1252.

448 3563 722 3652 (Quietaticnales
738 3564 964 3651 expeditoriae
979 3583 1090 3631 coram
1108 3563 1261 3652 Capitulo
1277 3563 1474 3633 taurinensi

342 3673 493 3741 dominae
509 3673 597 3742 liliae
614 3673 792 3758 Vekhardi,
809 3673 901 3760 prius
916 3675 1009 3742 Mour
1024 3673 1082 3740 filii
1097 3672 1266 3759 Stephani,
1278 3673 1351 3758 Jam
1370 3673 1474 3741 Heid-

340 3783 400 3849 rici
426 3781 484 3848 filii
509 3780 645 3850 Comitis
671 3780 832 3869 Stephani
859 3781 1078 3868 conthoralis,
1109 3801 1169 3869 pro
1192 3781 1341 3850 Conrado
1366 3781 1476 3848 fratre

341 3890 432 3976 prius
450 3889 560 3958 mariti
575 3888 637 3973 sui,
662 3907 761 3975 super
777 3889 827 3956 sui
844 3888 1128 3957 exccntentatioue
1143 3888 1237 3956 titulo
1263 3888 1475 3957 obvenientis

341 3995 429 4066 dctis
445 3997 478 4064 in
496 4001 538 4064 25
554 3997 683 4081 marcis,
700 4004 733 4064 et
748 3996 971 4080 assignatione
986 4005 1094 4065 terrae
1108 3997 1188 4064 Saul
1208 3997 1343 4084 dictae.)

459 4189 495 4263 (A
509 4193 583 4246 malt.
597 4197 622 4248 h.
634 4194 729 4263 Rtvay
743 4193 833 4248 csalstd
847 4192 970 4249 levelttri
983 4191 1182 4263 lajstrcminak
1196 4195 1348 4262 hivonata.)

774 4481 1021 4497 η-ιι--σ-ι--ιι
