3134 5158
641 883 718 950 282.

139 1067 231 1132 Istudn
247 1069 420 1132 salaro-niori
435 1068 497 1133 boin
512 1075 543 1132 ab
565 1069 678 1153 styriai
692 1067 841 1152 belytarto'
856 1067 973 1132 Riccbc
997 1067 1156 1153 maqyc'ben
1176 1067 1241 1132 tdbb

189 1173 434 1260 odrjobdctqynak
449 1175 581 1240 birtolrdt
596 1174 799 1273 azoroaabbaa
816 1173 1059 1260 oregdato'rozza.
1084 1173 1181 1239 1255.

232 1371 302 1439 Nos
317 1372 501 1457 Stephanus
517 1371 591 1435 Dux
607 1376 639 1436 et
654 1371 763 1438 Bonus
788 1371 891 1438 tocius
907 1371 1080 1439 Sclauonie
1102 1375 1134 1436 et
1149 1370 1242 1456 Capi·

134 1489 241 1548 tanaus
257 1480 367 1565 Styrie
384 1481 532 1546 omuibus
549 1479 702 1548 noticiam
719 1480 921 1566 presencium
946 1481 1103 1550 habituris
1119 1477 1239 1564 signifi·

131 1609 245 1673 camus,
262 1588 349 1672 quod
366 1607 437 1654 cum
454 1607 495 1653 ex
511 1587 665 1654 mandato
678 1587 893 1655 illustrissimi
909 1588 1032 1656 domini
1047 1587 1149 1654 nostri
1165 1585 1242 1655 Bele

129 1698 183 1764 Dei
209 1697 323 1782 gracia
341 1696 439 1781 Regis
465 1695 633 1779 Hungario
656 1696 689 1762 iu
716 1695 879 1765 Comitatus
904 1696 945 1762 de
968 1696 1093 1764 Riueha
1117 1693 1240 1762 nobiles

130 1807 318 1891 iobagiones
336 1803 442 1872 Casiri
459 1826 480 1873 a
495 1813 584 1873 terra
600 1803 707 1873 Oastri
726 1825 952 1892 separaremus
968 1813 1000 1872 et
1012 1804 1242 1891 judicaremus,

129 1915 307 1983 inuenimus
333 1912 491 1998 quasdam
518 1922 623 1980 terras
650 1919 730 2000 aput
754 1913 913 1997 quosdam
938 1914 1060 1988 liberos
1083 1913 1241 1992 homiues,

129 2043 262 2111 quorum
278 2024 412 2090 nomina
427 2021 562 2089 iuferius
577 2024 786 2108 notabuntur,
804 2024 859 2108 qui
874 2023 1033 2108 siquidem
1050 2020 1137 2106 quod
1153 2021 1243 2107 ipsas

129 2140 269 2199 terrase
294 2137 438 2218 tempora
462 2130 561 2216 Regis
586 2130 756 2199 Golomaui
779 2131 884 2200 felicis
908 2133 1062 2200 memorie
1086 2132 1187 2199 libera
1211 2135 1244 2198 et

129 2243 216 2307 iuxta
233 2241 338 2326 Regni
365 2240 628 2308 consuetudinem
652 2240 774 2307 inuenti
797 2247 873 2308 suut
897 2241 1085 2326 detinuisse,
1111 2240 1243 2308 easdem

130 2355 229 2416 terras
256 2349 345 2434 apud
371 2347 501 2416 eosdem
514 2348 708 2434 jobagiones
724 2348 832 2416 Gastri
853 2349 1036 2416 remisimus
1061 2350 1196 2436 pacifice
1211 2356 1244 2416 et

127 2459 234 2539 quiete
250 2456 284 2521 in
311 2476 352 2523 ea
367 2456 528 2539 libertate,
552 2457 667 2539 inqua
692 2456 904 2544 pereundam
920 2457 1083 2524 dominum
1099 2457 1243 2524 Goloma-
1365 2523 1369 2534 ,

128 2587 202 2632 num
217 2568 341 2652 Regem
357 2564 485 2632 fueraut
501 2563 646 2652 admissi,
664 2567 716 2632 vel
732 2567 817 2634 sicut
833 2567 891 2652 alij
908 2566 1035 2634 nobiles
1046 2565 1242 2650 jobagionas

128 2673 231 2742 Gasbi
256 2681 360 2740 terras
375 2672 466 2759 ipsas
482 2681 590 2741 tenero
610 2680 855 2745 conticuerunt.
878 2675 1003 2756 Quibus
1022 2675 1114 2760 ipsas
1137 2671 1243 2740 remit-

127 2783 222 2851 tendo
239 2789 342 2851 metas
357 2783 493 2868 distiugi
519 2782 651 2852 fecimus
668 2783 810 2871 undique
832 2785 963 2854 homine
985 2789 1095 2852 nostro
1112 2780 1242 2850 Vrbano

129 2891 167 2959 de
183 2893 272 2958 Becb
288 2891 461 2958 mediante.
486 2893 621 2959 Terram
637 2893 721 2959 enim
738 2893 902 2978 quandam
917 2913 1010 2961 suam
1028 2893 1112 2960 iuter
1129 2887 1244 2958 Velike

128 3007 157 3066 et
174 2997 329 3083 Gilobok,
355 3019 452 3082 quam
468 2999 634 3067 Johanues
650 2999 735 3068 filius
751 3001 903 3068 Vrbanus
919 3001 1059 3085 tenebat,
1075 3005 1156 3086 aput
1171 3017 1244 3066 eun·

129 3108 202 3176 dem
215 3109 399 3176 Johanuem
424 3108 606 3176 remisimus
623 3110 682 3178 sub
697 3111 760 3197 hys
775 3113 881 3178 metis.
904 3112 1023 3199 Incipit
1037 3112 1122 3180 enim
1138 3111 1244 3195 prima

129 3217 273 3284 eiusdem
283 3221 367 3284 terre
378 3223 466 3283 meta
474 3217 517 3284 de
527 3219 629 3304 plaga
640 3219 791 3288 orientali
807 3221 899 3287 iuxta
908 3241 1060 3306 magnam
1071 3221 1170 3304 viam,
1181 3237 1244 3305 que

125 3326 188 3393 itur
217 3323 304 3414 (tgy)
331 3345 444 3394 versus
469 3325 670 3396 occidentem
694 3329 829 3397 veniens
859 3327 902 3397 ad
925 3335 1023 3416 caput
1047 3327 1164 3414 Glabo,
1190 3327 1243 3394 vbi

128 3439 177 3500 est
192 3439 280 3500 meta
297 3440 404 3500 terrea
420 3433 454 3500 iu
470 3453 607 3520 cerasy3
624 3434 700 3502 iude
715 3437 759 3503 ad
769 3437 916 3506 arborem
932 3463 1023 3526 agar,
1039 3435 1132 3504 iuxta
1146 3455 1245 3520 quam

127 3549 176 3609 est
193 3548 282 3608 meta
297 3548 422 3627 terrea;
451 3543 568 3610 dehinc
584 3545 617 3610 iu
634 3543 748 3611 cadam
763 3547 819 3613 ria
843 3545 995 3632 dirigitur
1013 3564 1127 3613 uersus
1152 3545 1243 3612 meri·

126 3650 213 3717 diem
228 3651 273 3718 ad
290 3659 408 3718 metam
433 3657 572 3719 terream
589 3653 622 3719 iu
640 3653 755 3722 arbore
769 3659 880 3722 baraza
894 3657 1054 3743 positam3
1079 3654 1155 3721 iude
1175 3673 1243 3720 uer-

125 3779 181 3826 sus
208 3757 409 3827 occidentem
436 3760 470 3826 in
494 3758 636 3845 quadam
662 3762 747 3830 valle
772 3764 832 3830 sub
857 3765 974 3832 arbore
998 3765 1056 3851 tyb
1081 3767 1131 3829 est
1156 3767 1244 3828 mata

125 3878 252 3952 terrea;
270 3866 346 3933 iude
361 3866 405 3933 ad
420 3866 553 3934 fluuium
569 3868 710 3936 Runissa
725 3871 769 3955 (v.
780 3869 940 3959 Buriesa),
956 3871 1011 3937 vbi
1026 3877 1076 3938 est
1092 3874 1178 3936 meta
1193 3875 1244 3935 est

125 3977 186 4044 sub
203 3995 316 4044 ceraso
328 4001 336 4061 ;
355 3975 431 4042 iude
446 3975 594 4044 ascendit
608 3977 642 4044 in
654 3985 797 4046 montem
813 3977 856 4046 ad
867 3980 1014 4047 arborem
1030 3981 1153 4057 lucrosa
1169 3977 1244 4045 inde

126 4086 170 4153 ad
185 4087 306 4154 vallem
330 4085 437 4170 sarira,
464 4085 574 4171 ibique
600 4095 649 4154 est
664 4093 751 4157 mata
775 4088 834 4155 sub
859 4088 961 4174 tilya;
987 4087 1120 4156 indeed
1145 4092 1243 4173 caput

122 4194 214 4283 putei
229 4195 274 4260 ad
299 4201 416 4262 metam
433 4202 589 4280 terream,
614 4193 690 4263 inde
708 4189 878 4264 descendit
901 4216 960 4282 per
975 4197 1134 4281 quendam
1158 4194 1242 4262 riuu-

122 4307 202 4390 lum,
219 4305 309 4372 uenit
324 4305 367 4372 ad
383 4305 515 4372 fluuium
532 4305 659 4394 Velika,
685 4307 795 4392 ibique
812 4313 862 4375 est
877 4307 937 4374 sub
962 4309 1078 4376 arbore
1093 4307 1243 4394 requecia

121 4421 212 4482 meta
228 4421 344 4498 terrea,
362 4421 394 4481 et
410 4419 459 4480 est
469 4421 709 4483 commetaneus
720 4417 864 4502 Volkos;
880 4416 957 4485 inde
968 4417 1002 4486 in
1015 4415 1130 4487 codem
1145 4415 1242 4484 fluuio

121 4523 245 4592 Valilra
269 4521 437 4591 descendit
453 4543 568 4592 versus
593 4523 779 4612 meridiem3
805 4525 881 4593 inde
896 4525 1002 4614 vergit
1019 4523 1063 4594 ad
1087 4526 1242 4595 orientem

119 4631 166 4699 ad
183 4630 335 4700 arborem
351 4655 440 4718 agur,
465 4631 525 4700 sub
540 4637 671 4718 quaest
687 4639 773 4702 neta
788 4639 914 4721 terroa;
939 4633 1014 4704 iudo
1033 4631 1077 4704 ad
1102 4641 1242 4702 montem
