3102 5160
40 4607 42 4661 r

553 261 710 362 *cau

92 455 278 544 postmodum
304 454 469 522 humiliter
493 454 687 542 suplicando
713 457 853 524 anobis
878 460 1067 546 postulauit,
1093 471 1129 530 ut
1144 469 1204 529 ter·

93 583 148 628 rau
160 562 325 629 cuiusdam
342 560 516 629 seruientia
531 561 635 628 nostri
651 563 742 629 Iwau
761 562 870 630 uocati
888 563 928 632 de
945 565 1026 631 uilla
1040 565 1106 652 Pyr
1120 569 1203 636 wsui

92 671 211 758 quinque
237 678 420 736 aratrorum
437 667 661 756 sufficientem,
686 669 757 738 siue
773 669 893 739 herede
914 671 1113 762 decedentis,
1139 675 1203 744 sibi

91 777 217 845 ronlerre
237 775 461 862 dignaremur,
486 794 649 862 assereus,
676 795 712 844 se
736 783 819 862 paty
845 776 1006 844 delectum
1033 779 1068 845 iu
1094 782 1203 852 terris.

92 887 141 951 Pro
163 885 252 951 euius
271 883 419 969 semicijs
443 883 540 951 uobis
565 883 684 969 iugiter·
703 891 736 950 et
760 884 901 952 fideliter
926 885 1081 953 exhibitis
1097 887 1204 973 Regia

92 991 272 1078 benignitate
299 990 436 1078 inducti,
463 1011 578 1078 preces
603 993 674 1059 eius
698 991 733 1057 in
749 991 812 1059 hac
838 999 932 1078 parte
957 992 1143 1063 audiuimus
1170 1003 1204 1062 et

92 1099 298 1169 exaudiuimus
318 1120 392 1168 cum
419 1100 547 1186 effectu,
573 1108 605 1170 et
628 1107 748 1168 terram
773 1101 936 1186 prenotati
961 1103 1051 1170 Iwan
1077 1104 1203 1189 absque

92 1209 194 1275 solacio
209 1208 340 1276 heredis
356 1207 512 1292 defuncti,
538 1228 601 1292 que
616 1208 795 1276 secuudum
812 1210 1079 1278 cousuetudinem
1095 1211 1200 1296 Regni

91 1314 124 1380 ad
137 1335 243 1382 nauus
259 1321 392 1383 nostres
406 1316 511 1382 iuerat
527 1315 683 1384 deuoluta
703 1324 737 1384 et
751 1316 933 1404 assignata,
958 1317 1064 1404 ipsam
1079 1324 1199 1385 terram

91 1441 147 1486 euru
169 1420 292 1490 eisdem
308 1421 406 1489 metis
431 1429 464 1488 et
478 1421 634 1506 terminis,
660 1441 700 1489 ac
714 1422 910 1490 utilitatibus
936 1433 968 1491 et
989 1424 1197 1510 pertineueijs

90 1529 152 1614 suis,
176 1529 292 1614 quibus
310 1529 354 1596 ad
368 1529 627 1616 prenominatum
643 1527 735 1596 Iwan
755 1531 927 1617 spectabat
942 1539 975 1597 et
1000 1531 1195 1619 pertinebat,

89 1649 141 1703 tam
155 1638 216 1724 ipsi
231 1637 386 1722 Weyteh,
413 1659 509 1724 quam
526 1639 596 1705 eius
622 1635 796 1705 heredibus
821 1637 1039 1722 heredumque
1064 1657 1196 1705 suorum

90 1747 327 1830 comessoribus,
345 1745 503 1831 dedimus,
529 1744 724 1812 donauimus
740 1751 773 1812 et
789 1746 983 1814 contulimus
999 1745 1070 1811 iure
1085 1761 1196 1830 perpe-

90 1861 131 1917 tuo
146 1861 175 1920 et
187 1853 451 1921 irreuocabiliter
465 1854 601 1940 pacifice
613 1860 646 1920 et
662 1853 770 1936 quiete
786 1853 1018 1940 possidendam
1034 1859 1067 1918 et
1076 1851 1195 1916 haben-

90 1959 157 2044 dan,
171 1982 190 2026 a
205 1961 338 2028 nemine
354 1969 564 2046 cognatorum
581 1980 661 2047 sepe
677 1961 757 2028 dicti
773 1963 875 2045 Iwau,
892 1979 950 2026 seu
965 1957 1194 2046 propineorum

89 2067 127 2132 uel
141 2075 364 2138 extraneorum
390 2089 518 2136 suorum
534 2079 608 2155 post
634 2071 784 2156 elapsum
805 2069 897 2154 longi
922 2066 1075 2153 temporis
1091 2065 1194 2132 aliha

88 2183 161 2242 tenus
184 2177 404 2263 expetendam
430 2187 462 2244 et
486 2178 723 2260 requirendam.
745 2180 782 2243 ln
808 2177 901 2242 euius
916 2183 1000 2240 terre
1018 2172 1194 2259 possessio·

30 2285 31 2334 ἶ
88 2301 144 2348 uem
165 2286 306 2352 cundem
330 2285 469 2369 Weyteh
488 2307 546 2372 per
571 2286 697 2353 fidelem
724 2283 885 2352 homiuem
909 2293 1052 2348 nestrum
1077 2281 1193 2346 Jaeow

30 2459 31 2462 Ἴ
88 2401 144 2456 tuuc
166 2394 322 2479 temporis
344 2393 501 2460 Comitem
526 2393 569 2461 de
584 2393 751 2461 Zowoliuu
777 2389 971 2456 auctoritate
995 2385 1100 2469 Regia
1118 2385 1191 2452 leci·
1299 2463 1304 2476 ι

88 2517 141 2562 uus
154 2498 326 2566 introduci.
352 2499 394 2564 Et
410 2507 445 2566 ut
460 2500 520 2566 hec
536 2506 648 2565 nostra
673 2496 811 2562 donacio
828 2504 894 2560 tarn
910 2491 983 2574 sibi,
1009 2509 1105 2575 quam
1122 2491 1192 2556 eius

88 2603 311 2672 suecessoribus
335 2613 491 2692 perpetue
520 2604 710 2672 stabilitatis
734 2602 833 2670 robur
859 2599 1014 2681 obtineat,
1040 2597 1073 2665 in
1097 2615 1193 2679 argu·

89 2719 205 2777 neutum
221 2713 363 2780 maioris
379 2713 541 2779 firmitatis
565 2711 691 2777 litteras
707 2715 837 2776 nostras
853 2705 1072 2773 concessimus
1089 2701 1193 2790 dupli·

32 2813 33 2816 ’
88 2819 122 2884 cis
144 2820 240 2905 sigilli
264 2819 373 2887 nostri
399 2819 574 2886 munimine
598 2819 779 2885 roboratas.
804 2817 926 2882 Datum
952 2833 1037 2880 anuo
1060 2810 1191 2879 Domini

32 2955 33 2983 1
86 2925 451 3012 ll·bil⁰quadragcsimo
468 2933 594 2992 octauo.

87 3143 185 3194 'llil-hi
198 3140 350 3201 ritiratbbl,
375 3142 474 3206 meiyet
499 3141 613 3192 iriadtak
628 3139 729 3208 ,frater
742 3137 875 3190 Nicolaus
887 3137 1020 3202 Magister
1032 3139 1060 3185 et
1072 3134 1193 3184 uniuersi

86 3231 161 3282 iratres
172 3233 369 3284 cruciferorum
391 3231 493 3282 Donum
506 3230 658 3296 Hospitalis
680 3228 802 3279 Eeelesie
815 3227 908 3278 Sancti
919 3225 1004 3290 Regis
1016 3223 1145 3289 Stephani
1159 3223 1192 3272 de

85 3319 224 3386 imponis&
239 3322 388 3390 „Thomaa
400 3321 529 3373 Nicolaus
543 3325 570 3370 et
580 3319 720 3371 Johauues
730 3315 778 3380 filij
789 3315 934 3380 Laureucij
946 3313 995 3379 filij
1008 3313 1133 3378 Weyteh,
1146 3327 1193 3363 uo·

86 3409 140 3458 biles.
160 3411 272 3462 deuilla
286 3407 360 3477 Pyr“
375 3417 420 3460 ast
432 3407 542 3470 kbrvbn,
557 3411 602 3478 „in
621 3405 718 3474 uigilia
738 3405 942 3470 Assumpcionis
963 3403 1049 3453 Beate
1070 3399 1191 3464 Virginis

85 3496 171 3560 llrrie“,
191 3501 347 3567 smelyuek
361 3499 478 3550 credetis
492 3498 601 3549 abudai
624 3497 677 3547 lrir.
696 3497 818 3546 kamarai
841 3490 1011 3544 lerditdrbau
1031 3487 1189 3554 taldltatu'lr.)

491 3811 759 3826 ..mn-

115 4656 204 4696 Ιοιυι.
220 4657 307 4696 nuno.
325 4656 395 4693 rursu.
414 4665 449 4677 -
470 4655 540 4690 nrrr..
560 4639 594 4679 1²·
