3148 5156
566 272 715 373 Α,
827 338 831 348 .

89 465 217 552 besees3
243 465 279 534 iu
296 486 362 553 que
376 466 434 534 vie
449 483 563 553 perum
588 466 695 537 eundo
715 485 828 538 verens
854 468 1022 538 meridiem
1048 471 1137 560 salpi
1160 473 1205 541 ed

89 573 242 659 orientem,
266 581 301 642 et
315 575 486 664 perueniet
510 574 554 644 ed
568 574 696 662 priores
711 582 816 644 metas
832 575 996 664 lapideos,
1020 578 1063 647 de
1086 579 1205 664 quibus

89 680 310 769 inoboeuimus,
326 688 360 751 et
375 681 492 752 eodem
503 683 574 752 loso
589 683 814 754 terminentur.
831 687 899 754 Nos
915 686 1015 772 igitur
1031 687 1074 755 ed
1084 687 1204 756 insten-

88 792 162 858 oiom
176 792 326 878 perreium
341 791 505 860 eommuni
520 791 657 860 benum
672 799 856 863 nostrornm
876 813 1037 863 eonseusu
1056 795 1204 892 dedimus

88 898 204 966 litterae
219 905 390 984 presentes
416 899 518 986 sigilli
534 901 638 968 uestri
665 902 842 970 munimine
857 902 1039 972 roboratos.
1063 902 1141 972 Istis
1156 911 1203 972 te·

88 1025 152 1074 men
166 1007 370 1093 presentibus
384 1007 523 1076 Nieolao
540 1010 721 1096 Proposito,
738 1011 895 1078 Fereesio
906 1011 1058 1097 Centone,
1077 1013 1204 1082 'l'home

88 1117 223 1201 Leotore,
247 1115 345 1184 Petro
361 1114 513 1202 Custode,
539 1115 666 1186 Jeeobo
682 1117 725 1188 de
749 1118 907 1203 Sumbun,
922 1119 1054 1189 Vrbeno
1078 1118 1121 1186 de
1139 1120 1203 1188 Zo-

87 1224 183 1310 boieb,
200 1223 309 1292 idoneo
325 1223 367 1291 de
376 1225 495 1310 anh,
506 1226 666 1312 Magistro
675 1227 826 1296 Jobenue
842 1226 883 1294 de
893 1227 1032 1312 Bursue,
1051 1215 1203 1296 Johenne

89 1330 123 1397 de
136 1331 528 1417 Kemeyiirebidieeouis,
545 1339 579 1402 et
594 1333 670 1420 elijs
689 1333 811 1418 multis,
828 1354 913 1402 enno
929 1335 1062 1404 Domini
1080 1335 1127 1400 Μο
1137 1332 1203 1404 CC⁰

88 1439 348 1523 quinquagesimo
365 1440 488 1524 quinto.
514 1441 686 1526 Reguaute
701 1441 844 1526 glorioso
860 1441 942 1510 Bela
966 1443 1058 1528 Rege
1071 1443 1204 1528 Hungu-

88 1547 139 1630 rie,
162 1546 335 1615 Benedieto
360 1539 619 1636 Arebiepiseopo
644 1549 873 1635 strigoniensi,
898 1549 1029 1619 domino
1054 1558 1087 1619 et
1109 1558 1203 1638 petre

89 1661 189 1722 nostro
204 1656 380 1744 Lamperto
396 1657 568 1744 Agrieusis
584 1657 731 1726 Euolesie
752 1657 916 1746 Episeopo
934 1659 1102 1728 existente.

204 1852 285 1925 (XVI.
299 1851 408 1908 atram
420 1853 537 1910 mesoiet
549 1871 567 1908 e
578 1856 662 1908 budei
675 1857 728 1908 kir.
743 1857 866 1912 irremorsi
879 1852 1070 1923 levetetrben.)

603 2663 681 2734 289.

94 2860 135 2923 riz
149 2865 210 2946 εφη·
222 2862 437 2949 iepralenoak
451 2863 719 2950 bizorepedpleoele,
734 2865 815 2948 kopp
831 2861 976 2948 Lanpeue
994 2881 1092 2926 eomes
1109 2865 1140 2923 de
1155 2865 1200 2924 er·

94 2967 234 3036 dektdroee'
252 2970 383 3036 Tnebrae
406 2971 626 3058 eemzetee'pbdl
646 2971 733 3035 Pete·
756 2969 928 3034 biremem
951 2966 1077 3053 Mibdlp
1102 2967 1203 3032 oerore·

403 3077 601 3164 jblepdnealo
616 3076 748 3143 eiadeoi.
765 3074 863 3141 1255.

184 3271 341 3340 Omnibus
357 3270 477 3340 Christi
492 3270 645 3340 fidelibus
661 3276 728 3338 tem
745 3271 955 3358 presentibus
971 3289 1069 3356 quem
1085 3268 1202 3336 tuturis

94 3375 259 3464 Capitulum
274 3379 613 3464 EeelesieAgrieusis
639 3379 780 3464 salutem
804 3377 838 3446 iu
857 3376 1000 3446 omnium
1024 3378 1200 3446 seiuetore.

94 3485 134 3552 bd
148 3487 366 3555 uniuersorum
388 3487 542 3556 uotieiem
558 3488 708 3556 uolumus
724 3487 908 3574 peruenire,
933 3486 1020 3570 qued
1035 3485 1204 3556 constituti

93 3611 184 3661 eorem
194 3595 288 3664 uobis
298 3597 453 3680 Lengeus
463 3593 593 3683 Comes,
609 3597 728 3664 Zovlet
738 3601 771 3662 et
780 3597 890 3664 Kenez
899 3595 941 3662 de
957 3615 1076 3682 genere
1086 3594 1201 3661 Toloh-

94 3718 127 3766 ue
139 3703 178 3768 eb
193 3723 258 3770 une
272 3709 387 3789 perte,
410 3704 553 3790 Bolosoy
575 3705 692 3772 Comes
707 3703 859 3773 oftieielis
878 3702 1047 3772 Miebeelis
1067 3699 1204 3768 Comitis

95 3807 233 3879 deberes
255 3831 316 3898 pro
330 3811 404 3898 ipso
429 3811 589 3880 michaele
608 3811 733 3880 Comite
748 3832 790 3880 ex
814 3811 940 3897 altere,
965 3813 1204 3896 proposuerunt

94 3919 210 4001 predicti
234 3922 400 4006 Leugeus,
425 3921 544 3989 Zoulet
569 3927 602 3989 et
626 3921 756 4007 Kenen,
782 3921 870 4007 quod
894 3918 1060 4006 quendem
1082 3925 1203 3986 terrem

95 4042 187 4096 eorum
201 4028 334 4098 neruiue
350 4028 441 4096 Petri
455 4030 549 4098 iuxta
563 4030 694 4099 Horred
709 4029 880 4118 iuuentem,
900 4029 1019 4113 quode
1035 4027 1125 4097 Cheb
1141 4029 1204 4096 ele·

97 4133 148 4202 riee
161 4136 202 4204 ed
225 4137 316 4225 ipsos
341 4136 449 4206 fueret
473 4137 639 4224 deuolute,
664 4137 725 4206 sub
741 4137 865 4206 eisdem
890 4138 988 4205 eertie
1009 4137 1117 4218 metis,
1142 4136 1205 4212 sub

95 4243 192 4324 quibus
206 4245 272 4334 ipsi
288 4243 515 4332 possederant,
541 4265 583 4314 ex
598 4264 760 4313 eonsensu
776 4245 942 4332 Keemerij
967 4244 1079 4314 fratris
1099 4243 1204 4331 ipsius

96 4347 196 4438 Kenen,
221 4353 314 4422 euius
329 4372 523 4422 eonsensum
548 4353 637 4422 idem
651 4355 762 4422 Keuon
787 4353 883 4422 uobis
909 4353 1070 4440 exposuit,
1093 4351 1206 4421 uendi·

96 4453 205 4526 dissent
227 4460 356 4546 prefato
372 4461 526 4530 Miebeeli
541 4461 661 4530 Comiti
677 4481 737 4548 pro
753 4467 826 4530 oeto
851 4461 970 4530 merois
986 4461 1115 4547 argenti
1134 4480 1206 4547 per·

97 4571 179 4645 petuo
193 4567 437 4656 possidendam,
455 4577 488 4637 et
502 4569 675 4656 peeuniem
691 4569 788 4660 plene
799 4589 835 4638 se
850 4570 894 4637 eb
909 4568 1024 4637 eodem
1042 4569 1205 4657 reeepisse
