<?xml version="1.0" encoding="UTF-8"?>
<!DOCTYPE html PUBLIC "-//W3C//DTD XHTML 1.0 Transitional//EN"
    "http://www.w3.org/TR/xhtml1/DTD/xhtml1-transitional.dtd">
<html xmlns="http://www.w3.org/1999/xhtml" xml:lang="en" lang="en">
 <head>
  <title>
</title>
<meta http-equiv="Content-Type" content="text/html;charset=utf-8" />
  <meta name='ocr-system' content='tesseract 3.04.00' />
  <meta name='ocr-capabilities' content='ocr_page ocr_carea ocr_par ocr_line ocrx_word'/>
</head>
<body>
  <div class='ocr_page' id='page_1' title='image "./codexdiplomatic15wenzgoog_0587.png"; bbox 0 0 3198 5160; ppageno 0'>
   <div class='ocr_carea' id='block_1_1' title="bbox 802 248 960 352">
    <p class='ocr_par' dir='ltr' id='par_1_1' title="bbox 802 248 960 352">
     <span class='ocr_line' id='line_1_1' title="bbox 802 248 960 352; baseline 0 -35"><span class='ocrx_word' id='word_1_1' title='bbox 802 248 960 352; x_wconf 54' lang='lat' dir='ltr'>—eeo—</span> 
     </span>
    </p>
   </div>
   <div class='ocr_carea' id='block_1_2' title="bbox 317 443 1469 4648">
    <p class='ocr_par' dir='ltr' id='par_1_2' title="bbox 317 443 1469 4648">
     <span class='ocr_line' id='line_1_2' title="bbox 318 443 1446 534; baseline 0.007 -24"><span class='ocrx_word' id='word_1_2' title='bbox 318 460 389 510; x_wconf 86' lang='lat' dir='ltr'>mos</span> <span class='ocrx_word' id='word_1_3' title='bbox 404 443 484 512; x_wconf 86' lang='lat' dir='ltr'>tinas</span> <span class='ocrx_word' id='word_1_4' title='bbox 500 443 636 512; x_wconf 87' lang='lat' dir='ltr'>Bruscie</span> <span class='ocrx_word' id='word_1_5' title='bbox 652 444 907 532; x_wconf 81' lang='lat' dir='ltr'>devenissemus,</span> <span class='ocrx_word' id='word_1_6' title='bbox 932 447 978 514; x_wconf 91' lang='lat' dir='ltr'>rei</span> <span class='ocrx_word' id='word_1_7' title='bbox 995 447 1178 534; x_wconf 86' lang='lat' dir='ltr'>subscripta</span> <span class='ocrx_word' id='word_1_8' title='bbox 1197 450 1369 516; x_wconf 86' lang='lat' dir='ltr'>veritatem</span> <span class='ocrx_word' id='word_1_9' title='bbox 1396 449 1446 518; x_wconf 90' lang='lat' dir='ltr'>di·</span> 
     </span>
     <span class='ocr_line' id='line_1_3' title="bbox 317 549 1448 644; baseline 0.007 -28"><span class='ocrx_word' id='word_1_10' title='bbox 317 549 465 618; x_wconf 79' lang='lat' dir='ltr'>dicimus.</span> <span class='ocrx_word' id='word_1_11' title='bbox 483 551 535 636; x_wconf 85' lang='lat' dir='ltr'>Oy</span> <span class='ocrx_word' id='word_1_12' title='bbox 551 571 602 618; x_wconf 88' lang='lat' dir='ltr'>res</span> <span class='ocrx_word' id='word_1_13' title='bbox 618 551 805 620; x_wconf 88' lang='lat' dir='ltr'>miseranda</span> <span class='ocrx_word' id='word_1_14' title='bbox 821 560 852 620; x_wconf 92' lang='lat' dir='ltr'>et</span> <span class='ocrx_word' id='word_1_15' title='bbox 868 557 1018 622; x_wconf 89' lang='lat' dir='ltr'>omnibus</span> <span class='ocrx_word' id='word_1_16' title='bbox 1038 555 1217 644; x_wconf 85' lang='lat' dir='ltr'>stupenda!</span> <span class='ocrx_word' id='word_1_17' title='bbox 1245 557 1371 643; x_wconf 83' lang='lat' dir='ltr'>Ungari</span> <span class='ocrx_word' id='word_1_18' title='bbox 1388 580 1448 644; x_wconf 87' lang='lat' dir='ltr'>pa·</span> 
     </span>
     <span class='ocr_line' id='line_1_4' title="bbox 318 659 1447 750; baseline 0.007 -24"><span class='ocrx_word' id='word_1_19' title='bbox 318 659 408 745; x_wconf 85' lang='lat' dir='ltr'>gani,</span> <span class='ocrx_word' id='word_1_20' title='bbox 425 666 460 725; x_wconf 90' lang='lat' dir='ltr'>et</span> <span class='ocrx_word' id='word_1_21' title='bbox 474 659 620 744; x_wconf 84' lang='lat' dir='ltr'>Bulgari,</span> <span class='ocrx_word' id='word_1_22' title='bbox 638 667 670 727; x_wconf 90' lang='lat' dir='ltr'>et</span> <span class='ocrx_word' id='word_1_23' title='bbox 684 663 798 746; x_wconf 86' lang='lat' dir='ltr'>Regna</span> <span class='ocrx_word' id='word_1_24' title='bbox 814 665 955 750; x_wconf 89' lang='lat' dir='ltr'>plurima</span> <span class='ocrx_word' id='word_1_25' title='bbox 970 686 991 730; x_wconf 89' lang='lat' dir='ltr'>a</span> <span class='ocrx_word' id='word_1_26' title='bbox 1007 665 1156 732; x_wconf 75' lang='lat' dir='ltr'>&#39;laetaris</span> <span class='ocrx_word' id='word_1_27' title='bbox 1173 673 1248 733; x_wconf 88' lang='lat' dir='ltr'>sunt</span> <span class='ocrx_word' id='word_1_28' title='bbox 1268 665 1447 734; x_wconf 87' lang='lat' dir='ltr'>destructa.</span> 
     </span>
     <span class='ocr_line' id='line_1_5' title="bbox 319 763 1446 859; baseline 0.007 -27"><span class='ocrx_word' id='word_1_29' title='bbox 319 763 414 844; x_wconf 84' lang='lat' dir='ltr'>Quod</span> <span class='ocrx_word' id='word_1_30' title='bbox 431 773 541 834; x_wconf 89' lang='lat' dir='ltr'>autem</span> <span class='ocrx_word' id='word_1_31' title='bbox 555 768 623 834; x_wconf 88' lang='lat' dir='ltr'>sint</span> <span class='ocrx_word' id='word_1_32' title='bbox 633 767 771 854; x_wconf 80' lang='lat' dir='ltr'>Tartari,</span> <span class='ocrx_word' id='word_1_33' title='bbox 790 770 924 838; x_wconf 91' lang='lat' dir='ltr'>cuiusve</span> <span class='ocrx_word' id='word_1_34' title='bbox 937 778 1035 853; x_wconf 88' lang='lat' dir='ltr'>secte,</span> <span class='ocrx_word' id='word_1_35' title='bbox 1053 773 1138 839; x_wconf 89' lang='lat' dir='ltr'>sieut</span> <span class='ocrx_word' id='word_1_36' title='bbox 1152 774 1282 859; x_wconf 87' lang='lat' dir='ltr'>petistis</span> <span class='ocrx_word' id='word_1_37' title='bbox 1292 771 1446 859; x_wconf 86' lang='lat' dir='ltr'>discrete,</span> 
     </span>
     <span class='ocr_line' id='line_1_6' title="bbox 319 875 1449 971; baseline 0.007 -33"><span class='ocrx_word' id='word_1_38' title='bbox 319 875 412 940; x_wconf 90' lang='lat' dir='ltr'>vobis</span> <span class='ocrx_word' id='word_1_39' title='bbox 429 881 541 942; x_wconf 90' lang='lat' dir='ltr'>tenore</span> <span class='ocrx_word' id='word_1_40' title='bbox 556 878 761 963; x_wconf 89' lang='lat' dir='ltr'>presencium</span> <span class='ocrx_word' id='word_1_41' title='bbox 779 881 948 946; x_wconf 72' lang='lat' dir='ltr'>enarrabo,</span> <span class='ocrx_word' id='word_1_42' title='bbox 974 883 1126 948; x_wconf 82' lang='lat' dir='ltr'><strong>Relatum</strong></span> <span class='ocrx_word' id='word_1_43' title='bbox 1141 889 1192 947; x_wconf 90' lang='lat' dir='ltr'>est</span> <span class='ocrx_word' id='word_1_44' title='bbox 1208 883 1294 948; x_wconf 91' lang='lat' dir='ltr'>enim</span> <span class='ocrx_word' id='word_1_45' title='bbox 1311 904 1330 948; x_wconf 88' lang='lat' dir='ltr'>a</span> <span class='ocrx_word' id='word_1_46' title='bbox 1348 881 1449 971; x_wconf 89' lang='lat' dir='ltr'>pluri·</span> 
     </span>
     <span class='ocr_line' id='line_1_7' title="bbox 320 983 1450 1076; baseline 0.007 -27"><span class='ocrx_word' id='word_1_47' title='bbox 320 983 390 1068; x_wconf 88' lang='lat' dir='ltr'>bus,</span> <span class='ocrx_word' id='word_1_48' title='bbox 407 983 496 1068; x_wconf 92' lang='lat' dir='ltr'>quod</span> <span class='ocrx_word' id='word_1_49' title='bbox 510 983 650 1066; x_wconf 82' lang='lat' dir='ltr'>Tartari,</span> <span class='ocrx_word' id='word_1_50' title='bbox 677 985 732 1068; x_wconf 85' lang='lat' dir='ltr'>qni</span> <span class='ocrx_word' id='word_1_51' title='bbox 748 986 838 1072; x_wconf 89' lang='lat' dir='ltr'>prius</span> <span class='ocrx_word' id='word_1_52' title='bbox 854 986 1086 1054; x_wconf 78' lang='lat' dir='ltr'>inhabitabant</span> <span class='ocrx_word' id='word_1_53' title='bbox 1111 995 1243 1076; x_wconf 88' lang='lat' dir='ltr'>terram,</span> <span class='ocrx_word' id='word_1_54' title='bbox 1269 1009 1368 1074; x_wconf 89' lang='lat' dir='ltr'>quam</span> <span class='ocrx_word' id='word_1_55' title='bbox 1385 990 1450 1057; x_wconf 81' lang='lat' dir='ltr'>Gu-</span> 
     </span>
     <span class='ocr_line' id='line_1_8' title="bbox 319 1090 1450 1180; baseline 0.007 -24"><span class='ocrx_word' id='word_1_56' title='bbox 319 1090 408 1156; x_wconf 91' lang='lat' dir='ltr'>mani</span> <span class='ocrx_word' id='word_1_57' title='bbox 424 1109 510 1156; x_wconf 89' lang='lat' dir='ltr'>nuuc</span> <span class='ocrx_word' id='word_1_58' title='bbox 525 1091 719 1176; x_wconf 87' lang='lat' dir='ltr'>inhabitant,</span> <span class='ocrx_word' id='word_1_59' title='bbox 738 1092 888 1160; x_wconf 90' lang='lat' dir='ltr'>dicuntur</span> <span class='ocrx_word' id='word_1_60' title='bbox 904 1097 938 1162; x_wconf 89' lang='lat' dir='ltr'>in</span> <span class='ocrx_word' id='word_1_61' title='bbox 954 1095 1093 1162; x_wconf 89' lang='lat' dir='ltr'>veritate</span> <span class='ocrx_word' id='word_1_62' title='bbox 1109 1097 1167 1162; x_wconf 88' lang='lat' dir='ltr'>filii</span> <span class='ocrx_word' id='word_1_63' title='bbox 1185 1097 1350 1180; x_wconf 88' lang='lat' dir='ltr'>Ysmahel,</span> <span class='ocrx_word' id='word_1_64' title='bbox 1368 1097 1450 1164; x_wconf 87' lang='lat' dir='ltr'>inde</span> 
     </span>
     <span class='ocr_line' id='line_1_9' title="bbox 320 1196 1451 1290; baseline 0.008 -28"><span class='ocrx_word' id='word_1_65' title='bbox 320 1196 524 1264; x_wconf 88' lang='lat' dir='ltr'>Ysmahelite</span> <span class='ocrx_word' id='word_1_66' title='bbox 549 1200 661 1266; x_wconf 90' lang='lat' dir='ltr'>volant</span> <span class='ocrx_word' id='word_1_67' title='bbox 677 1221 761 1268; x_wconf 94' lang='lat' dir='ltr'>nunc</span> <span class='ocrx_word' id='word_1_68' title='bbox 777 1203 905 1268; x_wconf 83' lang='lat' dir='ltr'>Tartari</span> <span class='ocrx_word' id='word_1_69' title='bbox 930 1203 1102 1290; x_wconf 88' lang='lat' dir='ltr'>appellari.</span> <span class='ocrx_word' id='word_1_70' title='bbox 1131 1206 1234 1270; x_wconf 82' lang='lat' dir='ltr'>Terra</span> <span class='ocrx_word' id='word_1_71' title='bbox 1259 1214 1379 1288; x_wconf 91' lang='lat' dir='ltr'>autem,</span> <span class='ocrx_word' id='word_1_72' title='bbox 1407 1206 1451 1271; x_wconf 89' lang='lat' dir='ltr'>de</span> 
     </span>
     <span class='ocr_line' id='line_1_10' title="bbox 320 1303 1452 1394; baseline 0.007 -22"><span class='ocrx_word' id='word_1_73' title='bbox 320 1325 386 1392; x_wconf 90' lang='lat' dir='ltr'>qua</span> <span class='ocrx_word' id='word_1_74' title='bbox 399 1303 491 1392; x_wconf 86' lang='lat' dir='ltr'>prius</span> <span class='ocrx_word' id='word_1_75' title='bbox 507 1313 583 1372; x_wconf 89' lang='lat' dir='ltr'>sunt</span> <span class='ocrx_word' id='word_1_76' title='bbox 599 1310 732 1392; x_wconf 85' lang='lat' dir='ltr'>egressi,</span> <span class='ocrx_word' id='word_1_77' title='bbox 751 1311 871 1378; x_wconf 80' lang='lat' dir='ltr'>Gothia</span> <span class='ocrx_word' id='word_1_78' title='bbox 886 1317 1030 1394; x_wconf 88' lang='lat' dir='ltr'>vocatur,</span> <span class='ocrx_word' id='word_1_79' title='bbox 1049 1330 1146 1394; x_wconf 87' lang='lat' dir='ltr'>quam</span> <span class='ocrx_word' id='word_1_80' title='bbox 1166 1312 1280 1378; x_wconf 89' lang='lat' dir='ltr'>Ruben</span> <span class='ocrx_word' id='word_1_81' title='bbox 1291 1309 1452 1380; x_wconf 78' lang='lat' dir='ltr'>Gothiani</span> 
     </span>
     <span class='ocr_line' id='line_1_11' title="bbox 321 1416 1449 1490; baseline 0.007 -8"><span class='ocrx_word' id='word_1_82' title='bbox 321 1416 461 1484; x_wconf 86' lang='lat' dir='ltr'>vocavit.</span> <span class='ocrx_word' id='word_1_83' title='bbox 489 1416 632 1484; x_wconf 87' lang='lat' dir='ltr'>Primum</span> <span class='ocrx_word' id='word_1_84' title='bbox 648 1427 756 1486; x_wconf 89' lang='lat' dir='ltr'>autem</span> <span class='ocrx_word' id='word_1_85' title='bbox 782 1421 900 1487; x_wconf 86' lang='lat' dir='ltr'>bollum</span> <span class='ocrx_word' id='word_1_86' title='bbox 915 1421 1123 1488; x_wconf 83' lang='lat' dir='ltr'>Tartarorum</span> <span class='ocrx_word' id='word_1_87' title='bbox 1146 1422 1256 1489; x_wconf 88' lang='lat' dir='ltr'>taliter</span> <span class='ocrx_word' id='word_1_88' title='bbox 1272 1430 1322 1490; x_wconf 90' lang='lat' dir='ltr'>est</span> <span class='ocrx_word' id='word_1_89' title='bbox 1336 1423 1449 1490; x_wconf 90' lang='lat' dir='ltr'>incho-</span> 
     </span>
     <span class='ocr_line' id='line_1_12' title="bbox 321 1526 1452 1614; baseline 0.004 -22"><span class='ocrx_word' id='word_1_90' title='bbox 321 1531 430 1592; x_wconf 88' lang='lat' dir='ltr'>atum:</span> <span class='ocrx_word' id='word_1_91' title='bbox 448 1527 523 1592; x_wconf 85' lang='lat' dir='ltr'>Dux</span> <span class='ocrx_word' id='word_1_92' title='bbox 534 1526 647 1592; x_wconf 88' lang='lat' dir='ltr'>eratin</span> <span class='ocrx_word' id='word_1_93' title='bbox 665 1533 750 1594; x_wconf 89' lang='lat' dir='ltr'>terra</span> <span class='ocrx_word' id='word_1_94' title='bbox 762 1529 883 1596; x_wconf 83' lang='lat' dir='ltr'>Gothia</span> <span class='ocrx_word' id='word_1_95' title='bbox 894 1529 1065 1613; x_wconf 80' lang='lat' dir='ltr'>Gurgutha</span> <span class='ocrx_word' id='word_1_96' title='bbox 1077 1530 1217 1612; x_wconf 90' lang='lat' dir='ltr'>nomine,</span> <span class='ocrx_word' id='word_1_97' title='bbox 1234 1530 1290 1614; x_wconf 86' lang='lat' dir='ltr'>qui</span> <span class='ocrx_word' id='word_1_98' title='bbox 1301 1550 1452 1598; x_wconf 88' lang='lat' dir='ltr'>sororem</span> 
     </span>
     <span class='ocr_line' id='line_1_13' title="bbox 321 1635 1450 1725; baseline 0.002 -23"><span class='ocrx_word' id='word_1_99' title='bbox 321 1635 466 1704; x_wconf 87' lang='lat' dir='ltr'>habebat</span> <span class='ocrx_word' id='word_1_100' title='bbox 481 1636 651 1722; x_wconf 85' lang='lat' dir='ltr'>virginem,</span> <span class='ocrx_word' id='word_1_101' title='bbox 678 1639 865 1722; x_wconf 88' lang='lat' dir='ltr'>parentibus</span> <span class='ocrx_word' id='word_1_102' title='bbox 882 1639 1042 1706; x_wconf 84' lang='lat' dir='ltr'>defunctis</span> <span class='ocrx_word' id='word_1_103' title='bbox 1067 1657 1124 1704; x_wconf 90' lang='lat' dir='ltr'>sue</span> <span class='ocrx_word' id='word_1_104' title='bbox 1141 1638 1264 1705; x_wconf 82' lang='lat' dir='ltr'>familie</span> <span class='ocrx_word' id='word_1_105' title='bbox 1280 1638 1450 1725; x_wconf 88' lang='lat' dir='ltr'>presiden-</span> 
     </span>
     <span class='ocr_line' id='line_1_14' title="bbox 321 1744 1452 1834; baseline 0.004 -24"><span class='ocrx_word' id='word_1_106' title='bbox 321 1750 397 1828; x_wconf 85' lang='lat' dir='ltr'>tem,</span> <span class='ocrx_word' id='word_1_107' title='bbox 416 1744 584 1812; x_wconf 87' lang='lat' dir='ltr'>ethonore</span> <span class='ocrx_word' id='word_1_108' title='bbox 601 1744 689 1812; x_wconf 90' lang='lat' dir='ltr'>virili</span> <span class='ocrx_word' id='word_1_109' title='bbox 704 1765 739 1812; x_wconf 88' lang='lat' dir='ltr'>se</span> <span class='ocrx_word' id='word_1_110' title='bbox 750 1756 927 1832; x_wconf 82' lang='lat' dir='ltr'>gerentem,</span> <span class='ocrx_word' id='word_1_111' title='bbox 946 1754 981 1812; x_wconf 93' lang='lat' dir='ltr'>ut</span> <span class='ocrx_word' id='word_1_112' title='bbox 997 1747 1124 1814; x_wconf 89' lang='lat' dir='ltr'>dicitur.</span> <span class='ocrx_word' id='word_1_113' title='bbox 1138 1747 1350 1834; x_wconf 82' lang='lat' dir='ltr'>Expugnavit</span> <span class='ocrx_word' id='word_1_114' title='bbox 1361 1748 1452 1814; x_wconf 81' lang='lat' dir='ltr'>enim</span> 
     </span>
     <span class='ocr_line' id='line_1_15' title="bbox 321 1853 1451 1942; baseline -0.001 -22"><span class='ocrx_word' id='word_1_115' title='bbox 321 1855 445 1920; x_wconf 91' lang='lat' dir='ltr'>Ducem</span> <span class='ocrx_word' id='word_1_116' title='bbox 461 1853 623 1940; x_wconf 88' lang='lat' dir='ltr'>quendam</span> <span class='ocrx_word' id='word_1_117' title='bbox 634 1853 697 1922; x_wconf 88' lang='lat' dir='ltr'>sibi</span> <span class='ocrx_word' id='word_1_118' title='bbox 714 1855 866 1940; x_wconf 88' lang='lat' dir='ltr'>vicinum,</span> <span class='ocrx_word' id='word_1_119' title='bbox 884 1863 916 1922; x_wconf 92' lang='lat' dir='ltr'>et</span> <span class='ocrx_word' id='word_1_120' title='bbox 932 1857 1081 1924; x_wconf 89' lang='lat' dir='ltr'>eumdem</span> <span class='ocrx_word' id='word_1_121' title='bbox 1091 1855 1186 1923; x_wconf 86' lang='lat' dir='ltr'>bonis</span> <span class='ocrx_word' id='word_1_122' title='bbox 1202 1857 1269 1923; x_wconf 90' lang='lat' dir='ltr'>suis</span> <span class='ocrx_word' id='word_1_123' title='bbox 1281 1855 1451 1942; x_wconf 89' lang='lat' dir='ltr'>spoliavit.</span> 
     </span>
     <span class='ocr_line' id='line_1_16' title="bbox 321 1963 1452 2050; baseline 0 -20"><span class='ocrx_word' id='word_1_124' title='bbox 321 1963 453 2050; x_wconf 76' lang='lat' dir='ltr'>illapsis</span> <span class='ocrx_word' id='word_1_125' title='bbox 478 1967 587 2029; x_wconf 88' lang='lat' dir='ltr'>antem</span> <span class='ocrx_word' id='word_1_126' title='bbox 612 1963 807 2048; x_wconf 87' lang='lat' dir='ltr'>quibusdam</span> <span class='ocrx_word' id='word_1_127' title='bbox 832 1965 1049 2050; x_wconf 89' lang='lat' dir='ltr'>temporibus,</span> <span class='ocrx_word' id='word_1_128' title='bbox 1075 1984 1147 2030; x_wconf 91' lang='lat' dir='ltr'>oum</span> <span class='ocrx_word' id='word_1_129' title='bbox 1170 1965 1285 2030; x_wconf 90' lang='lat' dir='ltr'>iterum</span> <span class='ocrx_word' id='word_1_130' title='bbox 1309 1963 1452 2030; x_wconf 90' lang='lat' dir='ltr'>eundem</span> 
     </span>
     <span class='ocr_line' id='line_1_17' title="bbox 322 2071 1452 2160; baseline 0 -22"><span class='ocrx_word' id='word_1_131' title='bbox 322 2071 445 2138; x_wconf 88' lang='lat' dir='ltr'>Ducem</span> <span class='ocrx_word' id='word_1_132' title='bbox 461 2071 640 2156; x_wconf 87' lang='lat' dir='ltr'>predictum</span> <span class='ocrx_word' id='word_1_133' title='bbox 655 2073 866 2142; x_wconf 84' lang='lat' dir='ltr'>Tartarorum</span> <span class='ocrx_word' id='word_1_134' title='bbox 890 2075 980 2142; x_wconf 85' lang='lat' dir='ltr'>natio</span> <span class='ocrx_word' id='word_1_135' title='bbox 997 2093 1195 2160; x_wconf 80' lang='lat' dir='ltr'>expugnare,</span> <span class='ocrx_word' id='word_1_136' title='bbox 1211 2071 1294 2140; x_wconf 85' lang='lat' dir='ltr'>sicut</span> <span class='ocrx_word' id='word_1_137' title='bbox 1314 2091 1452 2139; x_wconf 89' lang='lat' dir='ltr'>consue-</span> 
     </span>
     <span class='ocr_line' id='line_1_18' title="bbox 322 2177 1451 2268; baseline 0 -22"><span class='ocrx_word' id='word_1_138' title='bbox 322 2182 424 2262; x_wconf 85' lang='lat' dir='ltr'>verat,</span> <span class='ocrx_word' id='word_1_139' title='bbox 440 2177 614 2262; x_wconf 72' lang='lat' dir='ltr'>niteretur,</span> <span class='ocrx_word' id='word_1_140' title='bbox 632 2179 687 2246; x_wconf 88' lang='lat' dir='ltr'>illc</span> <span class='ocrx_word' id='word_1_141' title='bbox 703 2180 766 2248; x_wconf 90' lang='lat' dir='ltr'>sibi</span> <span class='ocrx_word' id='word_1_142' title='bbox 782 2201 970 2268; x_wconf 81' lang='lat' dir='ltr'>precavens,</span> <span class='ocrx_word' id='word_1_143' title='bbox 989 2179 1160 2248; x_wconf 90' lang='lat' dir='ltr'>commisso</span> <span class='ocrx_word' id='word_1_144' title='bbox 1179 2181 1266 2248; x_wconf 90' lang='lat' dir='ltr'>bello</span> <span class='ocrx_word' id='word_1_145' title='bbox 1287 2200 1359 2246; x_wconf 89' lang='lat' dir='ltr'>cum</span> <span class='ocrx_word' id='word_1_146' title='bbox 1376 2199 1451 2262; x_wconf 88' lang='lat' dir='ltr'>pre·</span> 
     </span>
     <span class='ocr_line' id='line_1_19' title="bbox 322 2284 1453 2374; baseline -0.001 -22"><span class='ocrx_word' id='word_1_147' title='bbox 322 2286 410 2352; x_wconf 87' lang='lat' dir='ltr'>dieta</span> <span class='ocrx_word' id='word_1_148' title='bbox 434 2284 546 2370; x_wconf 88' lang='lat' dir='ltr'>puella</span> <span class='ocrx_word' id='word_1_149' title='bbox 570 2287 735 2352; x_wconf 90' lang='lat' dir='ltr'>convaluit</span> <span class='ocrx_word' id='word_1_150' title='bbox 755 2288 787 2352; x_wconf 91' lang='lat' dir='ltr'>in</span> <span class='ocrx_word' id='word_1_151' title='bbox 804 2289 989 2374; x_wconf 82' lang='lat' dir='ltr'>pugnando,</span> <span class='ocrx_word' id='word_1_152' title='bbox 1017 2295 1049 2354; x_wconf 88' lang='lat' dir='ltr'>et</span> <span class='ocrx_word' id='word_1_153' title='bbox 1064 2308 1147 2373; x_wconf 88' lang='lat' dir='ltr'>eam,</span> <span class='ocrx_word' id='word_1_154' title='bbox 1165 2307 1263 2372; x_wconf 88' lang='lat' dir='ltr'>quam</span> <span class='ocrx_word' id='word_1_155' title='bbox 1282 2287 1373 2372; x_wconf 88' lang='lat' dir='ltr'>prius</span> <span class='ocrx_word' id='word_1_156' title='bbox 1388 2286 1453 2352; x_wconf 89' lang='lat' dir='ltr'>ha·</span> 
     </span>
     <span class='ocr_line' id='line_1_20' title="bbox 322 2391 1453 2481; baseline 0.001 -22"><span class='ocrx_word' id='word_1_157' title='bbox 322 2392 392 2459; x_wconf 91' lang='lat' dir='ltr'>buit</span> <span class='ocrx_word' id='word_1_158' title='bbox 407 2391 643 2478; x_wconf 84' lang='lat' dir='ltr'>adversariam,</span> <span class='ocrx_word' id='word_1_159' title='bbox 662 2396 851 2479; x_wconf 91' lang='lat' dir='ltr'>captivavit,</span> <span class='ocrx_word' id='word_1_160' title='bbox 870 2417 1091 2481; x_wconf 88' lang='lat' dir='ltr'>conversoque</span> <span class='ocrx_word' id='word_1_161' title='bbox 1105 2395 1260 2480; x_wconf 85' lang='lat' dir='ltr'>infugam</span> <span class='ocrx_word' id='word_1_162' title='bbox 1277 2417 1336 2463; x_wconf 87' lang='lat' dir='ltr'>sao</span> <span class='ocrx_word' id='word_1_163' title='bbox 1353 2415 1453 2461; x_wconf 88' lang='lat' dir='ltr'>exer-</span> 
     </span>
     <span class='ocr_line' id='line_1_21' title="bbox 322 2499 1454 2589; baseline 0.001 -22"><span class='ocrx_word' id='word_1_164' title='bbox 322 2502 399 2584; x_wconf 88' lang='lat' dir='ltr'>citu,</span> <span class='ocrx_word' id='word_1_165' title='bbox 415 2500 522 2586; x_wconf 88' lang='lat' dir='ltr'>ipsam</span> <span class='ocrx_word' id='word_1_166' title='bbox 532 2501 566 2566; x_wconf 91' lang='lat' dir='ltr'>in</span> <span class='ocrx_word' id='word_1_167' title='bbox 582 2499 773 2588; x_wconf 72' lang='lat' dir='ltr'>captivitate</span> <span class='ocrx_word' id='word_1_168' title='bbox 789 2503 930 2588; x_wconf 89' lang='lat' dir='ltr'>positam</span> <span class='ocrx_word' id='word_1_169' title='bbox 941 2503 1088 2589; x_wconf 88' lang='lat' dir='ltr'>violavit,</span> <span class='ocrx_word' id='word_1_170' title='bbox 1109 2510 1141 2570; x_wconf 89' lang='lat' dir='ltr'>et</span> <span class='ocrx_word' id='word_1_171' title='bbox 1156 2504 1190 2568; x_wconf 92' lang='lat' dir='ltr'>in</span> <span class='ocrx_word' id='word_1_172' title='bbox 1206 2503 1336 2587; x_wconf 83' lang='lat' dir='ltr'>signum</span> <span class='ocrx_word' id='word_1_173' title='bbox 1346 2503 1454 2587; x_wconf 85' lang='lat' dir='ltr'>majo-</span> 
     </span>
     <span class='ocr_line' id='line_1_22' title="bbox 322 2607 1456 2696; baseline 0.001 -21"><span class='ocrx_word' id='word_1_174' title='bbox 322 2607 367 2676; x_wconf 87' lang='lat' dir='ltr'>ris</span> <span class='ocrx_word' id='word_1_175' title='bbox 382 2607 527 2675; x_wconf 90' lang='lat' dir='ltr'>vindicte</span> <span class='ocrx_word' id='word_1_176' title='bbox 552 2607 742 2674; x_wconf 88' lang='lat' dir='ltr'>defloratam</span> <span class='ocrx_word' id='word_1_177' title='bbox 760 2609 898 2696; x_wconf 88' lang='lat' dir='ltr'>turpiter</span> <span class='ocrx_word' id='word_1_178' title='bbox 915 2609 1098 2677; x_wconf 87' lang='lat' dir='ltr'>decollavit.</span> <span class='ocrx_word' id='word_1_179' title='bbox 1125 2609 1195 2688; x_wconf 81' lang='lat' dir='ltr'>Quo</span> <span class='ocrx_word' id='word_1_180' title='bbox 1212 2608 1324 2676; x_wconf 84' lang='lat' dir='ltr'>audito</span> <span class='ocrx_word' id='word_1_181' title='bbox 1347 2609 1456 2676; x_wconf 81' lang='lat' dir='ltr'>irater</span> 
     </span>
     <span class='ocr_line' id='line_1_23' title="bbox 321 2715 1455 2806; baseline 0.001 -23"><span class='ocrx_word' id='word_1_182' title='bbox 321 2717 429 2806; x_wconf 87' lang='lat' dir='ltr'>puelle</span> <span class='ocrx_word' id='word_1_183' title='bbox 445 2723 622 2782; x_wconf 88' lang='lat' dir='ltr'>memorate</span> <span class='ocrx_word' id='word_1_184' title='bbox 633 2715 805 2801; x_wconf 83' lang='lat' dir='ltr'>Gurgutha</span> <span class='ocrx_word' id='word_1_185' title='bbox 821 2736 919 2803; x_wconf 89' lang='lat' dir='ltr'>supra</span> <span class='ocrx_word' id='word_1_186' title='bbox 936 2716 1043 2784; x_wconf 89' lang='lat' dir='ltr'>dictus</span> <span class='ocrx_word' id='word_1_187' title='bbox 1054 2719 1139 2804; x_wconf 82' lang='lat' dir='ltr'>Dux,</span> <span class='ocrx_word' id='word_1_188' title='bbox 1154 2719 1266 2785; x_wconf 90' lang='lat' dir='ltr'>nuntio</span> <span class='ocrx_word' id='word_1_189' title='bbox 1283 2717 1326 2784; x_wconf 88' lang='lat' dir='ltr'>ad</span> <span class='ocrx_word' id='word_1_190' title='bbox 1342 2718 1455 2784; x_wconf 91' lang='lat' dir='ltr'>virum</span> 
     </span>
     <span class='ocr_line' id='line_1_24' title="bbox 323 2823 1454 2915; baseline 0 -23"><span class='ocrx_word' id='word_1_191' title='bbox 323 2826 486 2915; x_wconf 85' lang='lat' dir='ltr'>prefatum</span> <span class='ocrx_word' id='word_1_192' title='bbox 497 2823 658 2908; x_wconf 85' lang='lat' dir='ltr'>delegato,</span> <span class='ocrx_word' id='word_1_193' title='bbox 675 2825 741 2891; x_wconf 87' lang='lat' dir='ltr'>tale</span> <span class='ocrx_word' id='word_1_194' title='bbox 758 2824 860 2890; x_wconf 85' lang='lat' dir='ltr'>fertur</span> <span class='ocrx_word' id='word_1_195' title='bbox 871 2825 1059 2890; x_wconf 87' lang='lat' dir='ltr'>mandatum</span> <span class='ocrx_word' id='word_1_196' title='bbox 1071 2827 1311 2893; x_wconf 82' lang='lat' dir='ltr'>transmisisse:</span> <span class='ocrx_word' id='word_1_197' title='bbox 1330 2827 1454 2912; x_wconf 85' lang='lat' dir='ltr'>„Intel-</span> 
     </span>
     <span class='ocr_line' id='line_1_25' title="bbox 320 2931 1456 3022; baseline -0.001 -18"><span class='ocrx_word' id='word_1_198' title='bbox 320 2935 399 3022; x_wconf 88' lang='lat' dir='ltr'>lexi,</span> <span class='ocrx_word' id='word_1_199' title='bbox 428 2931 516 3020; x_wconf 90' lang='lat' dir='ltr'>quod</span> <span class='ocrx_word' id='word_1_200' title='bbox 531 2953 674 3001; x_wconf 86' lang='lat' dir='ltr'>sororem</span> <span class='ocrx_word' id='word_1_201' title='bbox 700 2953 804 2999; x_wconf 88' lang='lat' dir='ltr'>meam</span> <span class='ocrx_word' id='word_1_202' title='bbox 823 2933 1013 2999; x_wconf 88' lang='lat' dir='ltr'>defloratam</span> <span class='ocrx_word' id='word_1_203' title='bbox 1039 2931 1220 3002; x_wconf 82' lang='lat' dir='ltr'>decollasii.</span> <span class='ocrx_word' id='word_1_204' title='bbox 1248 2935 1398 3022; x_wconf 83' lang='lat' dir='ltr'>Novaria,</span> <span class='ocrx_word' id='word_1_205' title='bbox 1415 2943 1456 3003; x_wconf 86' lang='lat' dir='ltr'>te</span> 
     </span>
     <span class='ocr_line' id='line_1_26' title="bbox 325 3041 1455 3129; baseline -0.002 -17"><span class='ocrx_word' id='word_1_206' title='bbox 325 3062 409 3129; x_wconf 90' lang='lat' dir='ltr'>opus</span> <span class='ocrx_word' id='word_1_207' title='bbox 424 3042 505 3110; x_wconf 89' lang='lat' dir='ltr'>mihi</span> <span class='ocrx_word' id='word_1_208' title='bbox 515 3041 712 3109; x_wconf 89' lang='lat' dir='ltr'>contrarium</span> <span class='ocrx_word' id='word_1_209' title='bbox 730 3041 890 3126; x_wconf 84' lang='lat' dir='ltr'>exegisse.</span> <span class='ocrx_word' id='word_1_210' title='bbox 909 3041 944 3107; x_wconf 88' lang='lat' dir='ltr'>Si</span> <span class='ocrx_word' id='word_1_211' title='bbox 961 3061 1052 3109; x_wconf 89' lang='lat' dir='ltr'>soror</span> <span class='ocrx_word' id='word_1_212' title='bbox 1068 3061 1141 3108; x_wconf 88' lang='lat' dir='ltr'>mea</span> <span class='ocrx_word' id='word_1_213' title='bbox 1157 3041 1295 3110; x_wconf 86' lang='lat' dir='ltr'>forsitan</span> <span class='ocrx_word' id='word_1_214' title='bbox 1312 3044 1373 3110; x_wconf 88' lang='lat' dir='ltr'>fuit</span> <span class='ocrx_word' id='word_1_215' title='bbox 1387 3044 1455 3111; x_wconf 89' lang='lat' dir='ltr'>tibi</span> 
     </span>
     <span class='ocr_line' id='line_1_27' title="bbox 324 3147 1454 3236; baseline 0.004 -21"><span class='ocrx_word' id='word_1_216' title='bbox 324 3149 480 3235; x_wconf 88' lang='lat' dir='ltr'>inquieta,</span> <span class='ocrx_word' id='word_1_217' title='bbox 506 3148 743 3235; x_wconf 86' lang='lat' dir='ltr'>dampnificans</span> <span class='ocrx_word' id='word_1_218' title='bbox 759 3154 791 3214; x_wconf 92' lang='lat' dir='ltr'>te</span> <span class='ocrx_word' id='word_1_219' title='bbox 809 3149 993 3234; x_wconf 88' lang='lat' dir='ltr'>mobilibus,</span> <span class='ocrx_word' id='word_1_220' title='bbox 1019 3147 1128 3215; x_wconf 90' lang='lat' dir='ltr'>adme</span> <span class='ocrx_word' id='word_1_221' title='bbox 1146 3149 1302 3217; x_wconf 87' lang='lat' dir='ltr'>accedere</span> <span class='ocrx_word' id='word_1_222' title='bbox 1317 3159 1454 3236; x_wconf 85' lang='lat' dir='ltr'>poteras</span> 
     </span>
     <span class='ocr_line' id='line_1_28' title="bbox 324 3255 1456 3345; baseline 0.002 -21"><span class='ocrx_word' id='word_1_223' title='bbox 324 3259 367 3324; x_wconf 86' lang='lat' dir='ltr'>ab</span> <span class='ocrx_word' id='word_1_224' title='bbox 386 3277 426 3323; x_wconf 88' lang='lat' dir='ltr'>ea</span> <span class='ocrx_word' id='word_1_225' title='bbox 441 3275 558 3339; x_wconf 84' lang='lat' dir='ltr'>equum</span> <span class='ocrx_word' id='word_1_226' title='bbox 570 3255 715 3342; x_wconf 91' lang='lat' dir='ltr'>judicem</span> <span class='ocrx_word' id='word_1_227' title='bbox 731 3255 910 3342; x_wconf 83' lang='lat' dir='ltr'>petiturus3</span> <span class='ocrx_word' id='word_1_228' title='bbox 927 3259 981 3323; x_wconf 91' lang='lat' dir='ltr'>vel</span> <span class='ocrx_word' id='word_1_229' title='bbox 997 3257 1026 3324; x_wconf 88' lang='lat' dir='ltr'>si</span> <span class='ocrx_word' id='word_1_230' title='bbox 1041 3257 1191 3325; x_wconf 89' lang='lat' dir='ltr'>manibus</span> <span class='ocrx_word' id='word_1_231' title='bbox 1202 3259 1345 3345; x_wconf 90' lang='lat' dir='ltr'>propriis</span> <span class='ocrx_word' id='word_1_232' title='bbox 1360 3261 1456 3326; x_wconf 88' lang='lat' dir='ltr'>vole·</span> 
     </span>
     <span class='ocr_line' id='line_1_29' title="bbox 323 3363 1453 3454; baseline 0.004 -24"><span class='ocrx_word' id='word_1_233' title='bbox 323 3364 385 3430; x_wconf 87' lang='lat' dir='ltr'>bas</span> <span class='ocrx_word' id='word_1_234' title='bbox 410 3370 443 3429; x_wconf 90' lang='lat' dir='ltr'>te</span> <span class='ocrx_word' id='word_1_235' title='bbox 457 3363 633 3450; x_wconf 84' lang='lat' dir='ltr'>vindicare,</span> <span class='ocrx_word' id='word_1_236' title='bbox 661 3365 857 3431; x_wconf 88' lang='lat' dir='ltr'>debellatam</span> <span class='ocrx_word' id='word_1_237' title='bbox 873 3369 1001 3450; x_wconf 88' lang='lat' dir='ltr'>captam</span> <span class='ocrx_word' id='word_1_238' title='bbox 1027 3365 1229 3452; x_wconf 89' lang='lat' dir='ltr'>defloratam,</span> <span class='ocrx_word' id='word_1_239' title='bbox 1256 3373 1387 3454; x_wconf 87' lang='lat' dir='ltr'>poteras</span> <span class='ocrx_word' id='word_1_240' title='bbox 1412 3370 1453 3435; x_wconf 93' lang='lat' dir='ltr'>in</span> 
     </span>
     <span class='ocr_line' id='line_1_30' title="bbox 324 3473 1454 3562; baseline 0.004 -24"><span class='ocrx_word' id='word_1_241' title='bbox 324 3491 458 3540; x_wconf 87' lang='lat' dir='ltr'>uxorem</span> <span class='ocrx_word' id='word_1_242' title='bbox 484 3473 660 3559; x_wconf 86' lang='lat' dir='ltr'>accepisse.</span> <span class='ocrx_word' id='word_1_243' title='bbox 684 3473 720 3540; x_wconf 86' lang='lat' dir='ltr'>Si</span> <span class='ocrx_word' id='word_1_244' title='bbox 746 3481 855 3540; x_wconf 88' lang='lat' dir='ltr'>autem</span> <span class='ocrx_word' id='word_1_245' title='bbox 872 3473 1044 3542; x_wconf 85' lang='lat' dir='ltr'>occidendi</span> <span class='ocrx_word' id='word_1_246' title='bbox 1068 3474 1270 3560; x_wconf 90' lang='lat' dir='ltr'>propositum</span> <span class='ocrx_word' id='word_1_247' title='bbox 1292 3475 1454 3562; x_wconf 84' lang='lat' dir='ltr'>habuisti,</span> 
     </span>
     <span class='ocr_line' id='line_1_31' title="bbox 325 3579 1456 3668; baseline 0.002 -22"><span class='ocrx_word' id='word_1_248' title='bbox 325 3579 513 3647; x_wconf 85' lang='lat' dir='ltr'>nullatanus</span> <span class='ocrx_word' id='word_1_249' title='bbox 530 3580 690 3646; x_wconf 90' lang='lat' dir='ltr'>debueras</span> <span class='ocrx_word' id='word_1_250' title='bbox 707 3581 873 3650; x_wconf 87' lang='lat' dir='ltr'>deflorare.</span> <span class='ocrx_word' id='word_1_251' title='bbox 898 3583 998 3650; x_wconf 93' lang='lat' dir='ltr'>Immo</span> <span class='ocrx_word' id='word_1_252' title='bbox 1015 3601 1092 3651; x_wconf 91' lang='lat' dir='ltr'>vero</span> <span class='ocrx_word' id='word_1_253' title='bbox 1109 3583 1143 3648; x_wconf 90' lang='lat' dir='ltr'>in</span> <span class='ocrx_word' id='word_1_254' title='bbox 1158 3581 1287 3650; x_wconf 86' lang='lat' dir='ltr'>duobus</span> <span class='ocrx_word' id='word_1_255' title='bbox 1301 3582 1456 3668; x_wconf 88' lang='lat' dir='ltr'>dampni-</span> 
     </span>
     <span class='ocr_line' id='line_1_32' title="bbox 322 3687 1457 3777; baseline 0.004 -24"><span class='ocrx_word' id='word_1_256' title='bbox 322 3687 434 3774; x_wconf 86' lang='lat' dir='ltr'>ficans,</span> <span class='ocrx_word' id='word_1_257' title='bbox 456 3695 488 3755; x_wconf 92' lang='lat' dir='ltr'>et</span> <span class='ocrx_word' id='word_1_258' title='bbox 502 3687 658 3774; x_wconf 83' lang='lat' dir='ltr'>virginali</span> <span class='ocrx_word' id='word_1_259' title='bbox 673 3689 828 3775; x_wconf 87' lang='lat' dir='ltr'>pudicitie</span> <span class='ocrx_word' id='word_1_260' title='bbox 844 3689 1076 3776; x_wconf 88' lang='lat' dir='ltr'>turpitudinem</span> <span class='ocrx_word' id='word_1_261' title='bbox 1092 3689 1241 3776; x_wconf 87' lang='lat' dir='ltr'>intulisti,</span> <span class='ocrx_word' id='word_1_262' title='bbox 1266 3695 1298 3756; x_wconf 90' lang='lat' dir='ltr'>et</span> <span class='ocrx_word' id='word_1_263' title='bbox 1313 3689 1457 3777; x_wconf 86' lang='lat' dir='ltr'>capitali</span> 
     </span>
     <span class='ocr_line' id='line_1_33' title="bbox 323 3794 1457 3884; baseline 0.001 -22"><span class='ocrx_word' id='word_1_264' title='bbox 323 3801 427 3864; x_wconf 90' lang='lat' dir='ltr'>morte</span> <span class='ocrx_word' id='word_1_265' title='bbox 452 3814 525 3862; x_wconf 87' lang='lat' dir='ltr'>eam</span> <span class='ocrx_word' id='word_1_266' title='bbox 541 3795 769 3864; x_wconf 88' lang='lat' dir='ltr'>miserabiliter</span> <span class='ocrx_word' id='word_1_267' title='bbox 794 3797 1051 3883; x_wconf 88' lang='lat' dir='ltr'>condempnasti.</span> <span class='ocrx_word' id='word_1_268' title='bbox 1077 3799 1215 3884; x_wconf 86' lang='lat' dir='ltr'>Propter</span> <span class='ocrx_word' id='word_1_269' title='bbox 1231 3794 1318 3880; x_wconf 90' lang='lat' dir='ltr'>quod</span> <span class='ocrx_word' id='word_1_270' title='bbox 1333 3799 1368 3863; x_wconf 94' lang='lat' dir='ltr'>in</span> <span class='ocrx_word' id='word_1_271' title='bbox 1383 3796 1457 3864; x_wconf 85' lang='lat' dir='ltr'>vin·</span> 
     </span>
     <span class='ocr_line' id='line_1_34' title="bbox 324 3903 1455 3992; baseline 0.003 -22"><span class='ocrx_word' id='word_1_272' title='bbox 324 3905 446 3972; x_wconf 90' lang='lat' dir='ltr'>dictam</span> <span class='ocrx_word' id='word_1_273' title='bbox 461 3905 551 3972; x_wconf 87' lang='lat' dir='ltr'>neeis</span> <span class='ocrx_word' id='word_1_274' title='bbox 567 3907 675 3992; x_wconf 91' lang='lat' dir='ltr'>puelle</span> <span class='ocrx_word' id='word_1_275' title='bbox 691 3907 815 3992; x_wconf 83' lang='lat' dir='ltr'>prefate</span> <span class='ocrx_word' id='word_1_276' title='bbox 833 3906 929 3992; x_wconf 86' lang='lat' dir='ltr'>scias,</span> <span class='ocrx_word' id='word_1_277' title='bbox 945 3927 996 3972; x_wconf 92' lang='lat' dir='ltr'>me</span> <span class='ocrx_word' id='word_1_278' title='bbox 1011 3912 1118 3972; x_wconf 86' lang='lat' dir='ltr'>tecum</span> <span class='ocrx_word' id='word_1_279' title='bbox 1144 3903 1220 3970; x_wconf 89' lang='lat' dir='ltr'>totis</span> <span class='ocrx_word' id='word_1_280' title='bbox 1235 3903 1357 3972; x_wconf 85' lang='lat' dir='ltr'>viribes</span> <span class='ocrx_word' id='word_1_281' title='bbox 1374 3925 1455 3973; x_wconf 89' lang='lat' dir='ltr'>oon·</span> 
     </span>
     <span class='ocr_line' id='line_1_35' title="bbox 323 4013 1469 4104; baseline 0.005 -26"><span class='ocrx_word' id='word_1_282' title='bbox 323 4014 539 4096; x_wconf 82' lang='lat' dir='ltr'>gressumm“</span> <span class='ocrx_word' id='word_1_283' title='bbox 564 4013 635 4084; x_wconf 90' lang='lat' dir='ltr'>Hoc</span> <span class='ocrx_word' id='word_1_284' title='bbox 650 4017 787 4082; x_wconf 87' lang='lat' dir='ltr'>audiens</span> <span class='ocrx_word' id='word_1_285' title='bbox 803 4017 879 4082; x_wconf 80' lang='lat' dir='ltr'>Dur</span> <span class='ocrx_word' id='word_1_286' title='bbox 894 4017 984 4082; x_wconf 87' lang='lat' dir='ltr'>neeis</span> <span class='ocrx_word' id='word_1_287' title='bbox 1001 4021 1216 4102; x_wconf 90' lang='lat' dir='ltr'>perpetrator,</span> <span class='ocrx_word' id='word_1_288' title='bbox 1235 4022 1267 4081; x_wconf 91' lang='lat' dir='ltr'>et</span> <span class='ocrx_word' id='word_1_289' title='bbox 1281 4013 1397 4082; x_wconf 89' lang='lat' dir='ltr'>videns</span> <span class='ocrx_word' id='word_1_290' title='bbox 1413 4035 1469 4104; x_wconf 30' lang='lat' dir='ltr'>se·</span> 
     </span>
     <span class='ocr_line' id='line_1_36' title="bbox 323 4123 1457 4210; baseline 0.005 -22"><span class='ocrx_word' id='word_1_291' title='bbox 323 4141 386 4190; x_wconf 92' lang='lat' dir='ltr'>non</span> <span class='ocrx_word' id='word_1_292' title='bbox 402 4142 501 4208; x_wconf 86' lang='lat' dir='ltr'>posse</span> <span class='ocrx_word' id='word_1_293' title='bbox 515 4123 678 4208; x_wconf 84' lang='lat' dir='ltr'>resistere,</span> <span class='ocrx_word' id='word_1_294' title='bbox 705 4123 790 4210; x_wconf 78' lang='lat' dir='ltr'>fugit</span> <span class='ocrx_word' id='word_1_295' title='bbox 806 4144 878 4190; x_wconf 92' lang='lat' dir='ltr'>cum</span> <span class='ocrx_word' id='word_1_296' title='bbox 895 4123 963 4191; x_wconf 89' lang='lat' dir='ltr'>suis</span> <span class='ocrx_word' id='word_1_297' title='bbox 980 4125 1024 4190; x_wconf 91' lang='lat' dir='ltr'>ad</span> <span class='ocrx_word' id='word_1_298' title='bbox 1039 4123 1221 4190; x_wconf 89' lang='lat' dir='ltr'>Soldanum</span> <span class='ocrx_word' id='word_1_299' title='bbox 1240 4124 1282 4190; x_wconf 90' lang='lat' dir='ltr'>da</span> <span class='ocrx_word' id='word_1_300' title='bbox 1296 4124 1457 4194; x_wconf 85' lang='lat' dir='ltr'>Hornacb</span> 
     </span>
     <span class='ocr_line' id='line_1_37' title="bbox 320 4230 1457 4319; baseline 0.002 -21"><span class='ocrx_word' id='word_1_301' title='bbox 320 4239 409 4299; x_wconf 84' lang='lat' dir='ltr'>terra</span> <span class='ocrx_word' id='word_1_302' title='bbox 432 4231 537 4318; x_wconf 92' lang='lat' dir='ltr'>primo</span> <span class='ocrx_word' id='word_1_303' title='bbox 554 4230 720 4299; x_wconf 85' lang='lat' dir='ltr'>derelicta.</span> <span class='ocrx_word' id='word_1_304' title='bbox 746 4231 806 4300; x_wconf 89' lang='lat' dir='ltr'>His</span> <span class='ocrx_word' id='word_1_305' title='bbox 822 4233 934 4317; x_wconf 87' lang='lat' dir='ltr'>itaque</span> <span class='ocrx_word' id='word_1_306' title='bbox 960 4233 1103 4319; x_wconf 86' lang='lat' dir='ltr'>peractis</span> <span class='ocrx_word' id='word_1_307' title='bbox 1128 4239 1200 4298; x_wconf 90' lang='lat' dir='ltr'>erat</span> <span class='ocrx_word' id='word_1_308' title='bbox 1215 4233 1291 4298; x_wconf 81' lang='lat' dir='ltr'>Dux</span> <span class='ocrx_word' id='word_1_309' title='bbox 1315 4230 1457 4316; x_wconf 87' lang='lat' dir='ltr'>qnidam</span> 
     </span>
     <span class='ocr_line' id='line_1_38' title="bbox 321 4338 1456 4428; baseline -0.003 -18"><span class='ocrx_word' id='word_1_310' title='bbox 321 4344 356 4410; x_wconf 89' lang='lat' dir='ltr'>in</span> <span class='ocrx_word' id='word_1_311' title='bbox 371 4351 460 4412; x_wconf 86' lang='lat' dir='ltr'>terra</span> <span class='ocrx_word' id='word_1_312' title='bbox 476 4338 694 4408; x_wconf 80' lang='lat' dir='ltr'>Cumanorum</span> <span class='ocrx_word' id='word_1_313' title='bbox 719 4341 850 4408; x_wconf 91' lang='lat' dir='ltr'>nomine</span> <span class='ocrx_word' id='word_1_314' title='bbox 865 4340 1010 4428; x_wconf 91' lang='lat' dir='ltr'>Witoph,</span> <span class='ocrx_word' id='word_1_315' title='bbox 1038 4341 1130 4408; x_wconf 89' lang='lat' dir='ltr'>cuius</span> <span class='ocrx_word' id='word_1_316' title='bbox 1146 4338 1261 4406; x_wconf 88' lang='lat' dir='ltr'>divitie</span> <span class='ocrx_word' id='word_1_317' title='bbox 1286 4345 1353 4406; x_wconf 89' lang='lat' dir='ltr'>tam</span> <span class='ocrx_word' id='word_1_318' title='bbox 1377 4360 1456 4426; x_wconf 87' lang='lat' dir='ltr'>pre-</span> 
     </span>
     <span class='ocr_line' id='line_1_39' title="bbox 324 4445 1458 4534; baseline 0 -20"><span class='ocrx_word' id='word_1_319' title='bbox 324 4450 412 4515; x_wconf 85' lang='lat' dir='ltr'>clare</span> <span class='ocrx_word' id='word_1_320' title='bbox 427 4447 690 4534; x_wconf 88' lang='lat' dir='ltr'>predicabantur,</span> <span class='ocrx_word' id='word_1_321' title='bbox 717 4447 806 4532; x_wconf 88' lang='lat' dir='ltr'>quod</span> <span class='ocrx_word' id='word_1_322' title='bbox 822 4451 922 4514; x_wconf 86' lang='lat' dir='ltr'>etiam</span> <span class='ocrx_word' id='word_1_323' title='bbox 937 4467 1057 4534; x_wconf 89' lang='lat' dir='ltr'>pecora</span> <span class='ocrx_word' id='word_1_324' title='bbox 1073 4466 1136 4514; x_wconf 89' lang='lat' dir='ltr'>sua</span> <span class='ocrx_word' id='word_1_325' title='bbox 1150 4448 1185 4512; x_wconf 93' lang='lat' dir='ltr'>in</span> <span class='ocrx_word' id='word_1_326' title='bbox 1205 4445 1313 4513; x_wconf 87' lang='lat' dir='ltr'>aureis</span> <span class='ocrx_word' id='word_1_327' title='bbox 1330 4446 1458 4514; x_wconf 85' lang='lat' dir='ltr'>canali·</span> 
     </span>
     <span class='ocr_line' id='line_1_40' title="bbox 326 4553 1459 4648; baseline -0.004 -20"><span class='ocrx_word' id='word_1_328' title='bbox 326 4554 387 4628; x_wconf 75' lang='lat' dir='ltr'>buc</span> <span class='ocrx_word' id='word_1_329' title='bbox 402 4555 437 4624; x_wconf 89' lang='lat' dir='ltr'>in</span> <span class='ocrx_word' id='word_1_330' title='bbox 452 4555 576 4646; x_wconf 85' lang='lat' dir='ltr'>campio</span> <span class='ocrx_word' id='word_1_331' title='bbox 585 4557 815 4648; x_wconf 86' lang='lat' dir='ltr'>pascebantur.</span> <span class='ocrx_word' id='word_1_332' title='bbox 832 4557 937 4642; x_wconf 75' lang='lat' dir='ltr'>Quem</span> <span class='ocrx_word' id='word_1_333' title='bbox 947 4557 1024 4628; x_wconf 82' lang='lat' dir='ltr'>Dux</span> <span class='ocrx_word' id='word_1_334' title='bbox 1040 4557 1127 4626; x_wconf 88' lang='lat' dir='ltr'>alius</span> <span class='ocrx_word' id='word_1_335' title='bbox 1144 4555 1186 4626; x_wconf 86' lang='lat' dir='ltr'>de</span> <span class='ocrx_word' id='word_1_336' title='bbox 1200 4555 1332 4622; x_wconf 88' lang='lat' dir='ltr'>flumine</span> <span class='ocrx_word' id='word_1_337' title='bbox 1343 4553 1459 4623; x_wconf 89' lang='lat' dir='ltr'>Buchs</span> 
     </span>
    </p>
   </div>
   <div class='ocr_carea' id='block_1_3' title="bbox 0 0 1612 5160">
    <p class='ocr_par' dir='ltr' id='par_1_3' title="bbox 0 0 1612 5160">
     <span class='ocr_line' id='line_1_41' title="bbox 0 0 1612 5160; baseline 0 0"><span class='ocrx_word' id='word_1_338' title='bbox 0 0 1612 5160; x_wconf 95' lang='lat' dir='ltr'> </span> 
     </span>
    </p>
   </div>
  </div>
 </body>
</html>
