3122 5154
784 317 946 416 -.aa

300 509 412 592 hiber'e
429 511 628 596 studuerunt,
655 515 687 576 et
702 515 771 578 tota
787 509 840 578 die
856 533 921 578 non
937 511 1109 598 desistunt,
1133 515 1327 601 exponendo
1343 537 1379 583 sc
1396 523 1433 584 ct

301 653 361 700 sua
377 629 486 696 multis
502 619 656 712 periculis
683 625 715 685 et
731 617 859 686 fortune
878 619 1009 686 casibus
1026 619 1239 708 incessanter,
1260 624 1360 692 solita
1375 625 1433 692 be-

298 739 459 825 nignitate
484 733 673 821 pensantes,
700 733 732 794 et
755 726 941 812 specialiter
967 727 1062 794 fidele
1087 727 1260 796 seruicium
1292 731 1432 799 Comitis

298 846 458 932 Stephani
474 845 515 909 de
526 838 679 921 Goricha,
701 833 910 930 quodcontra
922 835 1083 920 quendam
1095 845 1262 924 potentem
1272 837 1313 905 de
1323 839 1431 907 Theo·

298 953 389 1020 tonia
413 951 543 1019 nomine
559 945 715 1015 Comitem
731 943 921 1010 Albrichum
946 943 987 1009 de
1002 944 1103 1029 Myha
1127 945 1431 1014 confiniaDucatus

298 1059 472 1129 Selauonie
504 1055 614 1142 sepius
645 1049 854 1119 inuadentem
885 1051 1071 1119 dimicando
1102 1051 1239 1118 viriliter
1269 1053 1429 1136 exercuit,

297 1166 406 1253 ipsum
422 1159 648 1251 potencialiter
673 1157 868 1244 superando,
894 1177 1035 1243 suosque
1052 1157 1095 1224 ad
1110 1157 1257 1226 ultimum
1274 1160 1430 1226 extermi-

298 1273 389 1339 nium
403 1266 647 1360 prosternendo,
672 1286 737 1332 non
752 1263 863 1348 vtique
880 1265 1005 1348 absque
1021 1285 1143 1348 magna
1159 1267 1331 1352 sanguinis
1346 1267 1429 1334 effu-

298 1379 391 1447 sione
407 1385 439 1446 et
455 1397 586 1446 suorum
613 1372 929 1457 consanguineorum
952 1372 1206 1459 quamplurium
1231 1380 1264 1442 et
1286 1375 1427 1442 militum

298 1487 472 1572 occisione,
498 1490 594 1572 prout
618 1483 653 1549 in
677 1479 862 1569 priuilegijs
887 1479 986 1563 Regis
1012 1481 1175 1546 Homerici
1203 1483 1428 1551 antecessoris

297 1593 400 1662 nostri
416 1593 504 1660 clare
529 1589 682 1658 memorie
698 1587 828 1674 plenius
855 1585 1045 1671 continetur,
1069 1587 1103 1652 in
1119 1589 1308 1656 memoriam
1332 1611 1426 1657 reuo-

298 1709 430 1786 cantes3
447 1700 532 1766 hane
548 1697 693 1783 graciam
719 1702 864 1761 nostram
882 1693 1060 1780 specialem
1084 1693 1126 1760 de
1140 1695 1245 1781 Regia
1271 1697 1427 1765 libertate

297 1809 456 1890 Baboneg
480 1812 512 1874 et
527 1805 693 1892 Stephano
710 1802 892 1870 comitibus
909 1801 950 1868 de
966 1803 1135 1888 Wodycha
1151 1809 1183 1869 et
1207 1823 1317 1872 eorum
1334 1805 1425 1871 here-

299 1917 405 2000 dibus,
432 1913 652 1996 heredumque
677 1911 918 1978 suocessoribus
943 1931 1016 1976 cum
1031 1911 1168 1978 consilio
1183 1911 1346 1978 Beronum
1369 1933 1427 1979 no-

299 2029 441 2089 strorum
467 2017 617 2085 duximus
642 2018 859 2103 largiendam,
877 2023 912 2082 vt
928 2017 1059 2084 eosdem
1086 2019 1194 2084 nullus
1215 2018 1328 2085 Banus
1343 2019 1428 2085 iudi-

299 2150 376 2196 care
401 2128 522 2194 debeat
536 2125 589 2192 vel
604 2125 720 2211 possit,
746 2127 926 2192 eximentes
951 2145 1008 2194 eos
1031 2131 1186 2213 perpetuo
1208 2147 1229 2190 a
1238 2127 1365 2212 judicio
1391 2137 1426 2195 et

294 2236 527 2324 jurisdiccione
543 2235 700 2320 Banatus,
716 2234 885 2300 collectam
910 2233 1014 2300 eciam
1035 2233 1296 2301 merdurinarum
1319 2237 1353 2301 in
1369 2253 1425 2304 eo·

298 2367 368 2413 rum
384 2343 648 2431 possessionibus
673 2341 881 2426 bereditarijs
897 2343 1005 2408 nullus
1031 2341 1182 2409 officialis
1197 2345 1299 2412 Ducis
1317 2345 1425 2412 tocius

296 2455 480 2539 Solanonie,
506 2471 568 2520 nec
588 2451 698 2518 Barrus
724 2471 784 2537 pro
810 2457 958 2537 tempore
982 2451 1107 2537 positus
1133 2451 1202 2519 siue
1227 2453 1425 2520 constitutus

294 2565 361 2632 ullo
377 2583 519 2647 unquam
533 2566 681 2646 tempore
697 2559 808 2625 dicare
824 2559 877 2625 vel
899 2559 1032 2643 exigere
1048 2559 1163 2644 possit.
1188 2560 1258 2626 Nec
1273 2562 1335 2628 lrcc
1351 2581 1425 2646 pre-

294 2670 512 2752 termittimus,
537 2669 602 2733 imo
619 2689 660 2734 ex
676 2665 794 2750 Regali
817 2665 1019 2750 benignitate
1035 2665 1116 2751 ipsis
1141 2666 1359 2753 concedimus,
1385 2677 1422 2734 vt

295 2777 403 2843 nullus
419 2777 530 2842 Banus
559 2773 765 2857 descendere,
785 2773 840 2838 vel
857 2773 1146 2857 congregacionem
1172 2775 1358 2856 generalem
1375 2775 1422 2841 ia-

296 2901 370 2948 cere
394 2882 501 2967 possit
516 2881 569 2945 vel
586 2881 704 2946 debeat
729 2879 894 2946 incorum
917 2879 1180 2965 possessionibus
1203 2881 1423 2967 hereditarijs.

296 2990 331 3056 Si
346 3005 423 3056 vero
439 2989 542 3072 aliqui
559 2987 800 3070 malefactores,
826 2986 925 3073 fures,
942 2985 994 3052 vel
1010 2987 1154 3055 latrones
1170 2989 1204 3056 in
1221 3007 1331 3055 eornm
1346 3009 1423 3074 pos-

295 3095 496 3162 sessionibus
522 3093 716 3181 deprehensi
740 3093 869 3180 luerint,
896 3093 1028 3161 eosdem
1049 3095 1220 3179 judicare,
1246 3101 1278 3162 et
1303 3096 1422 3183 punire

294 3211 436 3291 penset
460 3201 691 3272 satisfaccione
722 3201 886 3288 condigna
910 3203 1101 3270 auctoritate
1125 3202 1231 3288 Regia
1262 3203 1422 3288 sepedicti

293 3311 451 3396 Baboneg
475 3314 507 3376 et
521 3309 706 3395 Stephanus
723 3307 866 3377 Comites
889 3305 930 3374 de
947 3307 1128 3394 Wodycha,
1153 3316 1313 3376 eteorum
1330 3309 1422 3378 here-

294 3419 362 3502 des,
379 3417 596 3502 heredumque
613 3436 819 3484 successores
834 3415 962 3502 possint
978 3422 1010 3482 et
1025 3417 1175 3484 debeant.
1202 3417 1244 3484 Vt
1260 3425 1369 3483 autem
1385 3419 1421 3483 in

293 3524 485 3612 prescriptis
501 3524 648 3591 articulis
664 3523 776 3609 gracie
790 3523 850 3589 hec
867 3530 979 3590 nostra
997 3524 1138 3593 donacio
1149 3525 1247 3590 robur
1261 3531 1420 3612 perpetue

269 3663 275 3673 ·
292 3631 453 3699 firmitatis
470 3631 626 3718 obtineat,
643 3639 811 3720 presentes
828 3631 875 3698 eis
887 3633 1106 3700 concessimus
1121 3633 1233 3700 literas
1252 3633 1419 3720 dupplieis

291 3739 393 3826 sigilli
409 3739 512 3805 nostri
528 3739 702 3808 munimine
719 3739 899 3808 roboratas.
923 3741 1044 3806 Datum
1060 3761 1119 3826 per
1136 3761 1250 3808 manus
1266 3741 1421 3827 Magistri

290 3846 458 3915 Benedicti
485 3845 649 3934 Prepositi
674 3845 830 3913 Albensis
856 3851 888 3911 et
902 3845 1008 3912 illecti
1024 3847 1234 3915 Oollocensis.
1261 3847 1421 3933 Strigoni·

290 3957 362 4024 ensi
377 3955 463 4022 Sede
479 3963 618 4024 vacante
634 3955 804 4040 existente,
820 3954 1049 4023 Bartholomeo
1067 3953 1420 4042 Quinquecoclesiensi,

289 4063 400 4130 Eleoto
416 4063 580 4150 Agriensi,
607 4063 836 4132 Bartholomeo
851 4063 1111 4149 Wesprimiensi,
1136 4063 1237 4130 Bulsu
1256 4063 1422 4132 Obanadi-

290 4169 371 4254 ensi,
397 4169 573 4240 Benedieto
593 4169 813 4257 Waradiensi,
840 4169 1007 4258 Stephano
1031 4171 1209 4257 Waeyensi
1233 4171 1419 4261 Episcopis,

289 4275 476 4344 laurinensi
492 4283 523 4345 et
537 4277 824 4365 Vltrasyluanensi
848 4277 981 4346 sedibus
996 4277 1210 4366 vacantibus;
1228 4278 1348 4346 dilecto
1365 4301 1419 4348 co·

289 4387 390 4468 gnato
416 4389 526 4452 nostro
551 4385 678 4454 Joanne
694 4386 832 4453 Domino
853 4386 981 4472 Syrmie
1007 4393 1041 4454 et
1066 4385 1192 4457 (inmite
1208 4387 1420 4474 Wachyensi,

288 4485 439 4554 Dionisio
456 4487 547 4556 Bano
563 4493 667 4560 tocius
682 4491 854 4561 Sclauonie
869 4497 902 4558 et
918 4493 1078 4579 Magistro
1093 4493 1294 4582 Agasonum,
1310 4497 1421 4566 Paulo

287 4593 405 4666 Judice
421 4591 539 4664 Ocurie
555 4599 678 4666 Comite
694 4599 840 4687 Albensi,
856 4600 1052 4684 Magistratu
1067 4601 1348 4672 Thanarnicorum
1363 4625 1422 4674 va-
