3134 5150
881 335 902 398 2

187 575 190 580 -
326 531 504 616 karissimi,
521 531 797 619 ipsildonasterio
813 528 1013 597 reddidimus
1034 536 1067 596 et
1082 529 1209 596 restitui
1220 527 1370 612 fecimus,
1385 527 1460 594 iure

326 647 485 728 perpetuo
509 637 774 706 inreuocabiliter
789 643 822 704 et
836 634 1045 705 immobiliter
1059 634 1299 722 possidendas3
1325 633 1461 723 priuile-

329 747 386 832 gia
409 767 488 814 nero
502 747 557 813 uel
581 746 721 832 litteras,
746 747 818 813 sinc
836 743 953 813 Comes
969 743 1163 812 Valentinus
1189 743 1274 810 filius
1301 742 1463 828 Geqneni,

329 857 401 924 siue
427 855 576 923 Castrum
591 855 821 940 Musunienso,
847 854 978 949 siquas
1005 852 1143 919 haberet
1167 852 1335 920 confectas
1360 872 1465 939 super

329 965 425 1032 terris
440 962 511 1030 siue
526 963 616 1030 villis
640 962 834 1049 prenotatis,
860 967 893 1028 et
908 961 1093 1045 ubicunqne
1120 960 1276 1027 deberent
1301 961 1465 1046 exhiberi,

331 1072 397 1138 sint
420 1071 510 1138 irrite
535 1080 568 1138 et
582 1072 707 1155 inanes,
735 1090 774 1138 ac
788 1071 903 1156 vigore
928 1075 1063 1138 careant
1086 1068 1259 1136 firmitatis.
1286 1070 1409 1135 Datum
1426 1068 1465 1136 in

331 1177 477 1245 Zowlum
493 1177 576 1244 teria
591 1184 709 1262 quarta
724 1185 800 1265 post
814 1177 931 1244 festum
946 1176 1060 1245 Sancti
1075 1175 1201 1244 Jacobi.

331 1374 468 1442 (Eredetie
477 1371 651 1442 bdrhdrtydn,
663 1376 775 1442 melyrdl
788 1391 806 1427 a
818 1372 895 1428 hlcul
905 1375 957 1427 oda
968 1379 1092 1440 nyomott
1103 1369 1205 1439 kirtlyi
1214 1371 1306 1440 pecsdt
1318 1373 1466 1439 elsesaett,

584 1482 602 1518 a
613 1465 687 1520 mdlt.
698 1462 766 1518 utre
778 1463 872 1532 Πόνος
885 1460 977 1516 esaltd
988 1457 1197 1530 lerdltlrtban.)

768 1752 1026 1764 ——-—

889 2194 921 2261 2.

338 2375 359 2440 l
364 2375 398 2442 V.
415 2373 498 2440 Bau
512 2371 686 2460 kircllyauk
710 2371 856 2459 biaoapoa
870 2396 891 2438 a
906 2373 962 2440 ecl
976 2375 1064 2440 ar'ada
1083 2373 1151 2440 leod
1178 2374 1334 2442 maleam
1359 2388 1474 2440 oenat-

628 2482 706 2548 lcoad
719 2483 919 2548 interludere.
942 2485 1173 2551 1235-1270.

448 2678 485 2743 Β.
496 2679 559 2745 Dei
574 2679 688 2763 gracia
697 2680 769 2746 Rex
778 2679 923 2764 Vngarie
938 2678 1089 2746 fidelibus
1102 2679 1171 2747 suis
1180 2715 1226 2730 —
1235 2717 1278 2728 -
1287 2677 1473 2766 Salomoni,

341 2785 510 2872 Gregorio,
536 2786 685 2854 Emerico
701 2787 743 2853 de
758 2788 870 2871 Lyter,
886 2787 1028 2855 Martiae
1044 2794 1077 2854 et
1091 2787 1218 2856 laccho
1234 2787 1312 2873 tilijs
1326 2788 1473 2872 Bulclru,

341 2893 453 2961 Blasio
478 2893 680 2980 procuratori
704 2894 845 2961 Abbatis
868 2896 981 2962 Sancti
1004 2897 1135 2963 Martini
1161 2897 1202 2963 de
1222 2895 1305 2964 Suar
1328 2915 1477 2966 commo-

341 3000 437 3086 ranti,
454 3000 583 3084 Auaric,
609 3007 641 3066 et
656 3000 828 3071 Dominico
845 3002 886 3068 de
902 3004 985 3070 Saar
1001 3006 1139 3072 salntem
1156 3010 1189 3070 et
1203 3005 1357 3088 graciam.
1375 3004 1475 3070 Vidi·

342 3128 414 3176 mus
430 3107 464 3174 in
480 3107 642 3194 prioribus
668 3109 786 3176 litteris
802 3110 922 3178 nostris
948 3111 1042 3178 nobis
1058 3111 1169 3180 missis
1185 3113 1354 3197 contineri,
1378 3115 1475 3197 quod

342 3237 416 3284 eum
440 3215 563 3283 iactum
587 3216 732 3284 fidelium
757 3223 950 3303 nostrorum,
977 3221 1130 3288 Albensis
1153 3227 1186 3288 et
1201 3221 1478 3309 wesprimiensis

343 3323 577 3412 Capitnlornm,
603 3323 692 3409 quod
708 3345 808 3412 super
832 3325 973 3410 quodam
989 3328 1174 3395 molendino
1197 3329 1357 3396 existente
1371 3349 1479 3415 super

343 3433 442 3500 fluuio
459 3434 548 3502 Sowl
574 3433 710 3500 uertitur
724 3431 808 3499 inter
826 3433 935 3520 ipsos,
960 3435 1054 3502 nobis
1079 3435 1353 3504 commisissemus
1370 3437 1479 3504 refor-

345 3540 516 3626 mandum,
534 3548 718 3608 nontamen
734 3541 928 3624 neglexistis
944 3550 1133 3628 preceptum
1149 3551 1305 3628 nostrum,
1321 3551 1358 3610 ut
1372 3566 1479 3632 prop-

344 3656 394 3718 ter
410 3647 504 3714 nnius
529 3647 697 3732 eoarbitry
711 3647 813 3714 uestri
839 3649 1026 3718 absenciam
1042 3651 1143 3718 nichil
1168 3649 1320 3718 ordinare
1339 3657 1372 3718 et
1388 3651 1481 3720 diffi-

343 3757 414 3825 nire
438 3757 588 3825 noluistis
612 3757 646 3822 in
663 3755 750 3823 lacto
776 3758 975 3844 supradicto.
1002 3759 1163 3839 Quocirca
1186 3759 1338 3828 fidelitati
1352 3769 1482 3830 ¹uestro

343 3865 539 3934 mandamus
555 3862 784 3953 precipiendo;
810 3871 971 3948 quatenns
986 3867 1142 3935 vicesimo
1166 3865 1309 3936 secundo
1327 3867 1381 3934 die
1396 3881 1486 3954 post

343 3973 576 4042 Pentecosthes
593 3971 758 4040 accedatis
774 3991 872 4060 super
886 3973 994 4061 ipsum
1004 3975 1235 4060 molendinum,
1256 3983 1289 4042 et
1304 3975 1483 4062 ordinetis,

345 4082 527 4149 reformetis
543 4090 576 4148 et
591 4079 782 4165 emendetis,
807 4079 963 4168 quicquid
981 4080 1207 4168 ordinandum,
1231 4081 1485 4152 reformandum

347 4197 380 4256 et
395 4188 633 4256 emendandum
655 4189 802 4256 fueritin
818 4189 942 4274 eodem,
968 4189 1157 4258 conuocatis
1182 4189 1348 4276 adipsum
1365 4189 1487 4259 locum

346 4299 405 4366 illo
421 4297 476 4363 die
500 4297 757 4382 molendinarijs,
784 4317 921 4384 quornm
945 4298 1152 4384 presenciam
1177 4297 1299 4366 adhoc
1316 4297 1488 4370 uidebitis

348 4403 513 4492 expedire.
528 4405 599 4473 Hoc
615 4413 725 4472 antem
739 4405 930 4474 fidelitatem
947 4413 1092 4474 nestram
1107 4405 1192 4473 scire
1207 4405 1368 4488 uolumus,
1386 4409 1488 4488 qnod

348 4513 576 4596 Salomonem,
602 4511 795 4598 Gregorium
807 4563 815 4598 ,
840 4513 1043 4598 Emericum,
1067 4511 1242 4580 Martinam
1268 4519 1300 4580 et
1314 4511 1490 4583 Jacobum

347 4621 602 4709 Wesprimicnse
618 4618 814 4706 Capitulum,
839 4621 987 4688 Blasium
1001 4639 1091 4706 uero,
1110 4621 1266 4690 Ananiam
1283 4626 1316 4687 et
1330 4621 1491 4689 Domini-
