3198 5160
609 323 771 429 4¹⁹!-

123 499 242 569 lratres
268 506 319 573 sui
334 509 484 595 predicti,
513 535 574 582 nec
591 520 765 603 quisquam
781 523 823 590 de
847 530 995 611 cognatis
1018 531 1162 618 ipsorum
1182 553 1254 621 pre-

123 607 228 678 dictos
250 613 336 684 dlios
351 617 461 686 miska
477 623 614 692 Comitis
630 629 761 696 racione
777 627 864 700 dotis
880 643 914 700 et
929 657 1036 703 rerum
1057 641 1252 725 perefarna·

123 717 201 784 lium
218 723 346 806 prefato
371 726 501 795 domine
525 736 647 816 poterit
673 737 830 824 impetere
846 761 902 808 seu
924 747 1105 815 molestare.
1131 752 1251 817 Datum

122 835 241 908 quarta
267 830 352 897 ferio
378 835 528 918 proxima
553 850 627 925 post
652 852 787 912 octonas
817 849 930 915 Sancti
964 852 1147 922 Michaelis·
1165 877 1251 924 anuo

121 933 254 1001 Domini
270 938 317 1004 ll⁰
327 939 392 1006 00⁰
405 942 442 1006 [ι’
458 953 583 1012 octauo.

211 1101 330 1166 Kicr'ct:
347 1100 451 1188 Super
468 1107 681 1193 expedicione
698 1111 784 1180 dctis
803 1117 911 1184 vxoris
927 1119 1034 1189 Misku
1051 1121 1195 1192 comitis.

122 1291 259 1361 (Eredetie
271 1297 437 1368 bb'rhctrtyrlu
451 1303 526 1358 hdtdl
541 1307 716 1374 odunyomotc
734 1313 871 1383 pecsbttcl,
885 1335 902 1370 ιι
912 1318 1013 1374 fdmelt.
1033 1322 1079 1388 hg.
1099 1319 1249 1390 Bachylni

530 1397 623 1450 escldd
636 1400 840 1472 lsvdltdrdban.)

555 1687 821 1704 Ἥ

646 2164 724 2233 350.

122 2339 154 2401 A
170 2340 489 2434 bakonybelicpdtsdp
499 2341 565 2407 tdbb
581 2347 721 2431 noozlopi
731 2345 874 2433 ozolqo'ld
883 2353 1246 2443 embcrcitnemeoybbbd·

473 2451 550 2533 pyrri
562 2449 778 2535 lb'ze'fclceszt'.
801 2455 899 2522 1258.

226 2644 296 2710 Nos
324 2643 424 2708 frater
440 2643 584 2710 lacobus
611 2646 827 2718 miseracione
852 2652 973 2722 Diuico
997 2657 1111 2726 Abbas
1132 2661 1245 2732 Sancti

123 2751 268 2835 Maurioij
287 2750 328 2816 de
339 2750 417 2816 Beel
434 2757 467 2816 et
484 2751 667 2821 conuentus
684 2755 830 2824 ciusdem
846 2761 1069 2845 significamus
1085 2770 1245 2838 uniuersis

122 2869 185 2924 tam
202 2858 406 2945 presentibus
433 2880 530 2944 quam
546 2861 663 2932 futuris
679 2867 883 2951 presencium
898 2892 957 2958 per·
978 2879 1133 2965 tenorem,
1158 2881 1246 2963 quod

122 2967 277 3050 quosdam
293 2967 433 3054 populos
449 2969 596 3036 Ecclesic
613 2971 749 3039 devilia
766 2977 893 3062 Nuztup
910 2983 1126 3066 proquodam
1143 2987 1244 3054 fideli·

122 3075 195 3141 tatis
211 3075 305 3141 titolo
321 3075 395 3160 pori
412 3095 571 3144 consensu
583 3077 718 3146 fratrum
735 3089 768 3146 et
778 3084 996 3178 jobagionum
1011 3099 1193 3160 nostrorum
1203 3115 1244 3162 ex

122 3183 215 3266 priori
241 3181 434 3250 condicione
459 3185 641 3272 eximimus,
669 3195 735 3254 tom
761 3189 861 3278 ipsos,
887 3213 984 3276 quem
1004 3199 1110 3266 eciam
1134 3203 1245 3270 corium

122 3307 326 3356 successores
356 3290 390 3356 in
416 3293 560 3360 ordinem
592 3302 625 3361 et
650 3316 819 3366 numerum
848 3301 1004 3370 nobilium
1030 3305 1245 3396 johagionum

121 3398 264 3465 Ecclesie
289 3406 399 3465 nostre
425 3401 608 3470 statuendo.
635 3403 779 3482 Quorum
805 3410 938 3477 nomina
962 3421 1037 3480 suut
1052 3415 1132 3482 hcc:
1152 3419 1244 3488 Elias

122 3522 191 3570 curn
206 3505 367 3573 iratribus
378 3507 457 3595 suis,
474 3509 590 3576 Budou
604 3509 758 3581 uidelicet
775 3515 953 3605 etJacobo,
973 3520 1243 3596 Ledelnerusoum

121 3613 215 3680 fratre
231 3635 291 3682 suo
306 3616 449 3701 Matheo,
465 3617 581 3685 Petrus
598 3620 703 3688 eciam
721 3627 753 3688 et
768 3623 871 3691 Nuzu.
887 3627 940 3694 Ita
957 3634 1076 3716 temen,
1094 3639 1128 3698 ot
1143 3653 1241 3718 quon·

122 3721 297 3808 documquc
313 3745 373 3792 nos
398 3727 452 3792 uel
468 3727 572 3802 nostri
588 3749 795 3799 successores
814 3733 858 3798 ad
875 3735 1051 3804 exercitum
1070 3737 1242 3824 Regalium

124 3830 203 3918 (igy)
220 3833 268 3898 ire
285 3832 338 3899 uel
364 3833 492 3901 mittere
517 3836 707 3922 tenebimur,
733 3860 831 3906 vnum
848 3861 889 3906 ex
904 3841 986 3926 ipsis
1012 3863 1085 3910 cunr
1110 3866 1194 3932 equo
1211 3847 1244 3917 et

121 3935 184 4004 alic
208 3941 395 4009 necessario
421 3941 543 4010 utiliter
560 3963 632 4010 curn
650 3943 779 4011 domino
804 3945 933 4012 Abbate
950 3947 1003 4013 uel
1028 3969 1087 4018 sno
1112 3951 1243 4021 homine

122 4043 243 4115 mittere
257 4049 474 4137 tenebuntur,
501 4054 612 4138 plnres
629 4051 742 4140 eciam,
760 4053 861 4136 siqui
877 4073 918 4118 ex
934 4041 1016 4139 ipsis
1035 4057 1159 4142 equites
1177 4060 1242 4127 iuc-

122 4153 192 4239 rint,
207 4165 239 4223 et
254 4159 404 4225 dominus
415 4159 529 4226 Abbas
545 4161 660 4228 iuuare
671 4181 728 4229 eos
743 4161 894 4247 potuerit,
912 4181 977 4227 non
994 4182 1067 4230 cunr
1077 4165 1163 4254 alijs,
1183 4167 1242 4236 sed

121 4281 192 4330 cun
206 4265 336 4336 domiuo
353 4268 482 4335 Abbote
498 4268 552 4335 uel
568 4289 627 4335 suc
642 4269 759 4336 Judice
776 4269 975 4353 equitabunt.
993 4272 1073 4338 lltsi
1092 4272 1242 4341 dominus

22 4463 24 4466 Ι
123 4371 227 4440 Abbos
242 4376 295 4442 uel
311 4376 419 4443 Judex
434 4377 581 4443 Ecclesie
606 4397 667 4462 pro
684 4377 795 4460 aliquo
816 4377 952 4460 negocio
969 4378 1160 4465 Monasterij
1184 4401 1241 4450 eos

123 4485 310 4570 euomuerit,
327 4505 392 4551 nou
409 4504 445 4552 se
461 4486 647 4572 retrahant,
665 4485 725 4552 sed
740 4485 915 4554 conuenire
929 4492 1111 4574 teneantur,
1138 4491 1241 4577 siqui

123 4589 230 4660 uenire
239 4595 391 4680 poterint.
409 4589 452 4661 Vt
467 4600 576 4659 autem
593 4593 652 4660 hec
662 4593 829 4662 ordinacio
846 4593 879 4658 in
889 4602 1055 4681 posterum
1069 4595 1104 4663 in
1114 4593 1241 4668 irritum

169 4727 264 4766 ιιοιιιιιι
278 4729 361 4770 nuuc.
376 4727 446 4766 ruer.
467 4735 504 4748 -
517 4727 589 4764 oron.
602 4721 634 4758 ιι,
1038 4711 1079 4768 32
