3134 5150
832 259 853 322 4

761 349 917 360 -——--

273 459 460 528 haereticae
485 455 658 542 pravitatis
683 453 837 521 infectam
863 455 1011 538 maculis,
1036 457 1261 539 accessissent,
1288 477 1409 544 propa-

274 563 496 654 gareibifidei
507 562 696 631 Catholicae
715 562 935 645 sanctitatem,
955 582 1013 630 eos
1028 563 1186 630 laicorum
1199 563 1409 632 multitudine

274 673 416 758 benigue
431 677 464 738 et
478 669 604 738 ilariter
618 666 830 754 admittente,
857 689 994 754 quorum
1011 671 1104 737 multi
1120 691 1179 758 per
1192 673 1295 760 ipsos,
1314 672 1407 740 illius

273 781 415 850 faciente
440 779 580 862 virtute,
607 777 664 862 qui
679 777 842 844 neminem
865 778 936 844 vult
959 779 1077 866 perire,
1100 777 1144 846 ad
1169 781 1408 868 poenitentiam

276 897 350 959 sunt
366 888 516 956 conversi
533 911 541 952 :
558 895 604 967 tn,
620 885 677 970 qui
693 891 858 972 promotor
873 905 986 954 eorum
1001 907 1075 954 esse
1091 886 1246 974 debebas,
1265 897 1298 956 ct
1313 907 1408 975 prae-

273 1000 387 1086 cipuus
402 998 437 1062 in
462 993 679 1081 procurandis
705 993 888 1061 animarum
912 994 1122 1081 profectibus,
1147 1017 1213 1065 nou
1233 997 1403 1080 remissus,

275 1103 545 1173 contumeliarum
555 1099 677 1168 aculeis
692 1100 838 1188 ipsorum
848 1109 982 1188 pectora
1001 1105 1186 1190 pupugisti3
1208 1113 1241 1172 et
1256 1125 1321 1173 non
1331 1123 1408 1174 con·

273 1219 383 1282 tentus
407 1209 535 1279 iniuriis
559 1216 686 1298 partem
701 1203 851 1294 afficere,
871 1210 949 1298 quin
968 1210 1118 1279 nitereris
1143 1217 1245 1280 totum
1270 1211 1407 1280 illarum

274 1320 392 1390 iaculis
408 1319 621 1402 conturbare,
646 1319 790 1405 ipsorum
807 1318 922 1386 Ordini
944 1319 1089 1405 grauiter
1113 1321 1284 1388 detrahere
1309 1341 1406 1408 prae-

274 1425 454 1516 sumpsisti,
465 1427 582 1493 iauuas
593 1424 702 1492 claudi
711 1425 847 1512 faciens,
864 1447 905 1493 ne
916 1427 959 1494 ad
973 1428 1252 1515 praedicationem
1262 1429 1406 1497 Ministri

140 1523 144 1530 ’
274 1535 491 1606 Prouincialis
509 1534 655 1602 eiusdem
665 1535 799 1602 Ordinis
814 1537 956 1623 populus
966 1538 1171 1622 convenirct3
1188 1537 1283 1624 quasi
1294 1538 1337 1605 sit
1345 1543 1405 1606 tuo

274 1654 350 1714 voto
367 1643 575 1727 contrarium,
592 1642 684 1728 quod·
695 1643 768 1728 quis
785 1644 947 1710 advitam
965 1646 1123 1732 proficiat,
1149 1645 1307 1714 doctrinis
1323 1667 1406 1732 pau-

274 1751 413 1839 pertatis
445 1757 611 1817 extremae
636 1757 669 1816 et
699 1751 845 1818 caritatis
872 1751 1051 1821 immensae
1077 1754 1178 1820 cultui
1208 1753 1404 1822 deditorum.

273 1862 451 1926 Praeterea
475 1877 548 1923 curn
563 1857 598 1922 in
615 1859 764 1942 partibus
782 1859 849 1925 illis
866 1879 1002 1944 paucae,
1029 1861 1082 1927 vel
1101 1859 1213 1926 nullae
1236 1859 1407 1944 religioso-

275 1988 348 2035 rum
363 1964 631 2050 congregationes
642 1965 795 2052 existant,
813 1967 846 2034 in
863 1968 981 2053 quibus
998 1967 1174 2054 disciplina
1183 1969 1295 2054 vigeat
1310 1987 1406 2053 regu·

274 2075 374 2160 laris;
399 2075 434 2140 in
450 2073 610 2158 quasdam
633 2073 786 2142 mulieres
810 2075 930 2143 ibidem
949 2077 1153 2160 constitutas,
1179 2097 1238 2162 pro
1258 2096 1296 2142 ec
1313 2076 1405 2161 quod

277 2182 468 2269 capillorum
485 2179 634 2247 abscissa
653 2183 809 2267 caesarie,
835 2203 874 2250 ac
890 2183 1003 2252 relicto
1018 2183 1180 2252 saeculari
1196 2184 1320 2267 habitu,
1346 2183 1405 2251 eli-

274 2297 390 2377 gerunt
406 2310 465 2357 sua
481 2289 617 2355 crimina
630 2289 664 2356 iu
680 2289 832 2358 domibus
855 2293 995 2379 propriis
1012 2293 1201 2380 deplorare;
1227 2295 1262 2361 in
1278 2313 1406 2361 eorum-

274 2398 348 2466 dem
371 2396 507 2466 fratrum
524 2397 745 2483 obprobrium,
771 2421 907 2484 quorum
929 2401 1219 2486 exhortationibus,
1245 2408 1406 2488 operante

272 2505 423 2589 Domino,
450 2504 605 2571 anbelant
628 2506 672 2572 ad
688 2507 836 2592 praemia
851 2508 1031 2591 beatorum,
1058 2509 1404 2577 excommunicationis

272 2615 468 2684 sententiam
493 2615 730 2701 promulgasti,
756 2615 877 2682 Divina
892 2619 1086 2684 auctoritate
1106 2615 1254 2685 districte
1279 2619 1405 2704 praeci·

135 2780 140 2788 .
273 2725 378 2810 piens,
405 2727 440 2786 ut
456 2741 528 2787 oum
546 2721 725 2807 Apostolus
740 2729 910 2790 tonsuram
927 2725 1100 2810 prohibeat
1119 2725 1298 2808 mulierum,
1314 2725 1405 2809 quod

273 2829 394 2913 aliqua,
421 2827 492 2894 sive
507 2827 541 2892 in
557 2827 653 2897 domo
680 2831 815 2917 propria
839 2839 1065 2916 commoretur,
1090 2833 1143 2900 vel
1168 2831 1336 2918 religionis
1357 2833 1403 2900 sit

273 2937 420 3004 habitum
436 2943 638 3022 susceptura,
654 2943 821 3005 tonsuram
837 2938 902 3005 sibi
917 2957 982 3004 ncn
992 2939 1103 3024 faciat,
1120 2941 1172 3006 vel
1188 2940 1232 3006 ab
1249 2939 1313 3006 alio
1330 2941 1403 3008 fieri

273 3065 337 3111 non
353 3043 539 3130 permittat;
566 3049 600 3109 et
614 3045 643 3110 si
667 3043 750 3111 forte
770 3045 975 3129 contingeret
1000 3045 1164 3130 praesumi
1192 3047 1403 3131 contrarium,

272 3158 341 3219 tam
365 3158 500 3234 musae,
525 3169 624 3234 quam
648 3151 820 3218 tondentes
846 3152 1189 3220 excommunicationis
1217 3153 1403 3221 sententiae

272 3260 489 3326 subiacerent.
516 3257 627 3336 Quare
642 3259 799 3344 contigit,
824 3257 999 3343 quodcum
1015 3259 1148 3343 quidam
1173 3259 1290 3326 fratres
1307 3259 1403 3327 Ordi-

271 3369 323 3434 nis
337 3365 615 3449 Praedicatorum,
643 3365 698 3449 qui
713 3365 757 3431 ad
773 3384 831 3432 eas
847 3371 959 3451 partes
979 3365 1135 3432 nunciare
1151 3373 1309 3434 venerant
1323 3365 1404 3434 Goe-

271 3475 364 3542 lestis
378 3472 485 3559 Regni
500 3471 641 3557 gloriam
667 3480 699 3538 et
713 3472 895 3559 thesauros,
927 3471 988 3539 tibi
1003 3471 1122 3540 devote
1141 3471 1295 3558 dioerent,
1312 3475 1402 3560 quod

271 3581 455 3650 inconsulte
469 3580 570 3645 talem
585 3578 780 3646 senteutiam
796 3579 998 3665 protulisses,
1018 3581 1209 3666 praesertim
1226 3601 1299 3648 cum
1314 3583 1404 3668 Apo-

270 3689 374 3758 stolus
390 3685 424 3752 in
440 3685 551 3768 uerbo,
569 3683 656 3768 quod
672 3684 713 3752 de
728 3693 864 3752 tonsura
879 3685 1058 3772 proposuit,
1075 3686 1119 3753 ad
1135 3687 1296 3771 mulieres,
1313 3709 1402 3774 quae

271 3792 1403 3880 mundumetconcupiscentiamreliquerunt,nonrideaturhabuisse

270 3909 473 3992 respectum
498 3907 532 3969 tu
549 3921 614 3968 uon
629 3908 799 3970 contentus
819 3908 933 3970 contra
947 3908 981 3969 te
997 3901 1031 3968 in
1047 3903 1203 3971 fratribus
1218 3903 1402 3991 supradicti

271 4011 404 4080 Ordinis
430 4029 592 4099 supernae
615 4031 814 4097 provocasse
836 4011 1016 4098 potentiam
1031 4011 1224 4094 Maiestatis,
1250 4011 1401 4080 adiecisti

272 4119 412 4186 furorem
437 4119 507 4185 eius
522 4127 556 4186 et
573 4119 608 4185 in
626 4118 694 4186 iam
719 4119 815 4187 dictis
841 4139 968 4204 acuere,
993 4119 1250 4207 praesumendo,
1276 4139 1318 4187 ne
1334 4119 1401 4207 ipsi

272 4225 500 4314 praedicarent
514 4225 645 4313 ibidem,
657 4229 708 4294 vel
721 4227 943 4296 confessiones
953 4227 1115 4312 audirent,
1133 4227 1233 4294 autin
1249 4227 1400 4324 ecclesiis

271 4329 415 4399 ciuitatis
430 4331 600 4416 praefatae
616 4333 855 4419 praedicationi
871 4355 983 4403 eorum
1006 4335 1175 4403 audientia
1190 4335 1398 4420 tribueretur,

271 4437 405 4507 firmiter
419 4435 577 4506 inhibere.
594 4439 681 4519 Quid
695 4441 825 4511 multa?
841 4443 937 4530 quasi
950 4443 1012 4510 tibi
1026 4443 1070 4511 sit
1086 4443 1120 4510 in
1136 4441 1291 4528 taedium,
1308 4443 1399 4528 quod

272 4546 375 4630 aliqui
391 4549 620 4614 convertantur
635 4548 678 4614 ad
693 4550 868 4620 Dominum
893 4550 935 4620 de
950 4551 1157 4622 multitudine
1181 4549 1399 4637 populorum
