3148 5156
574 875 651 943 ult.

76 1057 351 1144 toalleaselreruuiri
364 1057 577 1146 kdptalanaak
592 1059 858 1146 oconyeuyleoela
876 1059 957 1146 how
966 1057 1041 1124 Elelc
1057 1057 1171 1124 Mella

75 1167 197 1232 (monela
213 1167 266 1248 fia
292 1166 418 1250 Da'jcnea
441 1173 519 1233 nouo
539 1189 628 1254 perca
652 1167 783 1234 birtoledt
807 1167 913 1234 Facere
939 1167 1170 1253 poanouhalma'

360 1275 497 1361 updtnula
515 1275 681 1361 mmqedte.
707 1269 805 1341 1258.

155 1471 342 1558 Capitulum
366 1471 514 1538 Ecclesie
529 1469 684 1540 albensis
709 1471 869 1539 uniuersis
886 1471 1068 1540 Christiane
1093 1469 1169 1540 fidei

73 1579 224 1648 caloribus
250 1580 455 1668 presentibus
472 1580 595 1668 pariter
611 1591 644 1650 et
660 1581 776 1648 futuris
791 1581 994 1668 presencium
1017 1581 1168 1650 noticiam

73 1686 208 1756 habituris
235 1689 371 1756 salutem
396 1688 429 1754 iu
445 1709 492 1774 eo,
516 1689 572 1772 qui
597 1693 648 1756 est
661 1689 750 1756 salus
776 1689 927 1756 omnium.
952 1689 1056 1756 Omne
1081 1688 1168 1774 quod

73 1797 238 1866 memoriam
249 1797 383 1884 appetit,
405 1795 537 1884 dignum
554 1799 797 1868 eattestimonio
814 1799 994 1866 litterarum
1009 1819 1166 1868 commen·

72 1900 139 1988 lare,
163 1924 205 1972 ue
230 1925 282 1972 res
304 1905 526 1993 temporaliter
546 1913 638 1991 geste
663 1907 757 1976 simul
783 1927 855 1976 cum
871 1907 999 1976 labente
1023 1915 1167 1995 tempore

73 2014 255 2080 anemoria
286 2011 531 2081 succedencium
562 2015 742 2084 elabantur.
775 2015 934 2096 Quocirca
957 2015 1170 2084 Vniuersituti

72 2127 156 2186 resne
170 2125 284 2188 tenore
303 2121 511 2207 presencium
526 2118 739 2208 declaramus,
764 2121 851 2206 quod
866 2123 946 2190 llleo
961 2123 1046 2190 lilius
1065 2121 1170 2192 comi·

71 2228 100 2293 tis
120 2227 246 2296 Nicolai
272 2229 417 2296 exhibuit
442 2231 537 2298 nobis
562 2230 687 2300 litteras
715 2231 836 2300 domiui
860 2231 961 2318 Regis
986 2234 1046 2300 hec
1072 2232 1170 2300 verba

71 2339 270 2404 continentes:

157 2446 237 2514 Bela
252 2445 314 2514 Dei
331 2447 525 2533 graciaRex
535 2449 701 2533 Huugarie
716 2449 778 2516 stb.
796 2448 1071 2534 (lrltvetlreuiklll.
1088 2448 1169 2517 Bela

71 2551 228 2641 kirtlynalr
247 2553 572 2642 1256-uiokmonya,
589 2557 669 2626 mint
684 2556 815 2626 ientebb
832 2560 908 2626 305.
929 2578 974 2624 su.
991 2559 1037 2646 a.)

159 2665 198 2732 lat
212 2663 417 2751 postmodum
433 2664 547 2732 eodem
559 2663 612 2732 (lie
628 2673 661 2734 et
676 2665 757 2735 hora
772 2667 920 2734 domiuus
929 2665 1040 2734 Fauus
1055 2665 1168 2734 Abbaa

69 2771 162 2840 Sancti
177 2775 307 2844 llartini
331 2773 373 2840 de
388 2776 487 2844 Sacro
502 2777 611 2844 Monte
626 2777 793 2846 Pannouie
808 2777 956 2846 exhibuit
974 2775 1067 2845 uobis
1083 2773 1167 2842 litte·

69 2899 111 2946 ras
125 2891 250 2950 nostras
267 2883 470 2952 memoriales
487 2884 546 2950 sub
566 2883 628 2952 hac
642 2885 765 2954 forma:

159 2991 226 3060 Nos
243 2991 426 3078 Capitulum
435 2992 816 3062 Ecclesielllbensisstb.
836 2991 1047 3080 (kovetkeziu
1059 3011 1168 3079 ugyan

69 3097 242 3168 niehtrrtri
252 3099 479 3186 ltptalaunalr
493 3101 628 3172 laco-ki
639 3101 932 3188 biaonystglevele,
947 3103 1027 3168 mint
1037 3100 1169 3168 sentebb

68 3207 129 3274 313.
145 3229 186 3277 su.
203 3209 250 3292 a.)

158 3321 198 3386 llt
212 3319 327 3389 iterum
354 3319 438 3386 idem
455 3319 604 3388 dominus
620 3319 732 3386 Abbas
757 3339 867 3386 coram
891 3317 1005 3388 eodem
1021 3319 1097 3390 uec
1114 3340 1168 3386 ox·

67 3425 155 3494 hibuit
171 3429 255 3496 alias
272 3429 397 3496 litteras
414 3434 542 3497 nostras
558 3428 758 3496 continentes
774 3427 858 3496 huuc
874 3434 1036 3495 tenorem:

158 3537 224 3606 Nos
235 3535 420 3623 Capitulum
430 3536 577 3605 Ecclesie
585 3537 739 3604 Albensis
749 3536 811 3604 stb.
831 3533 1043 3623 (ltretlreailr
1056 3553 1168 3620 ugyan

67 3643 245 3714 elehlmari
270 3645 495 3732 ktptalanuak
523 3645 658 3716 loct-ki
675 3644 970 3731 biaouystglevele,
998 3645 1078 3712 mint
1099 3643 1167 3712 len·

66 3750 343 3838 fflfflmm

157 3861 259 3947 Igitur
270 3861 395 3932 duobus
405 3864 500 3931 annia
510 3860 707 3952 supradictis
717 3860 856 3928 finaliter
866 3858 1021 3945 decursis,
1039 3858 1166 3945 inprin-

68 3967 139 4053 cipio
154 3971 243 4040 tercii
259 3971 337 4040 anni
353 3970 438 4037 idem
448 3971 537 4055 Elec,
554 3976 589 4038 nt
603 3977 654 4038 est
668 3968 797 4056 dictum,
815 3987 925 4036 coram
940 3967 1035 4036 nobis
1051 3967 1166 4034 cousti-

68 4081 149 4162 utun,
171 4087 285 4167 utpute
297 4079 346 4146 uir
362 4077 520 4148 discretus
536 4087 568 4146 et
584 4077 726 4163 undique
742 4076 991 4162 circumspectus
1011 4083 1044 4142 et
1058 4074 1167 4142 anime

68 4201 113 4249 rue
135 4187 273 4256 remedio
297 4186 486 4274 prouidere,
513 4193 545 4252 et
570 4186 612 4252 ab
637 4203 735 4252 onere
760 4183 838 4250 dicti
863 4182 965 4250 debiti
990 4203 1054 4267 quo
1080 4181 1167 4248 (licto

69 4291 170 4362 Abbati
186 4301 218 4363 et
233 4315 293 4364 suo
309 4295 505 4363 monasterio
521 4294 690 4360 tenebatur
712 4293 876 4377 obligatus
892 4311 928 4358 se
945 4292 1077 4378 cupiens
1094 4310 1168 4359 exo·

70 4415 165 4470 narare
189 4411 222 4470 et
246 4403 436 4487 absoluere,
468 4401 631 4488 quandam
658 4401 897 4488 possessionem
920 4419 1013 4467 suam
1042 4398 1167 4483 Dijenis

69 4506 149 4577 silum
173 4513 203 4578 iu
231 4512 393 4578 comitatu
418 4511 612 4580 Posouieusi
639 4531 710 4576 cum
734 4509 884 4577 curulibus
912 4506 1104 4574 utilitatibus
1135 4515 1168 4574 et

70 4621 268 4706 pertinenciis,
289 4621 367 4688 nihil
380 4623 464 4704 juris
475 4640 531 4685 seu
545 4619 706 4704 porcionis
717 4619 779 4683 sibi
790 4619 822 4683 in
833 4617 947 4684 eadem
959 4617 1167 4703 reseruando,
