3082 5150
531 255 685 358 „aa

45 427 152 498 valido
176 431 389 502 intrassemus
414 433 448 501 in
465 435 630 502 Austriarn
660 441 776 504 contra
791 437 985 506 Teutonicos
1009 439 1042 505 in
1060 447 1167 508 castro

45 541 291 626 Walterstorpb,
316 542 402 626 quod
429 545 500 610 Deo
516 544 663 631 propicio
686 543 810 612 uiribus
836 552 945 614 nostro
970 546 1168 614 tortitudinis

47 649 189 734 cepimus
206 651 378 735 etpenitus
396 651 624 739 destruximus,
642 651 777 720 viriliter
792 653 876 720 iuter
893 653 976 721 alios
995 654 1170 722 bellatores

45 766 170 824 nostros
196 780 234 826 ac
260 766 391 828 strenue
418 759 596 832 dimicauit.
629 761 681 826 Ad
706 760 767 828 bec
791 761 825 828 iu
855 761 1046 828 obsessione
1071 763 1170 830 castri

46 865 228 932 Korsalacb
245 865 331 935 idem
343 867 538 935 Oltumanns
554 869 587 934 in
602 867 762 952 conflicto,
780 886 876 952 quem
893 868 1031 936 dilectus
1048 875 1081 934 et
1096 866 1172 936 fide-

49 971 93 1037 lis
106 979 213 1040 noster
228 975 387 1060 Magister
403 977 496 1061 Moys
512 997 578 1042 vna
593 996 666 1042 cum
682 976 756 1042 aliis
773 975 968 1060 quibusdam
988 975 1172 1044 Beronibus

47 1081 167 1147 nostris
192 1081 289 1148 ininit
311 1103 383 1149 cum
410 1082 608 1152 aduersariis
633 1089 782 1168 patenter
807 1083 988 1169 peniteret
1015 1089 1172 1170 potenter,

47 1188 151 1254 wlnus
175 1189 210 1254 in
234 1209 270 1256 se
294 1191 423 1277 excepit
447 1212 512 1260 non
538 1191 700 1258 modicum
727 1191 799 1258 acie
825 1191 975 1276 aduersa,
1002 1209 1061 1277 per
1085 1190 1171 1276 quod

48 1295 145 1363 ulnus
168 1299 210 1364 ad
237 1299 499 1366 debilitacionem
525 1319 584 1366 sue
609 1319 723 1366 manus
749 1301 863 1366 dextre
890 1299 987 1382 ydem
1014 1299 1173 1384 peruenit.

46 1404 117 1471 Nor
134 1406 241 1492 igitur,
266 1407 385 1490 quibus
402 1427 450 1474 ex
466 1407 573 1476 olficio
588 1408 691 1494 Regis
707 1407 877 1492 dignitatis
893 1407 1050 1474 incumbit
1065 1409 1174 1474 metiri

50 1513 165 1579 merita
180 1514 393 1602 singulorum,
419 1523 452 1582 et
467 1507 606 1602 singulis
621 1537 682 1602 pro
698 1515 820 1583 meritis
844 1514 1050 1600 respondere,
1067 1515 1175 1582 rolen-

49 1629 99 1686 tes
115 1621 175 1687 sibi
191 1629 287 1706 grata
313 1624 608 1708 reconpensacione
625 1643 803 1704 occurrere,
828 1641 1027 1708 quamquam
1042 1621 1176 1687 retribu-

53 1728 103 1793 oio
118 1729 221 1794 minor
236 1732 279 1797 sit
295 1729 419 1814 merito,
439 1739 472 1796 et
487 1731 582 1814 qnasi
598 1731 697 1798 ualde
713 1731 842 1797 modica
852 1731 1000 1816 inspecta
1015 1727 1175 1812 magnitu-

52 1835 128 1902 dine
143 1835 309 1903 fidelitatis
326 1837 421 1904 nobis
436 1837 470 1902 in
487 1839 548 1904 boc
564 1843 597 1906 et
612 1837 671 1903 toti
691 1836 794 1922 Regni
811 1835 1030 1922 inpensorum,
1057 1840 1176 1900 terram

53 1941 149 2010 Ozlar
164 1945 325 2011 arabilem
341 1943 385 2010 ad
400 1943 465 2010 tria
482 1952 593 2011 aratra
615 1945 776 2012 abitatore
790 1949 952 2009 carentem
969 1941 1173 2024 contulimus,

53 2047 201 2116 dedimus
217 2058 317 2137 atquc
341 2049 536 2120 tradidimus
554 2051 731 2119 Oltumano
748 2057 936 2134 memorato,
963 2047 1026 2114 sibi
1045 2048 1177 2132 subque

56 2159 236 2243 heredibus,
264 2159 484 2244 heredumque
509 2161 753 2227 successoribus
778 2159 912 2246 pacilioo
929 2165 962 2226 et
977 2159 1086 2244 quiete
1109 2176 1177 2243 per-

54 2273 150 2348 petuo
163 2266 408 2353 possidendam,
434 2268 634 2353 sedimusque
651 2267 829 2354 predictum
846 2265 1056 2332 Oltumannm
1082 2267 1177 2329 iutro·

57 2369 129 2440 duci
145 2393 203 2459 per
228 2375 358 2442 fidelem
374 2383 406 2442 et
424 2375 580 2442 dilectum
607 2381 752 2444 nostrum
770 2373 961 2458 Magistrum
976 2370 1040 2438 Job
1059 2371 1178 2452 Propo-

58 2479 153 2545 situm
168 2479 351 2548 Budensem
367 2481 400 2548 in
417 2483 620 2568 corporalem
636 2479 877 2568 possessiouem
887 2485 971 2543 terre
992 2480 1180 2542 memorate.

58 2587 141 2654 Mete
157 2587 257 2672 igitur
272 2609 330 2657 seu
340 2591 468 2657 termini
485 2588 571 2657 dicte
587 2597 681 2671 terro,
702 2588 787 2655 sicut
802 2586 889 2652 idem
900 2585 1036 2651 dilectus
1053 2589 1086 2649 et
1101 2579 1177 2648 fide·

58 2693 97 2758 lis
113 2702 221 2763 noster
236 2697 465 2782 MagisterJob
481 2697 574 2764 nobis
591 2695 711 2781 retulit,
727 2695 788 2760 boc
805 2691 919 2761 ordine
934 2689 1171 2774 distinguntur:

61 2801 152 2879 Quod
168 2806 211 2872 ab
228 2807 351 2874 oriente
367 2813 442 2873 sunt
458 2806 521 2873 due
538 2811 633 2889 mete,
655 2822 789 2889 quarum
806 2801 912 2867 altera
927 2803 1060 2886 separat
1076 2805 1182 2863 terras

61 2909 168 2980 Becha
183 2920 217 2979 ct
232 2913 324 2980 Pricb
342 2913 480 2981 filiorum
496 2910 648 2996 Georgii3
670 2907 747 2977 inde
764 2907 870 2990 uergit
886 2905 929 2972 ad
944 2911 1049 2972 terras
1064 2902 1183 2971 doban-

62 3021 109 3086 nis
124 3021 183 3087 filii
194 3019 292 3108 Yllw‚
308 3022 341 3088 in
358 3043 423 3107 qua
437 3027 531 3089 terro
546 3021 665 3087 transit
680 3023 818 3086 stratam
828 3015 1004 3102 publicam,
1024 3018 1057 3078 et
1071 3028 1182 3077 ascen-

62 3125 105 3192 dit
118 3129 152 3194 in
168 3129 257 3197 ualle
272 3131 356 3198 inter
372 3129 455 3198 duos
472 3137 608 3216 montes,
627 3128 674 3195 ibi
689 3125 858 3214 perueniet
874 3143 896 3188 a
912 3122 1014 3208 plaga
1033 3116 1184 3186 meridio-

64 3237 126 3304 nali
151 3237 198 3305 ad
220 3247 325 3308 terras
350 3239 491 3306 Abbatis
516 3239 557 3306 dc
581 3235 759 3306 Panlrutha
784 3233 914 3300 nornine
938 3229 1039 3315 Wry;
1064 3225 1182 3294 deinde

63 3345 226 3428 perueniet
250 3345 479 3414 hereditariam
493 3353 612 3414 terram
628 3341 794 3412 Oltumani
810 3335 1007 3425 supradicti,
1033 3355 1073 3401 cx
1089 3337 1184 3420 parte

65 3459 165 3520 autern
192 3453 405 3523 occidentalis
430 3456 529 3542 plage
553 3460 685 3542 separat
713 3457 800 3518 terra
815 3444 956 3514 Abbatis
971 3442 1084 3510 Sancti
1099 3440 1183 3507 Mar·

64 3559 116 3628 tini
143 3563 185 3629 de
202 3565 302 3630 Sacro
318 3563 427 3630 Monte
443 3561 620 3646 Pannonis,
650 3561 706 3627 ubi
722 3563 798 3626 sunt
812 3562 880 3622 tres
905 3559 990 3619 mete
1014 3547 1183 3638 capitales,

67 3675 95 3734 et
116 3671 286 3756 perueniat
301 3671 345 3738 ad
369 3669 540 3758 empticius
559 3677 665 3738 terras
681 3664 849 3734 Oltumani
868 3661 980 3748 sepius
996 3655 1186 3736 memorati;

69 3774 104 3842 de
117 3798 183 3863 qua
199 3775 305 3846 tendit
320 3777 364 3844 ad
379 3783 484 3844 metas
501 3775 637 3863 priores.
663 3775 708 3840 Ut
720 3770 822 3858 igitur
837 3773 950 3836 nostra
973 3760 1111 3830 donacio
1127 3775 1185 3824 seu

69 3885 226 3954 concessio
242 3887 341 3954 robur
357 3893 514 3974 perpetue
540 3879 732 3952 stabilitatis
755 3874 981 3946 acfirmitatis
1007 3867 1186 3955 opptincat,

70 3988 97 4057 in
111 3999 337 4077 argumentum
363 3992 532 4079 amplioris
549 3990 624 4058 fidei
650 3993 820 4075 presentes
839 3981 945 4052 eidem
966 3973 1186 4046 concessimus

69 4093 195 4167 litteras.
208 4099 310 4186 sigilli
335 4099 439 4168 nostri
465 4098 628 4187 dupplicis
654 4092 829 4162 munimine
853 4091 1032 4156 roboratas.
1062 4083 1184 4148 Datum

70 4223 145 4274 anno
162 4207 335 4275 Dominice
350 4205 595 4276 lucarnacionis
610 4203 732 4272 M⁶GG⁰
750 4195 1020 4286 quinquagesimo
1032 4185 1186 4270 secundo,

72 4307 186 4382 decimo
203 4311 366 4383 kalendas
387 4313 475 4399 Maij,
494 4313 598 4400 Regni
615 4315 724 4379 autem
740 4305 841 4377 nostri
858 4305 985 4372 decimo
1003 4305 1130 4368 octauo.

73 4467 197 4534 (Ersdetie
211 4473 383 4543 bbrhirtytn,
395 4493 413 4529 a
422 4475 594 4544 §Arga-rores
608 4470 840 4542 selyemnalnbron
850 4461 1051 4533 sttggbtpecsdt
1060 4461 1197 4517 elvesnett‚

74 4563 171 4618 abudai
184 4566 239 4617 lrir.
254 4566 376 4618 kamarai
388 4561 563 4621 lereltdrban.
577 4567 611 4619 V.
623 4573 648 4616 d.
661 4561 743 4628 Fojtr
758 4559 825 4614 cod.
838 4557 911 4624 Dipl.
922 4555 968 4608 lv.
981 4555 1010 4606 k.
1021 4557 1046 4606 2.
1057 4569 1079 4605 r.
1094 4551 1154 4604 tro.
1164 4546 1195 4612 l.)

973 4651 1032 4712 22*
