3102 5160
846 281 911 345 ‘262

314 496 459 557 mentum
476 485 564 572 apud
575 483 757 572 Principes,
776 486 894 572 quibus
906 483 1045 553 fideliter
1059 484 1269 554 famulantur.
1289 487 1373 556 Hine
1389 499 1456 574 est,

313 595 404 682 quod
420 594 464 661 ad
479 593 704 660 uniuersorum
721 599 789 659 tam
803 593 1009 680 presencium
1036 611 1134 677 quam
1150 599 1354 680 posterorum
1369 599 1456 665 noti-

314 705 405 770 ciam
420 701 535 768 harum
551 701 636 768 serie
652 700 801 770 volumus
817 700 999 787 peruenire,
1015 699 1104 785 quod
1119 700 1277 786 Magister
1292 701 1456 772 Constan-

315 813 404 879 tinus
431 813 586 880 Decanus
611 810 761 878 Ecclesie
785 809 939 877 Alliensis
964 809 1071 876 fidelis
1096 815 1208 878 noster
1235 809 1280 876 ad
1304 818 1457 880 nostram

320 919 483 987 accadens
500 917 705 1004 presenciam
734 916 898 984 humiliter
914 915 1122 1003 supplicauit,
1150 923 1187 982 ut
1201 915 1379 1002 priuilegia
1394 918 1459 986 Ca-

321 1028 416 1115 pituli
430 1027 593 1108 Albensis,
611 1045 671 1094 nec
688 1045 754 1092 ncn
764 1023 1003 1093 Gmciierorum
1013 1025 1138 1091 Domus
1154 1024 1336 1111 Hospitalis
1352 1047 1459 1113 snper

320 1147 407 1202 terra
422 1154 484 1201 sua
500 1134 534 1200 in
544 1133 642 1202 lloha
657 1133 753 1200 nobis
764 1133 910 1199 exhibita
927 1139 1037 1199 nostro
1053 1132 1263 1217 dignaremur
1275 1134 1456 1221 priuilegio

322 1245 525 1312 confirmare.
550 1241 650 1309 cutus
671 1241 824 1328 precibus
847 1249 1027 1309 annuentes
1053 1250 1120 1309 tarn
1144 1243 1270 1310 litteras
1296 1242 1457 1330 Capituli,

321 1371 419 1435 quam
445 1349 681 1417 Oruciierorum
707 1349 749 1416 de
773 1349 872 1418 uerbo
897 1351 941 1417 ad
966 1351 1101 1416 uerbum
1128 1351 1334 1438 presentibus
1359 1353 1457 1419 (luxi-

321 1481 393 1527 ntus
417 1458 635 1527 inserendum.
661 1457 805 1538 Quarum
832 1465 928 1526 tenor
942 1459 1020 1525 talis
1045 1467 1119 1526 est:

429 1564 648 1653 (Koretlscnik
676 1564 994 1632 asztkesiehtrvari
1021 1565 1182 1651 klptalan
1200 1571 1236 1632 es
1253 1585 1273 1632 a
1290 1567 1458 1634 keresnte·

322 1673 382 1741 sels
408 1672 690 1741 sztlresfeluervtri
715 1672 938 1754 lonvetjenek
964 1674 1052 1758 ntgy
1088 1672 1224 1740 1243-li
1248 1671 1457 1760 kiadvanya,

323 1783 404 1849 mint
419 1781 549 1849 tentsbb
565 1783 709 1848 94-97.
726 1785 814 1849 snam
834 1782 941 1867 alatt).

431 1889 500 1956 Nos
516 1888 625 1974 igitur,
651 1889 730 1971 quia
746 1888 920 1974 priuilegia
946 1895 1120 1975 prenotata
1139 1887 1314 1974 diligenter
1332 1889 1457 1978 inspici

323 1995 471 2080 leuinias,
497 2003 531 2061 et
546 2015 586 2062 ea
603 1998 686 2063 iuste
712 2002 745 2062 et
760 1995 905 2081 legitime
929 1996 1079 2064 conlecta
1102 1996 1291 2082 reperimus,
1318 2017 1379 2065 nec
1396 1999 1457 2064 ali-

324 2123 420 2186 quam
445 2102 545 2168 ineis
564 2104 724 2170 maculam
751 2110 867 2172 notare
890 2103 1064 2190 potuimus,
1090 2104 1134 2170 ad
1159 2123 1273 2189 preces
1299 2105 1458 2191 Magistri

324 2209 479 2276 antedicti
495 2211 653 2296 presentis
669 2211 783 2296 scripti
797 2212 979 2297 patrocinio
996 2217 1029 2277 et
1046 2210 1209 2297 duppliois
1232 2211 1334 2297 sigilli
1349 2215 1458 2280 nostri

323 2315 498 2384 munimine
514 2317 649 2384 iacimus
666 2318 871 2385 conformari.
888 2319 1009 2387 Datum
1026 2339 1111 2386 anno
1131 2317 1262 2384 Domini
1279 2319 1457 2386 millesimo

323 2427 474 2494 00⁰XL⁰
489 2431 614 2509 octauo,
640 2425 752 2510 quinto
769 2425 929 2493 kalendas
947 2426 1080 2512 Aprilis,
1099 2425 1205 2511 Regni
1221 2433 1330 2493 autem
1349 2429 1458 2495 nostri

324 2557 410 2603 anno
426 2534 526 2603 tercio
543 2531 677 2602 decimo.

376 2714 515 2786 (Ernolatia
528 2712 702 2780 blirlrlrtyln
716 2715 827 2780 melprlll
841 2731 857 2765 a
871 2711 958 2780 kirtly
971 2712 1091 2780 pocsetje
1105 2709 1280 2778 virts-singu
1294 2715 1461 2780 selyemzsi.

359 2805 444 2858 nllron
458 2805 533 2869 tltgg,
548 2820 564 2855 a
577 2802 678 2854 ttmtlt.
691 2805 736 2870 hg.
751 2801 916 2870 Batthptnyi
930 2801 1023 2854 csalttl
1037 2802 1178 2856 kltrnrsndi
1193 2800 1405 2869 letilttrlbuu.)

848 3549 923 3618 183.

323 3729 346 3796 I
351 3731 383 3798 V.
402 3730 480 3796 Belo
495 3729 598 3814 tircilp
626 3729 769 3794 liotore
794 3742 902 3796 comest
920 3730 976 3794 ost
994 3751 1091 3795 cosma
1105 3730 1172 3814 ficit
1196 3755 1216 3796 a
1240 3731 1378 3798 Βνάυάπ
1409 3739 1466 3809 tall

322 3839 405 3906 Zela
420 3840 637 3928 odrnwgye'bcu
648 3839 744 3924 scioli
766 3839 908 3904 Ruscino
932 3837 1113 3926 helyae'paocl
1140 3839 1464 3926 utegndcma'npozau.

837 3945 934 4011 1248.

429 4141 510 4208 Bela
532 4141 595 4208 Dei
619 4140 732 4226 gracia
756 4142 937 4228 Hungarie,
962 4140 1141 4227 Dalmatia,
1168 4140 1313 4226 Oroatia,
1338 4141 1463 4226 Rama,

321 4245 446 4332 Seruis,
462 4245 612 4332 Gallicis,
632 4245 831 4334 Lodomerie‚
847 4246 1066 4334 (inmaniaque
1077 4249 1148 4315 Rex
1157 4247 1318 4317 uniuersis
1333 4245 1466 4319 Christi

321 4353 472 4424 fidelibus
487 4355 691 4442 presencium
706 4355 863 4425 noticiam
879 4353 1050 4442 habituris,
1078 4355 1218 4426 salutern
1235 4363 1268 4424 et
1283 4375 1380 4425 omne
1399 4357 1464 4428 bo-

323 4481 409 4530 num.
435 4461 474 4528 ln
490 4469 614 4548 partem
630 4463 718 4531 cedit
734 4461 964 4531 sollicitudinis
981 4469 1089 4532 nostra
1105 4460 1213 4532 metiri
1236 4461 1463 4552 circumspec-

323 4571 428 4637 cionis
443 4568 546 4656 Regia
561 4569 747 4658 aspectibus
764 4578 948 4638 nostrorum
964 4569 1080 4640 merita
1093 4569 1304 4648 subditorum,
1320 4577 1354 4639 et
1370 4593 1465 4658 quos
