3102 5160
892 904 970 973 lut.

366 1075 426 1141 IV.
443 1075 524 1141 Bata
538 1073 642 1160 loudly
649 1071 817 1158 sbtcilaoka
832 1069 953 1135 Mora'ee
967 1069 1132 1134 mausus
1144 1069 1262 1136 roboae
1271 1069 1407 1154 Mortes,
1425 1071 1503 1138 Aba

564 1180 630 1262 fidt
645 1178 768 1244 &ababli
782 1173 977 1242 teusetae
990 1175 1166 1261 oaeporbaa'ti
1179 1171 1278 1240 1247.
1405 1197 1411 1206 ³

471 1377 554 1444 Bela
572 1376 635 1444 Dei
660 1373 773 1460 grauia
793 1369 1355 1458 Hungarie,na1maeie,cnroaeie‚
1381 1373 1502 1460 Rama,

365 1485 489 1568 Seruio,
500 1483 650 1568 Gallicis,
663 1479 867 1566 Lodomerie‚
883 1477 1105 1563 Cumanieque
1119 1480 1189 1546 Rex
1205 1481 1355 1548 omnibus
1374 1479 1503 1550 christi

363 1593 513 1660 fidelibus
538 1595 723 1678 presentem
748 1587 903 1676 paginam
933 1583 1129 1672 inspecturis
1155 1585 1293 1653 salutem
1317 1587 1352 1656 iu
1377 1590 1502 1658 salutis

365 1706 508 1768 auotore.
534 1699 622 1778 Quia
636 1704 754 1766 cuneta
769 1697 843 1764 iura
857 1695 964 1780 Regni
980 1693 1083 1761 nostri
1099 1693 1143 1761 ad
1158 1701 1303 1762 nostram
1322 1697 1501 1766 auetorita-

365 1817 430 1875 tem
445 1805 608 1892 pertinere
624 1804 835 1874 dinoscuntur
850 1808 1016 1888 tamquam
1034 1800 1079 1868 ad
1094 1805 1222 1870 tronum
1231 1799 1391 1889 Principis
1406 1803 1500 1890 prin-

365 1913 517 2001 eipaliter
540 1911 591 1979 ius
616 1910 774 1996 dioeutis;
798 1909 874 1976 ideo
888 1907 1052 1976 faeoiones
1072 1907 1261 1975 inferiorum
1285 1927 1343 1996 per
1363 1911 1500 1976 eulmen

364 2019 501 2105 Regum
520 2019 652 2104 expedit
668 2017 869 2086 eonfirmare.
885 2014 1028 2084 Proinde
1045 2016 1322 2084 advniuersorum
1335 2015 1499 2084 noticiam

363 2135 431 2194 tarn
446 2129 650 2214 preseneiam
675 2147 774 2211 quam
788 2130 994 2212 posterorum
1009 2125 1123 2192 harum
1148 2121 1234 2192 serie
1250 2123 1399 2191 volumus
1423 2144 1500 2210 per-

364 2236 484 2322 uenire,
503 2236 591 2322 qaod
605 2235 710 2304 fidelis
724 2241 835 2302 noster
845 2233 979 2301 Manisve
995 2232 1081 2300 filius
1092 2233 1167 2300 Aba
1182 2229 1225 2298 ad
1240 2238 1384 2300 nostram
1400 2252 1499 2299 aeee-

364 2344 445 2412 dens
460 2345 674 2433 presentiam,
690 2345 817 2412 litteras
834 2341 945 2408 dileoti
960 2360 1001 2408 ao
1016 2340 1121 2410 fidelis
1137 2341 1239 2410 nostri
1255 2339 1404 2426 Maurie’rj
1423 2341 1499 2406 Ma·

363 2453 458 2540 gistri
474 2452 704 2540 Dapiferorum
728 2457 913 2520 nostrorum
939 2457 972 2518 et
987 2447 1125 2518 Comitis
1140 2449 1328 2534 Nitriensis‚
1358 2447 1499 2532 eognati

365 2561 427 2646 sui,
444 2560 540 2629 nobis
557 2558 761 2646 presentabit
776 2559 861 2626 bano
875 2557 1014 2625 sormam
1030 2556 1250 2626 abstinentes:

470 2667 632 2746 Quoniam
657 2669 872 2736 bumanorum
897 2672 1027 2734 aetuum
1052 2665 1169 2734 seriem
1190 2666 1253 2732 stb.
1280 2662 1376 2752 (mint
1390 2662 1498 2730 atahe

364 2776 439 2844 174.
455 2795 499 2844 ss.
515 2773 624 2860 alatt.)

468 2882 588 2949 Petens
602 2901 625 2948 a
640 2881 734 2948 nobis
759 2880 932 2966 humiliter,
956 2887 997 2947 vt
1011 2881 1119 2966 ipsam
1142 2878 1366 2963 oollaeionem,
1392 2897 1500 2964 quam

362 2989 467 3057 seiam
482 2987 570 3056 idem
584 2990 627 3056 ll.
644 2987 801 3074 Magister
825 3007 935 3056 eoram
950 2987 1045 3056 nobis
1070 2987 1317 3073 presentialiter
1332 2995 1365 3056 et
1380 3005 1500 3072 perso-

362 3095 484 3166 naliter
499 3095 702 3180 mustitutus,
729 3095 773 3162 ab
788 3093 862 3182 ipso
876 3095 1000 3164 saetam
1014 3094 1117 3163 luisse
1132 3093 1176 3162 ad
1191 3094 1346 3163 maiorem
1361 3094 1410 3164 rei
1427 3095 1500 3164 eui-

362 3202 513 3272 deneiam
537 3204 614 3270 uiua
639 3201 801 3271 relacione
826 3201 990 3290 pateieeit,
1023 3203 1215 3272 confirmare
1239 3202 1362 3289 pietate
1392 3203 1501 3272 solita

362 3311 581 3398 dignaremur.
605 3310 675 3378 Nos
690 3311 791 3396 igitur
804 3310 900 3379 iustis
924 3310 1107 3398 petenoium
1124 3309 1297 3396 desiderijs
1317 3328 1501 3379 ”sonsum

361 3420 537 3510 prebentes
547 3417 745 3506 etfauorem,
763 3419 976 3488 oollaoionem
986 3419 1052 3487 iam
1062 3418 1246 3506 distamus
1260 3419 1500 3504 ullisvnquam

362 3527 563 3615 temporibus
578 3546 638 3615 per
654 3529 840 3616 quempiam
864 3529 899 3595 in
915 3527 1039 3596 irritum
1060 3534 1160 3614 queat
1174 3528 1357 3613 retraetari,
1372 3527 1502 3597 litteris

362 3635 570 3724 presentibus
593 3641 627 3703 et
642 3636 806 3723 dupplieis
821 3636 922 3722 sigilli
936 3637 1041 3705 nostri
1055 3637 1233 3706 munimine
1248 3635 1399 3704 duximus
1415 3656 1500 3706 eon·

360 3743 562 3814 firmandam.
594 3747 715 3812 Datum
740 3765 826 3812 anuo
852 3745 1023 3814 Dominioo
1047 3743 1292 3814 lnearnaeionis
1315 3743 1501 3815 millesimo

361 3851 900 3940 ducentesimoquadragentasimo
918 3853 1068 3940 septimo,
1087 3851 1317 3922 terciodecimo
1327 3851 1501 3924 kalendas

358 3961 569 4050 Septembris,
584 3959 690 4046 Regni
705 3967 815 4030 autem
830 3960 934 4030 nostri
949 3979 1036 4028 anno
1052 3959 1255 4029 duodeaimo.

358 4155 499 4224 (Eredetie
512 4155 687 4226 bbrhbrtpffl,
707 4157 832 4226 meiyneir
844 4156 966 4225 poeaitJ‘e
977 4155 1036 4210 mbr
1048 4157 1187 4224 elvesastt,
1204 4175 1280 4224 ans.
1286 4159 1386 4227 Abaffy
1398 4160 1504 4216 ostiari

628 4247 814 4303 levblttrbban
826 4247 949 4304 aenean
962 4233 1036 4304 lava
1048 4247 1218 4319 aegytum.)

778 4537 1044 4553 Μ
