3148 5156
841 279 998 385 „Q

273 487 277 498 ’
359 482 393 547 in
419 479 587 549 comitatu.
608 477 830 547 Ohanadiensi
856 478 1050 562 existentem
1086 478 1164 543 item
1189 477 1429 562 Pangraehfaia
1454 485 1488 544 et

360 587 617 656 Ohenkewreme
641 586 792 654 similiter
816 606 920 673 prope
935 586 1113 654 Morusium
1141 586 1175 652 in
1192 584 1355 654 comitatu
1371 584 1487 650 Orodi·

360 695 431 761 ensi
446 696 635 762 adiacentes
645 695 723 780 filijs
739 703 771 762 et
783 693 955 780 nepotibus
964 693 1162 761 Kelemenns
1173 693 1256 759 Bani
1276 692 1486 780 pertinerent.

359 804 441 870 Item
457 803 533 888 filijs
549 802 668 890 Waffa,
690 801 828 870 Chanad
852 800 1014 886 videlieet,
1041 801 1187 868 Barlaba
1212 809 1245 868 et
1259 801 1424 887 Philippo,
1453 809 1486 867 et

361 930 472 978 eorum
497 911 574 996 filijs
598 909 752 996 predictis
769 928 872 997 prope
887 909 1064 976 Morusium
1089 915 1165 976 sunt
1188 909 1267 976 ville
1286 909 1486 996 pertinentes

359 1019 522 1085 Thambes
538 1017 662 1085 seiliaet
678 1038 751 1084 eum
767 1017 872 1084 tribus
887 1016 1034 1103 eoelesijs
1050 1021 1082 1084 et
1096 1015 1199 1083 tribus
1209 1015 1409 1084 sessionibus
1423 1015 1484 1081 vii·

360 1125 476 1211 larum,
489 1127 566 1193 item
576 1125 808 1195 monasterium
818 1126 920 1193 Beate
928 1125 1070 1211 Virginis
1081 1124 1114 1190 in
1125 1123 1400 1192 insulaThembes
1411 1144 1486 1191 eum

359 1231 528 1317 piseatura
544 1233 586 1300 de
601 1233 681 1300 ioris
700 1252 813 1300 vorsus
839 1251 989 1318 eampum
1005 1231 1231 1318 existentibus,
1246 1231 1325 1297 item
1346 1230 1486 1297 Dedem-

360 1357 433 1426 aug,
449 1341 526 1408 item
537 1340 730 1424 Olwelnwt,
747 1339 824 1408 item
835 1341 1043 1424 Wossontho,
1060 1341 1138 1408 item
1153 1339 1341 1424 Borumlok‚
1357 1339 1435 1405 item
1452 1339 1487 1404 in

360 1467 476 1534 eampo
494 1467 607 1516 versus
623 1449 764 1514 Zaraaer
779 1447 996 1530 Zemekhaza,
1023 1446 1101 1514 item
1118 1445 1247 1530 deas‚
1273 1445 1351 1512 item
1366 1443 1487 1512 Bolnh-

360 1556 465 1623 kerek
483 1575 555 1623 oum
572 1557 699 1624 duabus
725 1556 925 1623 sessionibus
948 1557 1109 1640 villarum,
1135 1555 1212 1622 item
1228 1551 1487 1622 Therimtbelwk

360 1685 432 1731 oum
449 1663 592 1750 quinque
617 1663 820 1732 sessionibus
837 1663 997 1748 uillarum,
1023 1665 1102 1730 item
1118 1665 1205 1732 Beeb
1222 1682 1294 1730 oum
1315 1661 1438 1728 tributo
1455 1667 1488 1726 et

360 1773 530 1857 piseatura
545 1771 623 1855 suis,
649 1771 726 1838 item
743 1771 929 1838 szkener
952 1769 1019 1837 alio
1035 1771 1166 1838 nomine
1183 1767 1425 1854 Woffayllesse‚
1456 1773 1489 1832 et

360 1879 520 1946 medietas
530 1877 608 1945 villo
618 1879 744 1963 Rabay,
754 1879 832 1946 item
842 1879 1039 1964 Kywolkau,
1050 1881 1128 1946 item
1137 1875 1386 1962 wegrunnan,
1406 1875 1489 1941 item

360 1985 552 2069 Weresdnb,
568 1985 646 2050 item
655 1985 856 2070 Zwrakrew,
871 1988 948 2052 item
963 1985 1176 2069 Karthegbaz‚
1197 1985 1274 2050 item
1283 1981 1487 2068 oweghaa,

362 2091 441 2158 item
452 2089 602 2174 Zeehien,
615 2091 694 2158 item
703 2091 906 2176 Fayreghan,
924 2094 1001 2158 item
1011 2091 1160 2174 Nadasd,
1177 2089 1256 2157 item
1266 2089 1486 2170 Feketteuia,

361 2197 439 2262 item
455 2195 630 2281 Puklussy,
646 2198 724 2264 item
733 2197 883 2283 Feyrwh‚
900 2197 977 2264 item
993 2197 1063 2264 alia
1078 2195 1238 2264 medietas
1254 2196 1332 2262 ville
1342 2193 1488 2262 Cbawas

361 2303 511 2371 similiter
526 2324 598 2371 oum
615 2305 741 2372 duabus
757 2304 838 2373 rotis
854 2305 1110 2374 molendinorum
1130 2311 1162 2372 et
1178 2303 1354 2371 medietate
1371 2301 1489 2368 tributi

361 2432 381 2477 a
397 2418 491 2497 parte
508 2411 647 2480 eooleaie
662 2412 775 2480 Sancti
785 2413 873 2480 Petri
889 2431 961 2480 eum
978 2413 1094 2480 eadem
1110 2411 1259 2498 eeclesia,
1277 2417 1310 2478 et
1326 2408 1489 2476 medietas

359 2521 439 2587 ville
455 2520 656 2588 Kalanteiuk
679 2521 772 2588 iuxta
787 2521 914 2588 Borsua
937 2543 1009 2589 eum
1026 2541 1091 2588 una
1106 2527 1179 2590 rota
1194 2519 1382 2587 molendini.
1408 2517 1489 2584 Pos-

361 2632 527 2698 sessiones
552 2649 640 2714 vero,
666 2651 729 2715 que
745 2639 911 2700 cesserant
934 2651 992 2698 seu
1008 2637 1226 2716 prouenerant
1249 2629 1284 2694 in
1299 2628 1489 2714 porcionem

361 2739 475 2822 Magni
485 2738 631 2824 Philippi
647 2738 705 2823 tilij
717 2739 865 2824 Belenyg
880 2739 1013 2805 maioris
1029 2736 1141 2803 fratris
1157 2735 1333 2804 eorundem
1344 2733 1490 2801 fitiorum

361 2843 531 2930 Belenigh,
558 2843 613 2926 qni
638 2843 709 2910 sine
733 2845 852 2912 herede
871 2844 1010 2914 decessit
1034 2845 1069 2911 in
1093 2843 1242 2932 partibus
1257 2839 1491 2907 'Pransilnanis

363 2957 438 3017 sunt
453 2949 532 3035 hee;
559 2949 683 3016 scilieet
698 2952 879 3037 Zentkyral
908 2972 980 3019 oum
995 2951 1082 3018 villis
1107 2950 1210 3018 adse
1237 2948 1490 3035 pertinentibus,

363 3059 441 3125 item
449 3057 670 3144 Nagkeohkes
686 3077 759 3125 oum
769 3059 856 3125 villis
873 3059 916 3126 ad
933 3079 970 3126 se
986 3058 1233 3145 pertinentibus,
1254 3056 1331 3122 item
1342 3055 1489 3140 Philwp-

362 3169 459 3234 kwue
475 3166 624 3234 similitor
641 3187 711 3234 eum
725 3167 814 3234 uillis
830 3167 874 3233 ad
890 3187 927 3234 se
942 3167 1189 3253 pertinentibus,
1213 3164 1290 3232 item
1303 3163 1492 3229 Duburdnn

360 3293 433 3341 eum
448 3275 596 3360 pluribus
612 3274 700 3341 villis
715 3273 801 3341 infra
814 3293 891 3341 suas
906 3281 1011 3343 metas
1028 3275 1251 3360 existentibus,
1271 3275 1349 3341 item
1359 3271 1493 3339 deus

361 3388 393 3448 et
409 3381 540 3464 'Phayes
556 3381 706 3448 similiter
734 3401 806 3448 oum
822 3383 970 3468 pluribus
985 3383 1074 3450 villis
1090 3381 1325 3470 pertinentibus
1345 3379 1389 3445 ad
1414 3397 1490 3446 eas·

363 3489 437 3555 dam
453 3487 537 3554 infra
554 3507 631 3556 suas
647 3496 769 3575 metas;
797 3511 880 3576 quas
895 3491 954 3576 filij
973 3511 1012 3557 ao
1028 3495 1163 3578 nepotes
1178 3491 1375 3556 Kelemenns
1391 3485 1493 3568 Bani,

362 3601 395 3661 et
409 3595 465 3680 filij
486 3595 595 3663 Woffa
618 3597 702 3664 inter
725 3617 762 3664 so
787 3597 860 3664 sine
880 3597 1041 3665 diuisione
1057 3597 1245 3664 dimiserunt
1266 3593 1494 3681 possidendas

359 3702 419 3771 tali
436 3701 654 3791 ordinacione,
670 3703 757 3789 quod
771 3705 895 3772 fruetus
912 3713 945 3772 et
959 3711 1136 3792 prouentus
1146 3705 1287 3773 omnium
1303 3701 1495 3789 'possessio-

360 3831 437 3878 num
447 3809 667 3896 predictarum
683 3819 715 3878 et
730 3813 1003 3898 pertinentiarum
1017 3814 1061 3880 ad
1076 3813 1210 3881 easdem
1225 3831 1284 3898 per
1299 3809 1495 3877 duosfami-

360 3917 470 4000 liares,
487 3935 568 3999 quos
584 3918 783 4003 temporibus
806 3919 1022 4006 progressiuis
1037 3940 1100 3988 vno
1117 3937 1278 3987 eonsensu
1293 3917 1337 3983 ad
1352 3917 1417 3982 hoe
1435 3917 1497 3983 de-

359 4025 554 4111 putauerint,
566 4025 770 4112 oolligantur,
787 4034 820 4095 et
829 4029 1043 4113 equanimiter
1050 4028 1135 4096 inter
1142 4028 1233 4114 ipsos
1242 4026 1328 4095 filios
1344 4030 1496 4110 etnepo·

361 4141 411 4199 tes
427 4133 623 4199 Kelemenns
639 4131 722 4201 Bani
740 4139 772 4201 et
788 4134 922 4202 Comitis
938 4135 1046 4204 Woffa
1062 4135 1258 4202 diuidantur.
1275 4135 1357 4201 Item
1373 4153 1500 4200 mona-

360 4241 495 4306 sterium
521 4239 646 4307 Kanisa
671 4261 742 4307 enm
769 4241 857 4309 uillis
883 4242 926 4309 ad
953 4261 989 4309 se
1015 4242 1263 4328 pertinentibus,
1289 4241 1368 4308 item
1395 4241 1501 4308 aliud

360 4345 593 4414 monasterium
609 4349 795 4416 Komenohe
812 4357 961 4416 vocatum
978 4349 1127 4416 similitor
1143 4369 1215 4415 enm
1231 4347 1379 4418 omnibns
1399 4349 1500 4414 utili-

359 4454 483 4521 tatibus
499 4455 543 4521 ad
559 4475 594 4522 se
609 4457 844 4542 pertinentibus
860 4459 894 4523 in
910 4456 994 4524 duas
1010 4465 1120 4544 partes
1146 4458 1279 4544 equales
1296 4455 1502 4542 diuidendo,

361 4559 444 4624 inter
469 4560 551 4627 filios
577 4569 609 4628 et
634 4571 768 4649 nepotes
785 4565 979 4633 Kelemenus
1004 4567 1086 4632 Bani
1110 4587 1150 4633 ex
1167 4585 1232 4634 vna
1256 4571 1360 4653 parte,
1386 4573 1425 4632 at
1454 4587 1504 4634 ex
