3102 5160
779 913 857 982 195.

248 1099 282 1166 A
295 1097 423 1166 vacuos
434 1093 647 1183 kdptudaoauk
661 1093 927 1182 biscopodplcccle,
947 1093 1026 1180 lropy
1041 1092 1143 1158 Jakab
1157 1089 1385 1173 Jciaocaukfia

271 1201 626 1294 bizooyccfdldbt'rtokct
639 1201 760 1287 nejdaek
775 1201 912 1267 Ldra'ucz
928 1197 1160 1288 Tpadoflrioak
1178 1199 1359 1284 citeapedctt

766 1309 865 1375 1248.

358 1508 428 1576 Nos
445 1505 632 1594 Capitulum
647 1503 795 1572 Ecclesic
809 1503 923 1572 Sancti
938 1505 1108 1573 Michaelis
1123 1504 1165 1571 de
1175 1502 1290 1570 Castro
1306 1501 1387 1568 Fer-

252 1637 310 1684 reo
333 1615 482 1684 omnibus
506 1621 617 1682 notum
639 1611 786 1699 facimus,
811 1611 899 1698 quod
915 1613 1075 1698 Georgius
1091 1613 1175 1680 lilius
1190 1611 1297 1696 Wota,
1314 1613 1383 1697 'ly-

254 1722 383 1791 buroius
398 1721 485 1789 filius
500 1723 575 1788 Insc
591 1727 623 1788 et
638 1721 722 1792 Paul
736 1720 822 1787 filius
839 1721 952 1787 Mathe
968 1721 1012 1787 ad
1026 1729 1172 1788 nostram
1187 1719 1384 1786 accedentes

253 1829 459 1918 presenciam
469 1827 608 1915 professi
624 1835 711 1914 sunt,
728 1827 816 1913 quod
832 1827 1094 1912 consanguineus
1104 1845 1223 1913 eorum,
1235 1825 1385 1894 Jacobus

255 1939 381 2006 scilieet
395 1936 481 2004 filius
490 1937 648 2004 Johennis
664 1944 785 2004 terram
800 1956 894 2009 suam
909 1937 1097 2023 empticiam
1112 1956 1154 2004 ex
1170 1942 1265 2022 parte
1280 1933 1386 2001 Endri

257 2044 300 2110 ad
315 2044 423 2129 ipsum
438 2043 625 2110 deuolutnm
650 2041 796 2111 dedisset
811 2063 853 2110 ex
868 2063 979 2111 eorum
1005 2063 1165 2111 consensu
1180 2065 1300 2129 genero
1323 2064 1386 2112 suo

257 2149 438 2218 laurencio
464 2150 590 2216 scilicet
603 2149 670 2217 filio
693 2149 830 2236 rPyrron,
854 2151 1075 2236 relinquentes
1100 2152 1238 2220 eandem
1262 2157 1388 2219 terram

257 2257 323 2346 ipsi
338 2257 519 2327 Laurentio
544 2255 616 2324 sinc
632 2255 894 2326 contrediccione
917 2257 1054 2344 pacifice
1072 2263 1105 2324 et
1127 2265 1286 2346 perpetuo
1310 2280 1388 2327 cum

259 2367 409 2437 omnibus
424 2365 561 2452 editicijs
587 2374 620 2434 et
634 2367 707 2434 loco
721 2365 820 2436 turris
834 2367 1068 2454 possidendam
1081 2394 1089 2454 ;
1106 2369 1232 2437 seilicet
1249 2389 1322 2435 oum
1338 2367 1388 2435 in-

258 2475 341 2559 sula,
357 2473 392 2542 in
407 2493 473 2558 qua
488 2473 593 2542 dictus
608 2473 753 2546 lacobus
777 2475 892 2546 turrim
907 2472 1089 2561 inchoarat,
1113 2475 1161 2542 ita
1176 2475 1263 2558 quod
1279 2475 1389 2542 eciem

259 2581 442 2650 antedictus
458 2581 620 2668 Georgius
642 2601 680 2650 se
695 2581 856 2666 obligauit
870 2581 915 2649 ad
939 2581 1181 2651 inculcandam
1197 2589 1231 2650 et
1245 2583 1389 2650 liberan-

260 2687 336 2754 dam
351 2688 488 2756 candem
503 2695 623 2758 terram
639 2690 682 2756 ab
702 2689 790 2758 omni
804 2689 871 2756 lite.
888 2689 1062 2775 Egreditur
1076 2689 1195 2778 itaque,
1213 2689 1297 2756 sicut
1311 2709 1388 2777 pre·

261 2793 357 2862 dictis
380 2795 460 2863 uiris
475 2797 687 2864 referentibus
713 2795 896 2883 didicimus,
921 2805 1010 2864 terra
1027 2797 1218 2883 supradicta
1242 2797 1285 2864 ab
1299 2815 1390 2881 aqua

260 2905 366 2970 Mirod
389 2922 503 2971 versus
529 2903 696 2971 meridiem
719 2905 780 2978 sub
806 2901 991 2972 molendino
1005 2903 1164 2991 Faroasij,
1188 2905 1315 2973 habens
1338 2899 1400 2971 ibi¹

261 3019 380 3082 metam
395 3011 455 3077 sub
471 3011 559 3098 piro;
579 3010 655 3078 inde
669 3009 775 3079 tendit
788 3008 832 3078 ed
848 3011 1127 3098 septemtrionem,
1144 3019 1176 3079 et
1191 3013 1234 3079 ad
1247 3013 1389 3098 longitu

261 3117 371 3186 dinem
380 3117 608 3202 uniusiugeris
623 3118 723 3185 habet
738 3117 819 3188 dues
829 3125 944 3208 metas,
963 3118 1144 3203 inquorum
1154 3119 1261 3187 medic
1270 3121 1392 3188 transit

262 3229 320 3295 uia
334 3244 473 3312 magne;
499 3225 577 3292 item
593 3225 719 3296 vadens
744 3226 788 3293 ad
804 3227 1066 3313 septemtrionem
1081 3227 1178 3295 unius
1203 3227 1325 3314 ingeris
1344 3231 1392 3296 ad

262 3333 500 3419 longitudinem
523 3333 616 3401 uenit
630 3334 674 3401 ad
688 3355 843 3420 magnum
867 3335 994 3421 collem,
1020 3355 1116 3420 quem
1139 3337 1327 3423 relinquens
1343 3338 1392 3404 ad

263 3443 521 3530 septemtriorem
545 3441 685 3510 flectitur
702 3463 816 3511 versus
842 3443 1000 3510 orientem
1023 3443 1058 3508 in
1082 3445 1138 3512 uia
1163 3445 1207 3512 ad
1232 3447 1392 3532 angulum

263 3549 329 3622 luci
344 3551 379 3617 in
392 3551 458 3618 line
473 3550 553 3617 uillc
577 3550 736 3637 incapite
759 3551 868 3619 fontis.
892 3553 935 3619 Vt
950 3551 1049 3636 igitur
1069 3551 1131 3619 heo
1154 3553 1290 3622 donacio
1315 3563 1393 3622 rata

264 3657 358 3726 sitin
382 3663 575 3746 perpetuum
596 3677 733 3745 presens
757 3659 915 3744 scriptum
940 3658 1136 3726 contulimus
1159 3659 1259 3745 sigilli
1286 3662 1394 3728 nostri

262 3762 374 3832 ledere
385 3765 626 3834 communitum.
650 3767 753 3834 Paulo
770 3766 929 3834 existente
944 3773 1055 3835 nostro
1071 3765 1253 3854 Proposito,
1274 3767 1395 3837 Canto-

263 3873 314 3939 ria
328 3874 475 3960 vaoenia,
492 3871 622 3940 Ombnd
635 3872 786 3960 Custode,
803 3873 966 3960 llymirico
982 3875 1128 3943 Decano.
1147 3873 1242 3942 Anno
1258 3877 1396 3944 Domini

263 3979 577 4049 mccxmvnr.

150 4187 151 4191 ’
265 4175 404 4242 (Eredetie
417 4193 436 4230 a
446 4177 535 4244 llumy
548 4173 641 4230 cautu
653 4175 858 4242 levdltdribsn3
871 4175 1004 4231 mesolata
1013 4193 1030 4230 a
1039 4181 1154 4246 Magyar
1164 4179 1315 4232 Akademia
1328 4177 1398 4234 luda·

660 4270 724 4321 irati
733 4267 998 4336 gydjtemtnytben.)

696 4555 965 4568 ——n-——a—tua-
