3134 5158
631 837 707 908 253.

107 1023 165 1089 lV.
181 1024 262 1090 Beda
277 1024 382 1116 kiaclly
396 1021 527 1110 Gerpely
544 1023 633 1087 Nata
639 1022 755 1106 fldnalr
769 1045 790 1085 a
805 1023 863 1086 teile
878 1022 963 1086 electi
970 1020 1128 1105 sdldelreit
1142 1041 1233 1086 cooa-

406 1134 500 1222 ke'peo
515 1131 551 1218 aij
564 1129 695 1198 tinctor
708 1129 822 1200 rendel.
840 1127 934 1198 1254.

215 1337 298 1405 Bela
313 1339 376 1405 Dei
402 1337 515 1424 gracia
538 1337 713 1422 Hungarie,
740 1337 921 1424 Dalmacie,
948 1335 1093 1420 Groaeie,
1119 1339 1232 1418 Reme,

108 1446 229 1535 Seruis,
248 1445 397 1529 Galliae,
415 1443 836 1530 LodomerieGumauieque
850 1449 920 1512 Rex
937 1444 1086 1514 omnibus
1105 1463 1233 1532 presen-

110 1562 158 1621 tes
184 1551 313 1621 litteras
339 1553 534 1639 inspecturis
559 1553 698 1620 salutem
722 1551 756 1620 in
783 1555 925 1622 omnium
950 1551 1130 1619 Saloatore.
1156 1551 1233 1637 ipsa

110 1663 213 1748 pietas
230 1681 292 1729 nos
308 1661 436 1745 inuitat,
463 1668 500 1728 vt
516 1659 681 1728 subiectos
698 1659 1011 1728 commoderamine
1035 1659 1163 1728 iusticie
1186 1659 1231 1726 io-

109 1789 253 1854 ueamus,
271 1789 332 1836 nec
348 1789 370 1834 a
385 1769 490 1852 Regia
500 1767 700 1836 celsitudine
717 1767 874 1854 procedat
889 1767 1020 1852 iniuria,
1041 1765 1126 1834 vnde
1141 1767 1234 1836 nasci

111 1879 238 1946 iusticia
264 1877 441 1946 consueuit.
468 1875 520 1943 Ad
536 1877 758 1944 uniuersorum
783 1876 881 1962 igitur
906 1875 1058 1945 noticiam
1083 1877 1231 1946 volumus

109 1985 289 2074 peruenire,
316 1982 491 2068 quodcum
518 2003 577 2052 nos
602 1990 708 2051 terras
725 1982 874 2069 Gregorij
892 1983 950 2068 lilij
974 1984 1072 2068 Nata,
1097 2004 1233 2069 quarum

109 2093 240 2162 uomina
257 2097 332 2160 suot
342 2091 480 2176 Gylrew,
492 2093 592 2178 Poya,
604 2092 820 2178 Holosscegh‚
831 2091 1043 2178 Egerpotalra
1058 2093 1101 2159 ad
1117 2091 1234 2178 viginti

110 2202 251 2286 quinque
276 2206 388 2266 aratra
412 2198 620 2284 sufficientes,
638 2199 817 2268 existentes
843 2200 930 2267 inira
954 2207 1096 2268 castrum
1116 2201 1234 2286 Tubul,

111 2309 334 2377 mansionales
360 2305 491 2394 quidem
508 2315 540 2374 et
558 2307 745 2394 populosas,
773 2309 904 2395 abipso
930 2309 1175 2395 recepissemus,
1203 2315 1236 2376 et
1314 2319 1318 2332 “

110 2419 150 2486 ad
166 2417 343 2486 utilitatem
359 2416 458 2484 castri
474 2415 582 2484 Tubal
601 2417 833 2504 perpetualiter
853 2417 1065 2501 dedissemus,
1090 2415 1235 2483 volentes

109 2547 150 2594 cx
165 2525 252 2611 olicij
269 2524 373 2593 nostri
391 2524 512 2608 debito,
539 2543 578 2592 nc
595 2525 745 2609 cuiquam
761 2543 882 2610 graues
896 2525 928 2592 in
946 2543 1006 2592 sua
1023 2522 1154 2592 iusticia
1169 2521 1234 2590 exi·

109 2647 244 2718 omarus,
272 2633 304 2698 in
326 2632 550 2702 concambium
575 2633 751 2700 earundem
777 2641 935 2700 terrarum
963 2632 1050 2700 dicto
1075 2631 1234 2716 Gregorio

109 2743 174 2809 filio
201 2739 300 2823 Nate,
323 2747 427 2807 terras
444 2739 614 2824 quasdam,
641 2740 749 2807 benna
774 2739 899 2808 seilicet
923 2745 955 2806 et
976 2738 1167 2824 Olremema,
1192 2737 1235 2804 ad

109 2850 243 2936 triginta
258 2859 370 2915 aratra
380 2845 587 2932 sufficientes,
604 2848 685 2915 sitas
701 2849 735 2914 in
749 2847 911 2917 comitatu
922 2847 1092 2937 Zemplyn,
1113 2845 1147 2914 in
1166 2846 1234 2931 qni-

110 2959 170 3025 bus
184 2955 321 3042 Mycale
336 2960 369 3020 et
384 2953 558 3039 Noualyad
575 2963 674 3022 antea
690 2956 888 3040 residebant,
914 2972 1036 3023 vacuas
1053 2955 1182 3023 omnino
1202 2963 1235 3023 ct

108 3067 351 3135 habitatoribus
376 3071 538 3150 carentes,
565 3065 627 3132 sibi
644 3073 676 3132 et
692 3085 751 3153 per
776 3085 849 3133 eum
866 3066 935 3134 suis
951 3065 1126 3134 heredibus
1144 3067 1233 3134 here·

14 3173 15 3236 9
106 3177 249 3263 dumque
265 3173 510 3256 successoribus
532 3175 726 3242 contulimus
738 3177 812 3260 jare
830 3181 987 3262 perpetuo
1004 3173 1232 3260 possidendas,

106 3292 137 3352 et
162 3287 272 3372 ipsum
291 3282 485 3369 Gregoriom
510 3283 713 3370 perfidelem
738 3289 883 3352 nostrum
902 3283 1106 3370 Mychaelem
1121 3283 1232 3352 Comi·

106 3403 170 3462 tem
187 3395 230 3462 de
253 3394 356 3460 Serus
381 3391 415 3458 in
438 3393 680 3478 possessionem
697 3393 873 3460 earundem
891 3389 1050 3461 terrarium
1074 3392 1234 3460 introduci

105 3502 244 3571 lecimus
260 3498 474 3585 corporalem.
491 3498 636 3577 Quarum
653 3507 811 3568 terrarum
828 3505 923 3587 mete,
950 3505 1046 3587 prout
1064 3500 1151 3568 idern
1167 3495 1234 3588 lly-

14 3599 15 3648 *
103 3611 200 3679 chael
212 3605 332 3676 Comes
349 3607 444 3674 nobis
460 3606 492 3673 in
509 3609 576 3674 suis
595 3607 712 3676 litteris
728 3608 900 3696 intimauit,
916 3610 978 3678 hoe
995 3609 1108 3678 ordine
1124 3607 1234 3677 distin·

103 3727 236 3805 guntur.
262 3715 373 3782 Prima
390 3721 476 3782 meta
501 3715 616 3802 incipit
633 3735 654 3783 a
670 3722 764 3802 parte
790 3717 940 3786 orientali
965 3719 1007 3786 de
1027 3717 1160 3785 dominc
1176 3715 1233 3784 Lo-

14 3859 15 3912 t
102 3826 215 3911 borch,
233 3831 267 3892 et
278 3823 370 3891 vadit
386 3823 430 3890 ad
440 3825 640 3910 sepulturam
651 3825 882 3912 liuthenorum,
899 3833 932 3893 ct
948 3826 994 3892 ibi
1010 3829 1097 3894 tenet
1113 3831 1233 3892 metam

14 3917 15 3936 ¹
101 3953 176 4001 cnm
193 3933 276 3999 villa
293 3933 433 4017 Peotry;
460 3937 493 3998 ct
509 3932 585 3999 iude
601 3934 709 4001 reniet
724 3934 767 4000 ad
787 3935 919 4003 fluuium
936 3935 1089 4002 Jeaenew
1104 3932 1148 4000 ad
1163 3931 1232 4019 pla·

14 4065 15 4078 ¹
101 4061 178 4128 gam
205 4039 386 4124 meridiem,
413 4049 445 4107 et
467 4039 513 4107 ibi
529 4045 579 4108 est
603 4048 709 4127 meta,
736 4043 812 4112 inde
837 4064 896 4131 per
921 4043 1056 4110 fluuium
1082 4041 1233 4109 Jen'eneot

14 4147 15 4178 ³
101 4149 211 4216 reniet
223 4147 361 4216 mrcnur
378 4165 480 4234 voque
495 4150 638 4217 riuulum
654 4151 803 4238 Hleuna;
826 4151 903 4221 inde
915 4151 1063 4221 ascendit
1082 4150 1233 4239 superius

14 4347 15 4350 Ἴ
104 4257 147 4324 ad
162 4265 317 4342 montem,
346 4255 401 4342 qul
427 4250 546 4324 dieitur
562 4257 676 4339 Berclr,
704 4267 737 4326 et
751 4261 828 4328 inde
844 4259 937 4329 vadit
959 4278 1063 4345 voque
1079 4261 1178 4346 eaput
1194 4257 1233 4324 ri-

14 4393 15 4444 1
105 4366 172 4431 unli
189 4367 316 4452 Henna,
345 4371 377 4431 et
402 4364 449 4430 ibi
474 4371 564 4431 tenet
588 4372 708 4433 metam
734 4387 806 4435 eum
831 4369 932 4455 Sopol
949 4366 1083 4452 comite,
1110 4373 1142 4433 et
1157 4367 1233 4433 inde

107 4474 215 4540 reniet
230 4471 273 4540 ad
291 4479 420 4560 partem
446 4472 681 4542 occidentalem
698 4474 742 4542 ad
758 4483 857 4566 capot
880 4475 978 4546 riuuli
995 4476 1174 4561 Gemerna3
1201 4481 1233 4542 ct

110 4577 184 4646 inde
196 4581 302 4650 tendit
317 4580 362 4647 ad
379 4588 476 4665 capot
492 4581 598 4666 riceii,
615 4584 670 4666 qui
687 4582 805 4654 dicitnr
820 4585 1016 4670 souspotok,
1035 4589 1070 4653 et
1084 4583 1128 4651 ibi
1141 4589 1232 4648 tenet
