3112 5148
593 861 668 932 luo.

75 1031 175 1098 Irtuo'n
200 1029 445 1116 orrzripbs'ro'nuk
460 1053 481 1094 o
496 1029 575 1095 tired
590 1029 724 1114 fizetese't
748 1033 900 1116 tdrppuzd
923 1031 1018 1096 ababuc
1043 1029 1198 1116 capimur

292 1139 415 1227 piapb'k
430 1144 460 1203 e's
476 1163 496 1204 a
510 1140 651 1224 ruzwupi
667 1139 759 1224 capelo
774 1139 850 1206 ludat.
871 1139 966 1206 1245.

171 1297 242 1366 Nos
257 1299 442 1385 Stephanus
459 1300 542 1366 Aule
557 1299 660 1384 Regio
675 1297 793 1384 Jndcx,
811 1300 927 1369 Comes
943 1301 1129 1384 Nitriensis,
1153 1299 1193 1368 si-

7 1439 8 1450 *
72 1407 259 1490 guiliermus
285 1407 437 1475 omnibns
467 1413 650 1494 presentem
675 1407 832 1495 paginam
857 1410 1073 1495 inspecturis,
1105 1408 1193 1495 qnod

7 1547 8 1590 3
70 1516 225 1600 liegistro
242 1516 371 1582 Peccba
387 1513 551 1583 Canonico
577 1535 616 1582 ac
632 1523 843 1600 procuratore
867 1517 1065 1586 venerabilis
1089 1517 1191 1604 putris

7 1597 9 1734 i
70 1622 170 1690 Adam
188 1623 345 1708 Episcopi
363 1623 548 1707 Nitrieusis,
568 1629 600 1688 et
615 1624 745 1710 populis
761 1625 802 1692 dc
819 1626 962 1710 Raawag
980 1625 1087 1694 (lustri
1102 1625 1192 1692 llin-

7 1739 8 1770 ³
69 1729 245 1798 cbiniensis
274 1731 307 1796 iu
323 1730 426 1797 nostri
446 1729 615 1816 presencia
641 1732 836 1816 constitutis,
862 1740 1052 1817 procurator
1077 1753 1192 1820 propo-

69 1841 126 1906 suit
141 1837 342 1924 antedictus,
370 1837 457 1922 quod
474 1857 547 1904 cum
562 1837 624 1925 ipsi
652 1840 763 1928 populi
779 1839 910 1908 domino
929 1861 988 1908 suo
1015 1850 1192 1909 memorato

69 1948 229 2034 Episcopo
245 1949 291 2014 ad
306 1949 427 2016 iustam
452 1948 649 2017 solucionem
666 1955 852 2017 tenerentur
866 1949 1075 2035 decimarum,
1097 1971 1133 2019 se
1148 1952 1191 2018 ab

67 2055 120 2122 bac
136 2056 310 2125 solucione
335 2057 473 2123 nitentes
489 2057 663 2144 retrabere,
689 2058 792 2126 iustas
808 2059 952 2128 decimas
978 2059 1188 2145 denegarent.

7 2179 8 2228 l
67 2165 111 2230 ld
125 2165 216 2248 quod
236 2163 287 2230 illi
303 2164 544 2249 respondentes,
571 2185 636 2232 non
654 2163 697 2230 ud
716 2164 872 2233 iustarum
896 2166 1104 2251 decimarum,
1131 2167 1190 2234 sed

66 2273 103 2338 ad
118 2273 273 2339 binarum
291 2271 494 2340 solummodo
511 2272 715 2359 cupeciarum
733 2272 779 2348 de
790 2275 936 2358 qualibet
951 2275 1122 2344 mansione
1140 2296 1189 2342 so·

65 2383 222 2448 lnciouem
246 2379 417 2448 annuatim
433 2401 469 2448 se
484 2380 603 2447 debere
627 2381 739 2466 teneri,
762 2382 957 2449 unanimiter
976 2381 1187 2450 affirmarunt.

7 2493 8 2568 ζ
65 2489 201 2567 Quorum
220 2488 333 2571 itaque
358 2487 534 2574 propositis
552 2489 600 2554 sic
617 2487 747 2575 auditis,
765 2489 848 2556 sicut
865 2489 944 2556 ordo
964 2488 1076 2555 iudicii
1091 2489 1187 2573 depo-

65 2596 180 2680 scebat,
198 2594 408 2681 procuratori
434 2600 670 2680 premcmoralo
686 2615 782 2681 super
798 2595 859 2664 hcc
883 2593 1115 2684 probaeioncm
1131 2593 1186 2660 du-

7 2699 8 2702 ’
64 2704 161 2770 rimus
176 2699 402 2768 indicendam.
428 2701 493 2768 Die
509 2711 616 2770 autem
633 2702 676 2770 ad
692 2705 752 2770 boc
769 2711 890 2772 statuto
911 2703 1096 2786 accedente,
1114 2722 1185 2768 cum

8 2817 9 2886 l
64 2813 177 2896 pluries
193 2817 305 2878 tactum
322 2819 514 2898 procurator
541 2832 599 2898 per
615 2813 743 2879 testium
760 2811 1008 2899 produocionem
1029 2820 1116 2880 esset
1130 2829 1187 2900 pu·

8 2983 9 2996 ,
62 2931 142 2988 ratus
168 2919 437 3006 adprobandum
464 2939 555 2987 suum
581 2923 792 3009 propositum,
818 2929 885 2988 tam
900 2923 971 3008 ipsc
987 2927 1184 3006 procurator,

8 3021 10 3078 l
64 3049 150 3113 quarn
168 3027 276 3095 eciem
292 3029 404 3116 sepius
421 3027 577 3094 nominati
592 3029 703 3115 populi
719 3051 740 3096 a
755 3029 849 3098 nobis
865 3030 1029 3100 humiliter
1045 3031 1185 3116 postula·

62 3143 137 3218 runt,
163 3143 200 3202 ut
217 3136 311 3223 ipsos
338 3135 382 3202 ad
398 3135 668 3220 composicionem
693 3137 950 3221 permitteremus
977 3140 1063 3206 inter
1079 3157 1125 3224 se,
1156 3139 1183 3204 si

8 3237 9 3330 ἶ
62 3243 266 3329 responset,
284 3243 501 3310 amicabiliter
516 3242 741 3312 ordinandam.
759 3245 832 3324 Qua
845 3244 945 3332 igitur
958 3245 1182 3334 postulacione

8 3411 10 3462 ι
61 3351 282 3419 incurabiliter
307 3349 463 3434 admissa,
486 3372 562 3418 cum
587 3351 649 3438 ipsi
669 3353 711 3418 ud
736 3373 796 3420 nos
821 3353 984 3439 pacificati
1009 3333 1183 3422 rediissent

8 3463 9 3502 ἑ
61 3459 212 3541 pristaldo
232 3465 344 3526 nostro
361 3457 486 3526 Comile
499 3459 614 3544 bloysu
630 3459 671 3526 de
688 3459 786 3526 Bortb
813 3459 986 3544 mediante,
1010 3460 1180 3548 sepissime

8 3577 9 3654 p
61 3567 128 3634 dicti
157 3567 275 3655 populi
301 3575 412 3634 contra
428 3567 493 3632 iam
517 3569 680 3652 prelatum
700 3566 897 3654 Episcopum
922 3589 959 3635 se
974 3569 1079 3637 minus
1098 3567 1182 3638 iuste

60 3675 255 3758 processisse
267 3679 511 3758 cognoscentes,
529 3693 565 3740 sc
581 3673 737 3759 deinceps
747 3673 791 3740 ad
807 3675 965 3741 iustarum
983 3675 1179 3742 decimarum

8 3771 9 3846 l
60 3783 253 3852 solomonem
265 3781 401 3869 pacifice
411 3782 595 3850 laciendum
607 3801 716 3850 coram
728 3782 822 3848 nobis
839 3782 972 3850 firmiter
982 3783 1177 3868 obligarunt.

60 3889 96 3956 [t
110 3899 222 3958 aulem
241 3890 339 3957 buius
354 3889 401 3956 rei
416 3890 520 3957 series
545 3891 641 3956 salua
656 3905 784 3975 semper
800 3896 832 3955 ct
849 3887 1041 3956 inconcussa
1056 3909 1178 3974 perma-

59 4011 133 4084 neat,
153 4013 186 4067 et
203 4021 248 4068 nc
264 4018 405 4084 unquam
419 3999 462 4065 ub
478 3998 545 4065 ullo
562 4017 696 4083 prorsus
712 3997 875 4064 bominum
891 4005 989 4082 queat
1005 3997 1037 4062 in
1053 3994 1176 4064 irritum

59 4109 210 4194 reuocari,
238 4117 406 4194 presentes
433 4105 652 4174 concessimus
676 4106 805 4174 litteras
821 4107 853 4172 in
872 4115 1095 4191 argumentum
1112 4127 1177 4173 am·

61 4217 166 4299 plicris
191 4214 269 4283 fidei
285 4214 389 4300 sigilli
414 4214 516 4282 nostri
538 4215 714 4281 munimine
739 4215 918 4282 roboratas.
945 4213 1066 4280 Datum
1090 4233 1177 4280 auno

61 4323 223 4390 Dominice
237 4321 481 4390 incarnacionis
497 4324 543 4389 Μ’
554 4321 618 4389 000
628 4323 700 4388 XL⁰
711 4323 760 4388 V⁰.

71 4466 185 4520 Eredstis
205 4461 383 4531 bb'rbbrtydn,
403 4483 419 4516 a
431 4465 655 4532 bbrtyuzsinegou
675 4462 889 4533 stiggbttpeesbt
902 4469 1040 4528 otvssrau,
1060 4484 1077 4520 e
1096 4469 1177 4522 budui

420 4556 470 4606 kir.
485 4557 604 4609 kamarai
619 4553 807 4621 lsvbltu'trban)

476 4697 749 4712 m
