3134 5150
581 246 741 346 -¹.⁷....

108 439 236 506 fideliter
251 439 438 524 remittatis,
456 441 578 526 pretixo
594 441 742 526 partibus
756 443 895 509 termino
910 443 1129 529 peremptorio
1141 461 1226 508 com·

108 545 230 634 petenti,
257 567 321 630 quo
336 567 398 633 per
414 567 453 614 se
478 556 534 614 aut
546 555 774 634 procuratores
796 548 933 616 idoneos
949 555 1160 636 compareant
1175 568 1226 616 co

106 675 166 720 ram
184 655 291 734 uobis,
315 654 438 721 iustam
455 661 586 721 auctore
597 657 736 723 Domino
752 659 946 723 sententiam
962 663 1140 744 receptura.
1165 657 1225 724 Oe·

107 773 202 830 terum
217 763 246 830 si
263 763 455 830 alterutram
480 764 622 848 partium
638 763 871 830 contumaciter
896 766 1014 832 abesse
1041 765 1224 851 contigerit,

104 893 154 940 ros
167 871 397 938 nichilominus
413 870 447 936 in
463 871 535 956 ipso
552 872 680 954 negotio
699 870 877 938 seeundum
893 871 1032 939 formam
1047 872 1141 940 robis
1157 881 1223 940 tra·

105 980 195 1046 ditum
219 977 421 1064 procedatis,
447 979 630 1062 processuri
656 985 734 1043 ante
755 977 866 1044 omnia
890 978 925 1043 in
952 979 1127 1046 securitate
1151 998 1223 1067 pre

104 1086 210 1152 stands
226 1085 326 1152 dictis
343 1086 380 1150 P.
398 1094 429 1151 et
443 1084 707 1170 prosecutoribus
723 1084 895 1152 electionis
909 1085 1064 1172 eiusdem,
1085 1093 1118 1154 et
1132 1089 1224 1155 resti·

104 1197 216 1262 tuticne
233 1195 349 1262 debita
365 1197 612 1279 subtractorum,
640 1213 681 1258 ac
695 1195 857 1261 solutione
871 1213 1090 1279 expensarum
1105 1193 1224 1262 lacien-

105 1301 148 1367 dis
161 1301 342 1367 seeundum
356 1301 559 1366 taxationem
574 1299 715 1385 predicti
731 1300 888 1386 Episcopi
903 1301 1086 1367 Penestriui
1101 1300 1224 1368 factam

104 1409 297 1492 inUngaria,
315 1413 348 1474 et
363 1411 450 1493 apud
467 1409 585 1474 Sedem
596 1406 821 1494 Apostolicam
836 1409 1064 1494 approbatam,
1080 1409 1223 1494 proviso,

102 1535 137 1582 ue
152 1518 208 1582 sub
233 1517 338 1584 dubio
363 1517 432 1582 litis
458 1521 575 1581 eventu
604 1516 719 1581 eadem
743 1515 893 1584 Ecclesia
909 1516 1067 1582 bonorum
1092 1533 1223 1582 suorum

105 1623 256 1690 sustineat
283 1623 462 1706 lesionem,
488 1630 520 1687 et
536 1622 565 1688 si
582 1621 721 1689 eundem
737 1623 774 1688 B.
790 1622 979 1698 inveneritis
1004 1619 1045 1686 de
1065 1619 1223 1706 dilapida-

104 1731 181 1797 tione
196 1737 289 1796 certa
304 1730 433 1796 ratione
448 1736 644 1813 suspectum,
661 1727 769 1812 ipsum
786 1729 828 1794 ab
839 1725 1132 1795 amministratione
1146 1736 1224 1794 tem·

104 1838 254 1922 porslium
272 1836 502 1922 suspendatis,
529 1833 795 1918 contradictores,
821 1835 929 1919 siqui
953 1833 1082 1920 fuerint,
1108 1835 1162 1900 vel
1176 1853 1223 1900 re

106 1945 205 2028 ledes,
230 1963 294 2030 per
309 1962 481 2008 censuram
507 1941 764 2007 ecclesiasticam
780 1940 841 2006 sub
856 1941 1050 2025 Apostolica
1074 1940 1226 2008 obedien·

104 2053 144 2116 tia
166 2047 415 2135 compescendo.
442 2046 538 2124 Quod
564 2046 593 2112 si
616 2067 682 2112 non
705 2063 828 2128 omnes,
855 2053 901 2130 tu,
925 2045 1027 2112 trater
1051 2045 1225 2132 Episcopo,

105 2179 168 2224 cum
193 2177 306 2225 eorum
323 2157 428 2222 altero
453 2161 513 2222 cto.
539 2155 662 2220 Datum
678 2155 781 2219 Reate
796 2152 884 2220 VIII.
905 2151 1068 2219 kalendas
1083 2153 1227 2240 Septem·

106 2265 164 2332 tris
179 2263 407 2352 (Pontificatus
422 2259 539 2349 nostri)
555 2280 642 2327 anno
658 2259 794 2328 decimo.

101 2463 219 2539 (Theiner
234 2462 273 2513 id.
286 2477 322 2512 m.
336 2457 359 2512 1.
372 2460 433 2511 ket.
448 2459 508 2514 118.
520 2459 539 2510 1.
561 2459 635 2510 uzon
648 2455 731 2526 papai
743 2456 882 2510 brevdnelr
902 2453 1047 2508 lrivonatdt
1060 2455 1133 2508 letali
1144 2452 1226 2520 chtr

451 2549 665 2616 cod.Dip1.1v.
679 2549 705 2598 lr.
720 2553 744 2600 1.
758 2564 779 2598 r.
793 2549 836 2598 38.
849 2545 878 2614 l.)

532 2815 791 2828 ..u—*—

635 3294 689 3359 lo.

23 3463 24 3487 ¹
109 3482 314 3572 Acustprdmc'
329 3475 552 3566 kdptalunauk
562 3469 831 3560 bizonpsdplevcle,
846 3469 926 3556 kopp
937 3467 1050 3554 (doque
1060 3463 1226 3532 Ja'nosnuk

102 3591 144 3672 fia
164 3595 194 3658 te
211 3588 417 3657 erdelttdrsat'
439 3585 574 3672 Lyndou
599 3581 737 3645 birtokdt
760 3577 879 3642 Hotolt
904 3574 1061 3640 comesnclt
1086 3571 1225 3642 eludtttk.

613 3689 712 3752 1236.

202 3892 395 3982 Capitulum
404 3879 681 3971 Uvesprimiensis
691 3877 839 3944 Ecclesia
848 3873 1010 3943 uniuersis
1019 3873 1147 3938 litteras
1158 3889 1227 3954 pre-

108 4011 203 4070 sentes
218 3996 418 4087 inspecturis
438 3993 577 4060 salntem
597 3989 631 4054 in
646 3985 785 4065 Domino
802 3986 882 4052 Jesu
897 3981 1034 4049 Christo.
1058 3979 1096 4043 In
1113 3981 1227 4042 nostra

107 4112 291 4180 constitutus
309 4102 481 4192 presencia
506 4101 633 4182 Gogan,
650 4093 810 4162 lobannis
834 4091 921 4156 tilius
946 4086 988 4152 de
1003 4085 1083 4152 villa
1102 4082 1175 4168 Oia,
1193 4092 1226 4150 et

107 4227 253 4302 cognatus
281 4214 353 4280 eius
369 4209 458 4294 Jula,
478 4205 603 4271 Bulchv
629 4202 713 4268 filius
740 4200 780 4265 de
800 4197 881 4263 villa
896 4190 1086 4274 Zebuchlra,
1111 4210 1227 4276 propo·

107 4335 237 4408 suerunt,
264 4319 355 4408 quod
379 4317 443 4404 ipsi
460 4311 642 4380 voluntarie
668 4315 701 4374 et
719 4307 811 4373 nulla
829 4300 1023 4370 chouocioue
1047 4297 1223 4386 mediante,

29 4467 30 4470 ¹
107 4443 215 4500 terram
230 4427 399 4516 quandem
409 4421 580 4509 Lynduam
596 4415 735 4497 nomine,
755 4431 828 4478 oum
840 4413 978 4494 quatuor
986 4405 1102 4491 vincis,
1118 4426 1226 4473 nemo·

106 4543 195 4632 ribus,
210 4537 360 4627 clrybrijs
377 4555 398 4600 a
413 4529 551 4615 singulis
567 4525 674 4592 uineis
690 4523 723 4589 in
740 4530 826 4589 terra
842 4519 914 4586 sitis
931 4516 1046 4583 eadem
1063 4514 1104 4579 ds
1118 4513 1226 4598 patrie

1045 4629 1064 4684 1

141 4680 240 4717 lom.
256 4675 343 4714 111116.
359 4671 429 4706 lim.
444 4675 479 4686 ···
492 4664 563 4700 ΜΠ..
579 4655 612 4692 12,
