3102 5160
543 325 696 426 gor-

51 521 158 586 tuerit
173 519 344 588 indefesse
370 541 410 588 ae
426 529 611 588 reuerenter
627 529 795 606 tamquam
812 522 924 607 fratri;
952 541 1011 590 nos
1028 541 1100 588 eum
1116 527 1184 587 tam

51 631 184 696 racione
199 630 508 715 consanguinitatis,
525 651 622 717 quam
639 651 699 718 pro
712 631 1019 718 recompensacione
1035 629 1184 697 seruicia-

51 759 117 804 rum
137 757 287 822 suornm,
305 738 348 805 de
356 740 621 825 possessionibus
637 741 757 810 nostris
767 741 960 828 participem
976 740 1046 806 fore
1056 739 1184 825 cupien-

49 857 105 930 tes,
128 847 198 912 dno
215 844 334 931 predic
350 852 472 932 nostra,
489 865 625 932 quorum
641 848 780 916 alterum
795 849 1132 934 Symonnuneupatus
1148 845 1182 910 in

50 955 218 1022 Comitatu
234 951 442 1021 Gumuriensi
460 955 552 1022 iuxta
567 955 702 1022 fluuium
718 985 762 1004 -ι
777 993 821 1004 -
837 961 927 1022 stens
944 974 985 1021 ex
1000 955 1106 1040 Regia
1121 955 1183 1020 ool-

50 1063 180 1130 laeione
196 1063 406 1148 acquisitum,
423 1063 572 1148 abaliud,
589 1064 678 1149 quod
694 1064 834 1132 Oumbul
850 1069 984 1132 vocatur
1004 1065 1089 1130 vltra
1106 1062 1184 1129 Ora·

51 1193 134 1237 nam
151 1189 259 1256 prope
269 1169 368 1237 Noak
384 1171 492 1256 situm,
509 1169 595 1254 quod
608 1171 788 1259 emptionis
803 1173 909 1256 tytulo
925 1169 1182 1256 possidebamus,

51 1281 111 1346 sibi
128 1286 166 1346 et
180 1299 243 1364 per
257 1299 332 1346 eum
357 1281 426 1348 suis
442 1281 616 1350 heredibus
641 1281 861 1366 heredumque
877 1279 1121 1348 suecessoribus
1141 1300 1182 1346 ex

50 1397 163 1456 nostro
179 1388 388 1474 beneplacito
404 1397 437 1456 et
452 1409 610 1458 consensu
625 1389 820 1457 contulimus
839 1393 997 1475 perpetuo
1013 1387 1182 1474 possiden·

50 1499 101 1563 da.
129 1497 174 1562 Vt
194 1503 305 1564 autem
320 1498 381 1565 hec
396 1518 417 1564 a
434 1499 529 1568 nobis
554 1496 662 1566 eidem
678 1496 767 1564 faeta
791 1497 930 1565 eollueio
955 1496 1182 1583 inperpetuum

51 1613 251 1689 perseueret,
268 1623 329 1671 neo
345 1625 404 1692 per
428 1607 614 1693 qnempiam
632 1625 857 1674 suceessorum
872 1611 1056 1673 nostrorum
1078 1603 1184 1692 possit

52 1713 228 1779 inirritnm
253 1713 414 1799 reuocari,
440 1720 605 1801 presentes
630 1713 756 1782 litteras
782 1713 930 1780 dedimus
955 1712 1057 1797 sigilli
1081 1713 1182 1780 nostri

52 1822 231 1889 munimine
247 1823 432 1890 roboratas.
449 1823 571 1890 Datum
587 1843 673 1891 auno
690 1821 800 1908 gracie
816 1824 862 1889 Μο
871 1820 1090 1888 ducentesimo
1106 1840 1181 1906 qua·

53 1931 239 2015 dragesimo
256 1932 408 2017 septimo,
429 1931 527 1998 tercio
544 1950 647 2000 nonas
664 1931 814 2016 Augusti.

54 2133 108 2192 [Ν.
120 2129 189 2183 Belo
201 2127 349 2197 kirrllynalr
368 2145 531 2198 ugyanazon
544 2130 589 2182 dvi
600 2127 763 2198 mogerbsltb'
777 2126 1021 2198 privilegiumbbbl
1045 2130 1111 2178 mint
1126 2130 1181 2178 len-

514 2219 717 2287 tebb155.sz.)
774 2281 775 2284 Ἴ

490 2499 751 2512 Μ

582 2953 659 3024 ltu.

60 3136 88 3200 T
86 3139 189 3224 opole
205 3136 307 3203 Jakab
331 3138 478 3203 celenezoc'
500 3139 578 3224 cloga
602 3137 786 3202 iowebdeoc
800 3139 944 3223 biscopes
962 3138 1076 3222 jadrae
1090 3137 1181 3202 toldelo

59 3247 249 3333 “impubem
274 3245 389 3331 melyeb
412 3268 450 3309 oz
475 3247 574 3314 odoni
595 3243 904 3311 Domookosreudcieb
928 3246 1079 3311 boloetoro
1102 3247 1182 3312 alal

452 3352 666 3419 kdveteltetaek.
687 3349 783 3418 1247.

2 3573 3 3628 l
153 3547 300 3617 Jaeobns
315 3547 503 3635 Theupolus
526 3548 589 3616 Dei
613 3549 725 3634 macie
740 3549 967 3637 venetiarum,
992 3550 1179 3618 Dalmatiae

2 3645 3 3654 ’
57 3665 144 3742 atque
161 3655 318 3725 Oroatiae
335 3658 421 3741 Dux,
441 3656 600 3726 Dominus
620 3663 755 3742 quartae
775 3659 879 3744 partis
903 3664 935 3726 et
960 3657 1118 3726 dimidiae
1133 3666 1180 3728 to-

56 3767 107 3834 tins
126 3766 266 3853 Imperii
282 3767 472 3851 Romaniae‚
489 3765 653 3835 nobilibus
673 3773 705 3833 et
729 3767 936 3853 sapientibus
956 3767 1036 3835 viris
1051 3770 1179 3853 Angelo

57 3873 243 3942 llauroeenc
263 3879 296 3941 et
311 3875 380 3941 eius
399 3872 604 3943 Conciliariis
619 3875 745 3943 Marino
769 3877 984 3960 Menoeceo,
1010 3875 1178 3961 Stephano

2 3957 3 4042 l
57 3981 244 4066 lusiniano,
270 3983 434 4068 Raynerio
452 3984 544 4052 Genu
561 3989 594 4050 et
607 3984 728 4051 Joanni
752 3982 792 4051 de
810 3984 936 4070 Canali,
963 3983 1179 4051 ambasciato·

60 4091 135 4157 ribus
152 4091 225 4157 suis
241 4089 370 4158 dilectis
386 4097 418 4158 et
433 4089 586 4158 fidelibus
610 4092 798 4159 salutemet
814 4091 999 4160 dilectionis
1015 4090 1177 4158 affectum.

2 4165 3 4234 ἶ
58 4199 96 4264 Ex
119 4205 218 4284 parte
244 4196 431 4266 Conuentus
456 4198 608 4266 Fratrum
634 4198 899 4268 Praedicatorum
915 4200 965 4282 {de
991 4199 1093 4266 Jadra
1117 4199 1178 4266 luit

58 4325 155 4374 eoram
171 4307 270 4376 nobis
286 4307 473 4393 expositum
488 4307 727 4393 conquerendo,
753 4307 840 4393 quod
855 4309 1081 4377 concessiones
1100 4327 1177 4394 qua·

2 4393 3 4424 ¹
57 4416 180 4482 undam
206 4414 455 4502 posscssionum
480 4414 520 4482 de
535 4415 648 4500 Jadra,
674 4435 756 4499 quas
780 4417 900 4484 nobilis
921 4418 971 4484 vir
987 4419 1178 4488 Leonardus

57 4523 199 4601 Quirinus
215 4532 294 4593 tunc
311 4525 429 4593 (lomes
445 4523 569 4592 Jadrae
584 4524 625 4591 de
640 4531 752 4593 nostro
768 4527 921 4596 mandato
937 4528 1015 4597 feeit
1031 4528 1176 4598 Conven-

2 4701 3 4706 ,
58 4637 92 4700 tui
107 4657 210 4723 supra
225 4636 326 4720 dicto,
344 4640 377 4700 et
394 4653 453 4702 nos
470 4633 676 4720 postmodum
692 4635 791 4702 simili
809 4637 903 4704 modo
922 4637 1028 4706 eidem
1045 4657 1178 4708 eonees·
