3122 5154
575 303 732 407 *Q

103 515 177 570 tores
194 505 333 585 eosdem,
359 509 491 587 reoepto
508 501 549 568 ab
570 502 651 587 ipsis
678 501 887 586 corporaliter
912 501 1101 588 iuramento,
1129 501 1217 585 quod

103 615 173 680 illud
189 614 250 680 sibi
265 613 402 680 fideliter
419 612 645 696 assignabunt,
664 609 815 676 duximus
826 609 1066 692 destinandum,
1083 608 1216 676 utillud

101 722 154 787 tibi
177 721 320 789 eonferat
334 720 395 786 sub
412 720 528 802 torma,
555 739 650 802 quam
669 717 699 784 ei
719 717 778 784 sub
804 717 893 784 bulla
918 724 1034 786 nostra
1058 717 1215 784 mittimus

16 823 17 840 ¹
102 829 306 914 interclusam,
334 837 366 896 et
382 849 403 893 a
417 833 451 893 te
467 828 597 894 nomine
621 833 731 894 nostro
748 827 807 894 sub
824 825 939 910 forma,
967 847 1065 912 quam
1088 827 1148 894 sub
1165 845 1217 892 ea-

103 938 165 1004 dem
189 938 276 1004 bulla
302 936 481 1019 dirigimus,
508 935 673 1001 fidelitatis
699 935 836 1021 recipiat
861 934 1060 1020 iuramenta,
1087 940 1121 1000 tu
1138 953 1214 1002 vero

101 1047 175 1112 intra
198 1046 379 1112 Eeelesiam
405 1052 494 1110 tuam
520 1043 587 1108 illis
613 1041 728 1110 diebus
754 1043 867 1128 utaris,
893 1044 947 1127 qui
972 1042 1158 1130 expressius
1183 1044 1215 1110 iu

16 1171 17 1228 i
100 1153 192 1239 ipsius
214 1153 361 1220 Eualesie
386 1151 567 1238 privilegiis
592 1151 805 1219 eontinentur.
836 1150 880 1216 Ut
907 1157 1014 1218 autem
1042 1153 1171 1238 signum
1196 1171 1216 1216 a

99 1260 269 1344 significato
285 1281 349 1328 non
370 1259 549 1346 discrepat,
567 1257 626 1326 sed
636 1257 722 1344 quod
733 1259 819 1342 geris
829 1259 981 1344 exterius,
1000 1261 1087 1327 intus
1105 1279 1215 1327 serves
1251 1311 1253 1316 .

100 1367 127 1431 in
151 1373 262 1448 mente,
289 1367 498 1453 prudentiam
523 1373 613 1431 tuam
640 1385 809 1433 monemus
835 1373 956 1433 attento
983 1373 1014 1432 et
1038 1368 1215 1452 hortamur,

16 1551 17 1554 Ἴ
99 1474 239 1556 quatinus
256 1474 471 1541 humilitatem
488 1481 520 1539 et
535 1471 703 1555 iustitiam,
726 1473 824 1540 dante
840 1474 990 1560 Domino,
1007 1475 1063 1560 qui
1080 1475 1136 1542 dat
1153 1495 1216 1542 mu-

16 1573 17 1646 j
100 1601 170 1646 nera
185 1589 217 1647 et
242 1583 369 1668 premia
385 1582 551 1664 elargitur,
580 1599 773 1647 conservare
790 1581 934 1666 studeas,
957 1601 1020 1665 qrre
1036 1601 1129 1649 suam
1154 1602 1216 1650 sor-

16 1733 17 1740 ,
99 1698 170 1756 aaut
192 1697 224 1756 et
251 1695 443 1778 promovent
468 1694 675 1774 servatorem,
701 1693 734 1754 et
748 1689 1003 1774 strigoniensem
1024 1689 1215 1775 lleolesiarn,

16 1819 17 1834 ¹
98 1817 244 1882 sponsam
264 1806 363 1884 tuam,
379 1796 519 1864 sollicite
538 1796 682 1879 studeas,
704 1803 835 1863 auetore
852 1795 1002 1878 Domino,
1020 1797 1213 1879 gubernare.

16 1897 17 1970 l
101 1907 212 1972 Datum
224 1907 377 1974 Laterani
387 1904 430 1972 ΙΙ.
447 1905 560 1973 Nonas
570 1903 696 1988 Maroii,
712 1904 923 1972 Pontificatua
933 1905 1035 1971 nostri
1045 1925 1131 1972 anno
1142 1905 1214 1971 Xll.

16 2117 17 2126 ³
98 2105 226 2172 (Thaiusr,
236 2107 409 2160 Monumenta
419 2105 560 2158 Historiae
570 2105 741 2170 Hungariam
752 2104 860 2158 Saeuam
871 2105 1043 2158 illustrantia.
1055 2107 1076 2156 1.
1087 2105 1113 2156 lr.
1129 2107 1186 2156 174.
1198 2107 1214 2158 l.

97 3017 198 3082 Endre
215 3017 460 3103 orazdpbirduola
485 3017 584 3083 ite'lete
599 3041 619 3081 a
636 3023 763 3084 ooavdri
787 3021 942 3108 kdptolon
960 3047 973 3086 a
992 3021 1077 3086 Pons
1102 3026 1132 3086 e‘a
1148 3023 1215 3088 Boa

234 3147 329 3190 aonias
337 3127 402 3210 fini
417 3127 496 3208 ledat,
515 3127 632 3192 Koradaz
648 3127 751 3191 birlok
767 3127 952 3214 tdrppddau.
975 3131 1069 3194 1240.

195 3305 264 3370 Nos
280 3302 430 3370 Andreas
456 3300 571 3372 Comes
590 3305 801 3373 Posonieusis
827 3313 860 3372 et
875 3307 981 3374 ludex
1002 3305 1086 3374 Aule
1111 3307 1213 3390 Regis

95 3411 310 3496 significamus
326 3411 474 3478 omuibus
489 3431 624 3498 presens
640 3412 795 3498 seriptum
811 3413 1022 3500 intuentibus,
1040 3413 1127 3499 qnod
1142 3433 1213 3480 eum

16 3503 17 3540 ³
95 3518 132 3584 lia
154 3528 333 3588 uerteretur
358 3541 467 3588 eoram
493 3520 623 3589 domino
647 3522 738 3605 Rege
762 3541 859 3608 super
884 3522 1026 3605 quadarn
1052 3522 1214 3609 particula

95 3633 170 3694 terre
181 3627 351 3696 euiusdam
367 3628 635 3716 nomineKynya,
652 3627 932 3716 inarcapitulnm
943 3630 1090 3698 Eoelesie
1101 3631 1214 3698 Saneti

95 3735 278 3804 lliolralrelis
305 3735 346 3802 de
362 3735 477 3804 Castro
495 3737 615 3804 Ferreo
643 3759 684 3804 ex
699 3759 766 3804 una
785 3742 887 3823 parte,
914 3746 946 3805 et
961 3737 1047 3804 filios
1065 3739 1214 3820 Magistri

94 3843 172 3911 Pons
188 3851 221 3911 et
237 3845 304 3910 Bas
321 3843 456 3910 Comitia
472 3864 513 3910 ex
529 3846 651 3930 altera;
680 3846 756 3912 lieet
771 3845 885 3911 eadem
911 3865 1014 3912 eausa
1034 3845 1067 3910 in
1084 3862 1213 3928 presen-

93 3951 137 4015 ria
151 3951 277 4020 domini
301 3951 403 4035 Regis
428 3950 482 4016 diu
498 3951 614 4018 fuisset
638 3952 806 4038 nentileta,
834 3939 867 4016 et
889 3971 930 4018 ax
955 3961 1093 4037 utraque
1118 3959 1213 4035 parte

93 4059 129 4124 ad
144 4059 392 4145 produooionem
409 4059 539 4126 testium
555 4059 708 4144 iudicata,
730 4057 862 4126 tandem
880 4060 1062 4126 intermino
1078 4059 1214 4144 produe

91 4165 186 4232 rionis
211 4166 344 4232 testium
370 4165 477 4249 ipsam
506 4183 638 4230 eausam
664 4165 814 4232 dominus
839 4167 909 4232 Rex
936 4164 1029 4231 nobis
1055 4165 1214 4232 commisit

93 4272 357 4358 cognoscendam,
376 4279 408 4338 et
423 4273 502 4338 iuris
520 4272 633 4339 ordine
644 4271 891 4340 terminandam.
913 4272 1016 4356 Igitur
1025 4273 1058 4338 iu
1075 4273 1212 4342 termino

91 4385 206 4446 aarum
233 4381 329 4446 ambe
354 4387 465 4466 partes
492 4401 601 4447 eoram
618 4381 713 4447 nobis
732 4380 917 4466 constitute,
943 4379 1095 4449 videlieet
1111 4381 1213 4467 Magi-

91 4495 155 4552 ster
171 4457 354 4554 Demetrius
371 4487 487 4556 Comes
504 4483 715 4556 Cerradi'eusis
736 4510 794 4572 pro
812 4488 889 4572 filijs
906 4490 1003 4572 Pons,
1030 4490 1214 4555 etRennol-

94 4593 151 4658 dus
176 4593 218 4658 de
233 4592 312 4661 villa
337 4592 484 4678 Bouthylr
509 4601 698 4684 procurator·
715 4593 828 4676 Vgrini
853 4593 1098 4682 Arehiepisoopi
1123 4593 1213 4660 Golo-
