3148 5156
573 319 732 430 Q

197 516 263 602 Qui
278 540 356 590 vero
371 520 528 590 antedicti
543 521 660 588 Nuuoii
676 528 708 588 et
722 521 952 588 Procuratores
969 521 1086 589 virtute
1110 525 1143 588 et
1158 539 1215 608 po·

87 633 207 696 mutate
232 629 421 718 supradiote
446 629 683 700 commissionis
700 649 772 697 eum
797 628 900 698 nobili
915 629 983 698 uiro
1009 623 1146 699 domino
1161 627 1217 696 Ja-

83 737 168 805 eobo
186 735 363 808 couterino
390 740 527 826 Ragnsii
545 739 669 808 Gemite
692 740 867 825 antedicto,
892 739 1071 828 Judioibus,
1099 737 1212 807 consi-

85 846 193 915 liariis
209 853 243 916 et
253 847 491 918 communitate
508 849 662 918 uniuersa
673 849 824 918 Civitatis
840 849 998 937 ejusdem,
1015 869 1088 918 eum
1104 847 1213 917 sonitu

85 973 247 1042 eampene
262 976 323 1045 per
347 956 566 1026 laudationem
591 957 706 1044 popuii
722 955 881 1042 Rugusiui
906 957 949 1024 ad
964 956 1064 1024 talem
1085 975 1211 1024 eoneor·

84 1061 176 1130 diam
201 1061 410 1132 devenerunt.
437 1063 581 1152 Soilieet,
597 1063 684 1150 quod
709 1083 749 1130 ex
766 1062 906 1130 Ciuitate
922 1063 1048 1150 Spalati
1074 1069 1212 1150 quatuor

85 1171 165 1240 boni
181 1172 329 1240 homiues
346 1171 520 1258 eligantur,
536 1178 569 1240 et
584 1171 683 1240 etiam
699 1171 834 1240 totidem
850 1169 892 1239 de
901 1171 1058 1258 Regnum,
1074 1171 1130 1257 qui
1147 1170 1213 1238 siut

70 1276 220 1347 'Judiees
236 1278 280 1346 ad
303 1279 410 1348 loeum
435 1280 654 1366 constitutum,
680 1277 807 1348 seilieet
821 1277 866 1346 ad
883 1278 1062 1346 Stammum
1086 1278 1131 1345 ad
1147 1298 1211 1346 me·

83 1385 176 1454 dium
202 1403 346 1456 mensem
369 1387 514 1456 bladium
539 1388 644 1476 primo
669 1393 857 1474 venturum,
883 1387 1061 1456 adomnia
1086 1407 1209 1473 repres-

85 1497 185 1586 saba,
207 1499 367 1584 roberius,
393 1498 505 1567 debita
522 1535 562 1548 -
579 1535 624 1548 —
640 1533 683 1548 -
699 1535 743 1548 -
760 1504 792 1565 et
815 1498 1001 1585 questiones
1025 1495 1206 1578 tractanda,
1310 1474 1321 1508 ‘

84 1605 304 1692 terminanda,
328 1613 361 1674 et
376 1607 474 1674 etiam
489 1605 702 1694 restituenda,
718 1626 782 1692 que
797 1605 922 1674 scilieet
936 1608 1021 1676 inter
1043 1613 1211 1692 utramque

84 1713 274 1801 Civitatem,
298 1715 353 1784 uel
368 1715 531 1802 quondam
555 1715 686 1784 luerunt
700 1751 982 1768 -----
998 1723 1056 1784 aut
1078 1711 1211 1802 aliquod

86 1821 265 1892 Commune
289 1823 510 1912 predictarum
535 1822 710 1892 civitatum
727 1823 771 1892 ad
785 1825 891 1892 loeum
916 1824 1121 1892 coustitutum
1147 1829 1210 1890 ter·

86 1933 175 2002 mino
191 1931 356 2000 antedicto
365 1933 504 2002 noluerit
518 1969 801 1984 -----
816 1935 937 2002 iustum
946 1933 1211 2020 impedimentum

85 2043 130 2110 sit
152 2041 318 2129 eulpabile
334 2041 429 2110 alteri
444 2042 624 2111 Communi.
648 2043 806 2112 Homines
821 2063 899 2112 sero
923 2042 1144 2130 predictarum
1160 2040 1212 2110 (li-

85 2151 235 2238 ritatum‚
261 2150 317 2237 qui
332 2189 377 2200 -
393 2189 436 2202 -
451 2189 496 2202 -
510 2187 554 2202 -
570 2151 746 2238 aliquibus,
772 2159 805 2220 et
824 2172 934 2222 eoram
954 2151 1138 2222 constitutis
1154 2151 1174 2218 J
1177 2173 1209 2220 u-

86 2260 214 2330 dieibus
239 2261 283 2329 ad
302 2260 424 2330 dietum
447 2263 554 2332 ioeum
577 2262 713 2331 termino
738 2262 901 2332 autedioto
926 2263 1067 2332 uoluerit
1093 2281 1210 2350 parere

87 2405 367 2422 -----
381 2369 502 2439 iustum
518 2370 795 2458 impedimentum,
820 2370 855 2438 in
874 2370 1068 2440 diseretione
1092 2371 1208 2440 utrius·

87 2497 149 2562 que
175 2475 351 2548 civitatum
375 2477 594 2566 prodietomm
610 2479 762 2548 Judioum
786 2477 904 2548 debeat
922 2497 1149 2546 remanere-
1166 2513 1210 2527 -

86 2621 129 2636 -
143 2621 209 2672 -‚
235 2585 292 2672 qui
311 2585 345 2654 iu
361 2585 515 2675 predictis
531 2587 727 2657 Civitatibus
752 2598 828 2656 tune
854 2608 918 2655 nou
943 2586 1051 2674 luerit,
1078 2606 1141 2654 nou
1167 2585 1210 2653 sit

87 2713 144 2781 per
156 2693 319 2780 jndieium
333 2713 393 2762 nee
403 2715 592 2781 gravamen.
607 2698 650 2764 Et
666 2696 813 2766 homiues
828 2733 871 2746 -
889 2731 927 2743 -
946 2733 991 2745 -
1005 2731 1050 2744 -
1066 2693 1100 2761 in
1111 2695 1209 2762 rebus

89 2809 121 2871 et
134 2805 284 2891 personis
310 2805 438 2890 possint
453 2805 564 2873 venire
578 2806 758 2891 Ragusium
781 2827 841 2892 pro
857 2795 926 2874 suis
950 2803 1143 2873 utilitatibus
1161 2803 1209 2870 la·

89 2911 231 2997 eieudis;
259 2917 291 2978 et
306 2931 325 2978 e
341 2930 498 2981 eonsenso
512 2912 638 3000 possint
653 2913 799 2981 bomines
814 2913 950 2999 Rugusii
965 2930 1067 2998 usque
1087 2911 1130 2978 ad
1145 2919 1207 2980 ter·

87 3020 208 3088 minum
233 3019 442 3089 antedictum.
468 3023 519 3090 De
534 3023 596 3090 boe
611 3031 721 3090 autem
746 3021 918 3092 eoneordio
941 3030 1016 3089 sunt
1040 3019 1105 3088 due
1120 3028 1209 3090 carte

87 3127 222 3215 similes,
237 3129 298 3198 bee
313 3137 347 3199 et
362 3131 430 3198 alia
447 3167 489 3180 -
503 3167 549 3184 -
563 3169 608 3180 —
696 3131 812 3200 Aetum
830 3137 881 3200 est
895 3132 957 3199 boe
971 3129 1108 3215 Ragusii
1124 3129 1207 3198 ordi·

88 3243 166 3304 nats
181 3235 366 3307 (turianum
381 3239 547 3307 sonitu'-
565 3279 602 3290 -
621 3279 665 3292 -
682 3279 724 3290 ·-
749 3277 785 3290 ·-
804 3279 848 3290 -
864 3243 897 3326 (a
912 3241 1015 3309 ιιιιιιιι
1031 3244 1067 3310 ds
1082 3261 1104 3307 a
1114 3242 1209 3328 jegy·

87 3345 191 3414 nbuek
205 3349 302 3416 nevel
317 3347 594 3437 olvasbatlunolr.)

87 3545 225 3614 (Eredetie
237 3550 303 3618 ipen
316 3547 486 3618 megrongtlt
499 3549 664 3620 tllapotbm,
677 3567 694 3604 a
706 3550 779 3604 bessi
792 3548 907 3606 οιίιιιιι
920 3553 1004 3606 titios
1017 3549 1208 3624 lsvdltdrban.)

517 3837 781 3855 *Ἥ
