3198 5160
828 219 989 330 „sm-

340 425 419 507 tum,
445 425 478 488 et
491 420 663 490 formulam
679 422 747 490 rite
762 427 869 490 vestre
884 443 906 490 a
922 423 1028 492 felicis
1046 419 1289 492 recordatiouis
1310 417 1474 508 Gregorio

339 529 433 616 Papa
446 528 679 616 predecessore
702 537 815 598 nostro
830 529 936 601 ordini
952 538 1061 602 restro
1080 514 1246 616 traditam,
1271 551 1345 599 cum
1365 527 1475 596 adbuc

341 642 429 703 esset
443 637 477 702 in
493 636 610 705 minori
626 636 733 704 cilicio
749 639 955 724 constitutus,
975 637 1008 704 in
1025 635 1139 706 eodem
1158 638 1357 707 blonasterio
1378 635 1470 702 insti·

340 749 429 812 tutus
445 765 519 814 esse
536 745 726 832 dinoscitur,
743 749 911 834 perpetuis
932 745 1053 814 ibidem
1078 745 1279 832 temporibus
1298 744 1473 814 inviolabi-

340 853 416 920 liter
424 853 623 922 observetur.
633 856 788 924 Preterea
797 875 1019 942 quascumque
1029 855 1269 941 possessiones,
1279 872 1471 939 quecunque

342 962 430 1030 bona
439 962 761 1033 idemMouasterium
773 963 1057 1050 impresentiarum
1067 963 1151 1031 iuste
1161 971 1195 1031 et
1204 963 1362 1032 canonice
1374 961 1474 1049 pussi-

343 1071 407 1158 det,
424 1072 527 1138 autin
542 1072 683 1140 futurum
698 1071 909 1140 concessione
919 1071 1120 1156 Pontificum,
1136 1072 1333 1140 liberalitate
1347 1073 1472 1154 Regum

343 1181 396 1247 uel
411 1179 609 1267 Principum,
636 1180 801 1250 oblatione
817 1180 972 1264 fidelium,
998 1199 1057 1248 seu
1072 1181 1147 1247 aliis
1163 1179 1259 1248 iustis
1276 1179 1383 1248 modis
1401 1179 1471 1244 Deo

342 1291 489 1377 propitio
504 1289 623 1378 poterit
639 1289 790 1378 adipisci,
804 1290 897 1357 firma
914 1290 1018 1376 robis,
1036 1290 1216 1376 vestrisque
1232 1287 1474 1357 successoribus

346 1397 475 1466 illibata
485 1406 709 1486 permaneant.
726 1398 764 1466 In
781 1385 898 1483 quibus
914 1397 975 1466 hec
984 1399 1125 1486 proprii
1138 1397 1290 1466 duximus
1300 1397 1471 1464 uocabulis

346 1505 586 1594 exprimenda:
612 1508 734 1578 laecum
758 1508 879 1595 ipsum,
907 1506 940 1574 in
966 1526 1031 1592 quo
1056 1506 1217 1596 prefatum
1241 1505 1476 1576 blonusteriunr

347 1615 446 1682 situm
472 1624 532 1701 est,
558 1636 630 1683 cum
646 1617 797 1685 omnibus
821 1617 1026 1704 pertinentiis
1051 1616 1137 1702 suis;
1163 1615 1336 1684 ecclesiam
1360 1614 1473 1682 Sancti

347 1720 509 1790 lobannis
525 1723 709 1794 dellezauo
725 1745 798 1792 cum
813 1725 911 1792 vinea
922 1730 955 1792 et
969 1725 1064 1792 terris
1076 1723 1199 1791 ibidem
1209 1722 1340 1809 positis,
1358 1723 1472 1790 vineas

346 1829 388 1899 dc
404 1830 526 1901 Gilauo
543 1853 616 1900 cum
641 1833 791 1901 omuibus
807 1833 911 1922 terris,
939 1853 1003 1920 que
1018 1839 1092 1900 sunt
1108 1832 1152 1899 ad
1173 1833 1327 1919 Raccam,
1353 1837 1474 1898 etcum

345 1941 496 2008 omnibus
514 1941 620 2027 terris,
647 1961 710 2026 que
726 1949 801 2010 suut
817 1941 860 2008 sd
875 1941 989 2026 Braus,
1014 1947 1136 2009 etcum
1153 1939 1302 2009 omnibus
1321 1937 1471 2006 domibus

347 2052 380 2114 et
395 2047 563 2133 casalinis,
580 2067 644 2133 que
660 2056 735 2116 sunt
750 2050 784 2115 in
799 2049 932 2116 civitate
947 2045 1110 2134 Jadreusi,
1136 2067 1208 2116 cum
1224 2045 1339 2133 pratis,
1357 2045 1472 2132 vineis,

346 2155 452 2240 terris,
468 2156 667 2242 nemoribus,
694 2156 840 2242 usuagiis
856 2162 889 2224 et
902 2155 1034 2244 pascuis
1059 2155 1092 2221 in
1119 2155 1218 2223 bosco
1242 2159 1275 2221 et
1299 2153 1411 2241 piano,
1437 2154 1470 2220 in

346 2266 440 2351 aquis
456 2270 489 2332 et
505 2263 712 2350 molendinis,
737 2265 771 2331 iu
786 2263 850 2332 uiis
866 2271 899 2332 et
915 2263 1049 2350 semitis,
1067 2269 1099 2331 et
1117 2262 1265 2330 omuibus
1281 2261 1357 2330 aliis
1376 2262 1472 2330 liber·

345 2371 468 2442 tatibus
486 2378 519 2438 et
544 2371 768 2439 immunitibns
793 2373 874 2439 suis.
900 2371 1014 2439 Liceat
1037 2389 1165 2456 quoque
1190 2371 1285 2440 vobis
1310 2390 1471 2457 personas

345 2479 468 2548 liberas
485 2486 517 2545 et
534 2479 704 2546 absolutas
720 2501 738 2546 e
755 2480 865 2548 seculo
882 2477 1045 2564 fugientes
1063 2478 1106 2545 ad
1129 2477 1375 2546 couversionem
1392 2477 1471 2543 reci·

346 2609 434 2677 pere,
452 2597 486 2657 et
501 2607 558 2657 eas
568 2588 692 2672 ubsque
702 2587 960 2656 contradictione
969 2591 1083 2674 aliqua
1092 2589 1240 2656 retinere.
1259 2587 1472 2656 Prohibemus

346 2698 491 2786 iusuper,
510 2697 636 2768 utuulli
653 2717 801 2767 sororum
812 2707 996 2768 vestrarum
1008 2700 1213 2788 postluctsm
1229 2699 1262 2766 iu
1272 2698 1388 2766 eodem
1399 2697 1471 2767 loco

347 2805 581 2894 professionem
597 2805 710 2892 aliqua
725 2807 860 2876 leuitate
875 2808 948 2876 siue
962 2806 1139 2877 Abbatisse
1154 2807 1288 2876 licentis
1303 2805 1356 2874 las
1372 2807 1417 2874 sit
1432 2805 1473 2874 de

348 2915 494 2983 claustro
510 2913 697 3002 discedere;
715 2915 937 2985 discedentem
953 2935 1032 2986 vero
1048 2917 1174 3005 absque
1189 2915 1406 2985 communium
1423 2915 1481 2982 lit-

347 3031 491 3093 terarum
506 3025 657 3094 cautione
666 3023 774 3094 nullus
790 3025 911 3094 audeat
927 3026 1075 3094 retinere.
1091 3028 1155 3094 Pro
1171 3023 1473 3096 consecrationibus

349 3154 427 3202 vero
453 3133 607 3202 altarium
630 3133 684 3202 rel
709 3133 848 3202 ecclesie
864 3141 982 3220 vestre,
1007 3134 1079 3204 sire
1102 3155 1161 3223 pro
1181 3136 1254 3204 oleo
1273 3140 1397 3220 sancto,
1423 3131 1477 3202 rel

352 3242 498 3327 quolibet
513 3239 737 3312 ecclesiastico
754 3251 971 3330 sacramento,
993 3245 1102 3314 uultus
1118 3243 1249 3312 euobis
1266 3245 1326 3312 sub
1341 3243 1478 3311 obtentu

354 3351 599 3422 consuetudinis
608 3351 663 3420 vel
678 3353 745 3421 alio
761 3353 856 3422 modo
873 3353 993 3422 audeat
1009 3352 1187 3439 quidquam
1198 3359 1403 3438 extorquere,
1421 3348 1481 3419 sed

353 3455 415 3528 luec
430 3459 540 3530 omnia
554 3460 657 3546 gratis
672 3461 766 3530 vobis
782 3461 964 3549 Episcopus
980 3462 1183 3531 Diocesauus
1199 3459 1381 3548 impendat;
1399 3459 1480 3529 alio-

351 3568 432 3656 quin
447 3567 548 3636 liceat
562 3567 657 3636 robis
672 3567 733 3636 hec
748 3570 1066 3638 nostraauctoritate
1081 3569 1227 3656 recipere
1242 3587 1481 3656 aquocumque

351 3673 530 3744 malueritis
547 3673 718 3744 catholico
728 3677 884 3746 Antistite
898 3678 1040 3763 matiam
1056 3686 1088 3746 et
1104 3677 1364 3746 communionem
1383 3676 1483 3744 Sedis

351 3783 539 3871 Apostolice
555 3783 734 3852 obtinente.
751 3783 889 3864 Quodsi
907 3785 1009 3854 Sedes
1025 3787 1205 3855 Diocesaui
1226 3785 1381 3873 Episcopi
1396 3784 1483 3855 torte

351 3893 529 3979 vacaverit,
553 3893 684 3962 iuterim
707 3893 817 3962 omnia
842 3893 1065 3964 ecclesiastica
1089 3901 1336 3962 sacramentor
1361 3894 1483 3962 ricinis

351 3999 525 4090 Episcopis
551 3999 700 4089 occipere
724 4002 828 4070 libere
843 4007 877 4070 et
900 4003 1025 4089 absque
1040 4001 1297 4072 contradictione
1321 4002 1480 4089 possitis3

351 4111 401 4182 sic
416 4119 536 4198 tamem
561 4115 597 4178 ut
611 4131 653 4178 ex
668 4111 730 4179 hoc
746 4112 879 4198 proprio
895 4112 1058 4199 Episcopo
1074 4133 1172 4200 super
1194 4111 1242 4180 eis
1258 4111 1292 4178 lu
1310 4117 1484 4198 posterum

352 4219 701 4306 nullumpreiudicium
713 4227 897 4305 generetur.
914 4218 1087 4300 Qniurerc
1097 4221 1261 4288 interdum
1272 4220 1484 4308 propriorum

353 4327 587 4416 Episcoporum
598 4327 729 4415 copiam
739 4349 805 4398 uon
821 4325 959 4414 habetis,
978 4327 1005 4394 si
1016 4347 1112 4413 quem
1123 4327 1323 4415 Episcopum
1334 4329 1485 4396 Romane

354 4435 461 4522 Sedis,
478 4443 514 4504 ut
530 4435 681 4524 diximus,
707 4436 849 4521 gratiam
866 4445 897 4505 et
913 4437 1170 4506 communionem
1190 4435 1378 4524 habentem,
1394 4435 1486 4504 etde

357 4559 421 4624 quo
437 4543 569 4628 plenam
584 4543 739 4611 noticiam
753 4543 915 4629 humatis,
932 4563 1064 4631 porres
1080 4545 1220 4614 treusire
1235 4543 1422 4632 contigerit,
1439 4545 1485 4612 ab
