3102 5160
832 288 983 390 Q

338 487 554 559 celebrandis.
580 486 677 556 Unde
693 505 767 554 cum
792 485 860 553 illis
877 484 1031 554 efficiaris
1057 485 1243 570 conformis,
1271 491 1304 553 et
1327 484 1361 551 iu
1386 493 1481 554 terre

336 593 614 680 consuetudinem,
625 594 660 659 in
670 612 736 678 qua
746 592 899 661 consistis
909 592 1102 679 Episcopus,
1114 592 1264 678 imiteris;
1281 593 1480 672 celebrandi

337 705 460 772 Diuina
475 701 653 769 secundum
662 701 784 767 dictam
796 700 939 767 litteram
956 721 977 767 a
992 701 1089 768 nobis
1101 700 1293 787 suppliciter
1303 699 1480 769 licentiam

337 812 524 901 postulasti.
534 811 603 878 Nos
613 808 712 895 igitur
723 807 938 893 attendentes,
949 807 1037 894 quod
1047 827 1154 876 sermo
1165 807 1222 893 rei,
1233 817 1267 875 et
1276 829 1342 877 non
1355 829 1410 876 rcs
1423 817 1479 876 est

337 920 478 988 sermoni
494 916 651 1001 subiecta,
669 917 835 982 licentiam
845 916 904 982 tibi
920 916 953 982 in
969 915 1035 982 illis
1052 915 1223 1008 dumtaxat
1233 916 1393 1002 partibus,
1410 917 1478 983 ubi

337 1028 379 1096 de
404 1025 640 1094 consuetudine
664 1024 880 1092 obseruantur
904 1023 1076 1109 premissa,
1102 1021 1277 1092 dummodo
1305 1024 1475 1092 sententia

337 1157 378 1203 ex
394 1135 498 1221 ipsius
513 1132 672 1199 varietate
688 1132 797 1200 littere
810 1153 875 1200 non
891 1131 1029 1216 ledetur,
1054 1131 1248 1198 auctoritate
1264 1132 1475 1218 presentium

337 1241 543 1310 concedimus
570 1241 778 1326 postulatum.
805 1240 897 1306 Nulli
913 1259 992 1325 ergo
1019 1239 1149 1306 omnino
1174 1240 1340 1306 hominum
1367 1239 1475 1306 liceat

335 1351 420 1418 hano
435 1349 593 1437 paginam
609 1353 718 1414 nostre
739 1349 960 1415 concessionis
975 1347 1161 1432 infringere,
1188 1353 1245 1414 aut
1260 1346 1292 1414 ei
1311 1365 1395 1412 ausu
1422 1351 1473 1412 te-

335 1457 473 1526 merario
490 1457 660 1523 contraire.
686 1455 721 1521 Si
738 1456 811 1540 quis
834 1467 944 1524 autem
960 1456 1023 1524 hoc
1039 1461 1236 1542 attemptare
1261 1473 1471 1542 presumpse-

334 1566 395 1648 rit,
420 1561 680 1648 indignationem
708 1562 947 1648 Omuipotcntis
972 1562 1036 1629 Dei
1060 1568 1093 1628 et
1118 1561 1294 1630 Beetorum
1319 1561 1410 1627 Petri
1439 1569 1473 1627 et

334 1672 428 1738 Pauli
444 1672 674 1758 Apostolorum
699 1671 769 1738 eius
785 1689 823 1738 se
838 1671 967 1738 nouerit
991 1671 1204 1738 incursurum.
1229 1671 1352 1737 Datum
1378 1670 1469 1754 Lug-

334 1781 411 1848 duni
427 1782 483 1846 111.
500 1780 663 1848 kalendas
680 1779 814 1866 Aprilis,
834 1778 1048 1846 Pontificatus
1064 1778 1167 1846 nostri
1182 1798 1268 1845 anuo
1286 1777 1409 1862 quinto.

333 1978 471 2042 (Theiner,
483 1979 584 2030 Vetera
597 1980 773 2030 Monumenta
785 1977 929 2030 Slavorum
942 1977 1161 2028 Moridionalium
1171 1977 1311 2028 historiam
1325 1973 1468 2027 illustran-

764 2069 811 2128 tia,
835 2069 856 2117 Ι.
870 2069 929 2117 ket.
944 2069 985 2118 tc.
998 2067 1028 2132 l.)

854 2813 931 2881 lst.

382 2994 406 3058 Ι
410 2994 443 3058 V.
461 2993 549 3060 lacae
562 2999 650 3082 pdpo
673 2993 770 3080 Uorta
786 2995 921 3080 spulotoi
935 2993 1073 3059 aleelmi·
1088 3017 1108 3059 a
1119 2995 1287 3080 polliamot
1302 2992 1402 3056 krildi.

845 3102 942 3166 1248.

434 3297 641 3364 Innocentius
665 3296 848 3384 Episcopus
874 3315 988 3364 seruus
1003 3317 1171 3365 seruorum
1196 3296 1259 3363 Dei
1273 3297 1466 3364 venerabili

326 3400 419 3469 fratri
435 3404 475 3469 D.
493 3403 655 3490 Episcopo
671 3404 889 3473 scardonensi
905 3405 1045 3472 salutern
1062 3413 1095 3472 et
1119 3405 1342 3490 Apostolicam
1358 3405 1463 3473 bene-

325 3510 512 3579 dictionem.
539 3511 619 3578 Cum
639 3511 784 3599 pallium,
810 3513 940 3598 insigne
963 3511 1117 3581 videlicet
1132 3511 1331 3600 episcopalis
1356 3512 1465 3580 officii

322 3617 438 3684 fuisset
456 3638 477 3684 a
493 3617 586 3686 nobis
603 3625 754 3705 exparte
779 3618 890 3686 dilecti
907 3620 964 3686 lilii
982 3620 1021 3688 U.
1037 3619 1142 3686 Electi
1159 3618 1364 3706 Spalatensis
1382 3639 1465 3686 curn

322 3725 483 3794 instantia
498 3729 710 3814 postulatum,
735 3748 796 3797 nos
813 3729 883 3796 cius
899 3728 1195 3815 supplicationibus
1211 3731 1395 3794 annuentes
1413 3728 1465 3815 ip-

321 3853 394 3900 sum
410 3835 452 3901 de
478 3855 615 3922 corpore
639 3836 733 3903 Beati
749 3836 838 3904 Petri
864 3843 1027 3923 sumptum
1046 3836 1110 3904 sibi
1135 3833 1370 3920 assignandum
1401 3855 1467 3921 per

319 3949 352 4008 te
378 3939 530 4009 duximus
555 3941 794 4010 destinandum.
821 3942 965 4028 Ideoque
981 3941 1179 4010 fraternitati
1206 3948 1261 4007 tue
1281 3961 1341 4028 per
1368 3943 1465 4028 Apo-

318 4047 436 4114 stolica
452 4050 577 4134 scripta
592 4049 795 4134 mandamus,
816 4056 977 4135 quatenus
994 4049 1075 4117 illud
1092 4050 1122 4117 ei
1138 4049 1290 4133 assignes
1306 4048 1368 4114 sub
1392 4050 1464 4118 for-

321 4173 385 4237 ma,
411 4175 508 4238 quam
528 4155 586 4223 tibi
603 4157 664 4223 sub
690 4157 781 4224 bulla
797 4163 910 4224 nostra
934 4155 1091 4223 mittimus
1115 4155 1333 4237 interclusam,
1360 4163 1397 4221 et
1415 4159 1463 4222 ab

319 4259 391 4344 ipso
406 4263 537 4329 nomine
552 4271 663 4330 nostro
681 4273 713 4331 et
729 4267 875 4332 Romane
892 4265 1039 4330 Ecclesia
1056 4264 1116 4330 sub
1132 4263 1246 4344 forma,
1274 4280 1374 4345 quarn
1394 4265 1463 4331 sub

253 4355 258 4362 ’
317 4365 434 4432 eadem
459 4369 551 4434 bulla
576 4369 636 4436 tibi
661 4370 842 4456 dirigimus,
868 4370 1037 4439 fidelitatis
1053 4371 1195 4458 recipias
1216 4369 1461 4455 jurameutum.

317 4472 469 4538 Formam
485 4481 594 4542 autem
616 4477 803 4561 juramenti,
830 4475 917 4562 quod
941 4479 1013 4565 ipsc
1028 4477 1199 4564 prestabit,
1225 4477 1266 4544 do
1280 4475 1384 4542 verbo
1414 4483 1464 4546 ad

317 4577 450 4644 verbum
468 4580 562 4648 nobis
577 4601 636 4666 per
651 4584 799 4668 eiusdem
827 4593 978 4672 patentes
994 4586 1121 4653 litteras
1136 4586 1198 4654 sub
1213 4583 1324 4671 sigillo
1340 4583 1465 4670 signa·
