3122 5154
886 789 939 858 78:

349 961 405 1028 IX.
430 959 565 1046 Gcrpely
587 961 676 1045 pdpa
692 977 731 1018 ua
755 952 940 1039 caatcrpcmi
963 950 1091 1032 draekct,
1116 973 1132 1014 s
1158 949 1478 1037 Mapyororszdpnok

605 1061 672 1126 subt
684 1059 849 1148 pdspb'lter't
864 1057 1007 1124 Rcmcta
1023 1056 1121 1143 liujus.
1138 1057 1235 1121 1241.

459 1239 638 1331 Gregorius
665 1239 848 1324 Episcopus
873 1255 987 1304 seruus
1018 1255 1183 1303 seruorum
1210 1235 1273 1302 Dei
1298 1236 1483 1302 venerabili

351 1352 510 1420 fratri...
528 1346 783 1433 Arcbicpisccpo
800 1343 1018 1428 Strigoniensi
1044 1345 1184 1410 salutem
1205 1349 1238 1410 et
1253 1345 1482 1429 Apostolicam

352 1458 621 1528 benedictionem.
649 1457 771 1521 Etenna
787 1452 993 1538 prouidentia
1015 1451 1189 1520 conditoris
1205 1455 1361 1520 Sanctam
1377 1461 1410 1520 et
1425 1455 1484 1518 im-

351 1568 550 1633 maculatam
565 1562 748 1630 Ecclesiam
770 1579 792 1626 a
808 1579 866 1625 sue
882 1558 1083 1625 fundationis
1107 1558 1240 1627 exordio
1257 1579 1296 1625 eo
1312 1560 1417 1627 voluit
1432 1581 1484 1625 or-

351 1673 427 1740 dine
444 1671 629 1758 gubernari,
657 1676 692 1735 ut
707 1668 763 1736 uni
780 1667 916 1754 pastori,
942 1669 1116 1753 potestatis
1140 1667 1376 1753 plenitudinem
1400 1669 1484 1735 obti-

350 1783 452 1867 nenti,
470 1780 570 1848 ceteri
585 1787 711 1866 partem
727 1775 956 1845 sollicitudinis
972 1781 1187 1860 assumentes,
1208 1783 1366 1858 tanquam
1381 1796 1483 1842 menr-

352 1891 413 1957 bra
441 1891 553 1977 capiti,
579 1886 823 1955 communIcatis
851 1886 1042 1952 alterutrum
1067 1885 1307 1971 emergentibus
1336 1885 1483 1969 casibus,

351 2000 471 2064 unIone
480 1995 697 2064 indissolubili
713 1994 912 2078 cohererent,
929 2013 988 2079 per
1003 2013 1101 2078 quam
1118 1995 1166 2061 eis
1182 1994 1394 2061 consensibus
1411 2015 1481 2060 mu-

352 2108 418 2172 tuis
429 2104 590 2188 solidatis,
612 2109 710 2190 caput
721 2101 955 2168 famulantibus
966 2101 1119 2169 membris
1130 2103 1276 2187 vigorem
1286 2111 1481 2188 assumeret,

353 2221 387 2279 et
412 2211 628 2278 membrorum
654 2208 796 2278 conditio
823 2209 864 2275 de
890 2211 941 2275 sui
965 2209 1119 2296 principii
1143 2210 1257 2278 robore
1285 2210 1483 2276 firmaretur.

353 2319 440 2399 Quia
449 2318 548 2404 igitur
565 2315 707 2402 grandes
717 2317 906 2403 Apostolice
921 2318 1015 2384 Sedis
1032 2323 1168 2386 eventus
1179 2325 1212 2385 et
1227 2337 1323 2385 casus
1341 2324 1374 2384 te
1390 2317 1485 2402 igno-

352 2447 427 2496 rare
443 2448 508 2494 non
524 2427 686 2511 convenit,
711 2431 869 2510 tanquam
884 2426 1104 2492 necessarium
1120 2426 1234 2493 matris
1254 2427 1399 2493 Ecclesia
1416 2448 1485 2492 mu-

356 2536 544 2621 nimentum,
570 2539 704 2620 propter
728 2527 790 2618 que
805 2534 1003 2600 necessitate
1028 2541 1165 2618 urgente
1180 2540 1271 2600 tuam
1296 2539 1328 2600 et
1344 2534 1484 2601 aliorum

354 2643 504 2709 videmus
532 2643 736 2727 presenciam
761 2641 934 2727 plurimum
951 2647 1154 2728 oportunam,
1180 2642 1418 2709 fraternitatem
1435 2665 1485 2709 rc-

353 2767 469 2832 gamus
486 2757 519 2815 et
535 2749 703 2814 hortamur
718 2753 850 2833 attente,
876 2767 935 2834 per
950 2746 1140 2834 Apostolica
1154 2749 1214 2815 tibi
1240 2750 1362 2836 scripta
1381 2751 1485 2836 preci-

353 2853 475 2941 pIcndo
492 2854 696 2940 mandantes,
723 2861 884 2940 quatenus
907 2873 1009 2939 usque
1026 2857 1067 2922 ad
1083 2858 1267 2942 proximum
1288 2857 1405 2924 lestum
1423 2863 1486 2926 Re-

354 2961 565 3030 surrecticuis
576 2962 748 3029 Dominice
764 2961 807 3029 ad
820 2969 965 3031 nostram
981 2965 1185 3050 presenciam
1198 2965 1415 3051 personaliter
1431 2987 1486 3033 ve·

355 3070 425 3135 nIre
451 3089 614 3154 procures,
643 3070 730 3137 omni
756 3070 928 3136 occasione
944 3075 1102 3155 cessante,
1127 3077 1163 3137 ut
1186 3071 1309 3139 habeat
1331 3073 1487 3140 Ecclesia

355 3183 460 3244 mater
476 3177 510 3242 in
534 3177 601 3243 filio
617 3185 782 3263 speratum
797 3177 831 3243 iu
846 3183 904 3244 tua
923 3177 1108 3246 visitatione
1132 3179 1284 3247 solatium
1302 3189 1334 3248 et
1353 3187 1487 3264 gratum

355 3283 487 3370 providi
513 3283 641 3351 consilii
667 3283 908 3370 fulcimentum,
938 3286 1071 3370 proviso
1095 3289 1187 3354 utin
1212 3308 1428 3374 personarum
1455 3297 1488 3357 et

357 3391 559 3459 evectionum
575 3389 741 3459 moderato
766 3411 901 3458 numero
917 3394 1039 3481 venias,
1066 3415 1108 3461 ne
1134 3395 1230 3462 nimis
1255 3396 1404 3464 EcclesIe
1432 3405 1488 3464 tue

357 3517 511 3564 onerosus
528 3497 661 3564 existas.
677 3499 830 3565 Preterea
845 3499 994 3568 volumus
1010 3507 1041 3569 et
1053 3501 1254 3587 mandamus,
1272 3509 1308 3569 ut
1323 3504 1487 3591 suffraga-

356 3625 490 3672 neorum
507 3614 633 3674 tuorum
649 3606 818 3692 Capitulis,
836 3607 1019 3677 Abbatibus
1035 3618 1068 3677 et
1082 3611 1222 3678 Prelatis
1248 3611 1323 3680 aliis
1339 3619 1394 3680 tue
1409 3635 1488 3701 pro·

358 3713 475 3797 vincio,
498 3715 553 3799 qui
569 3715 758 3801 specialiter
779 3735 844 3784 non
860 3725 1027 3802 vocantur,
1045 3719 1236 3786 auctoritate
1252 3725 1365 3788 nostra
1380 3721 1489 3789 iniun-

356 3842 428 3909 gas,
446 3821 663 3908 utsuperhiis
680 3821 793 3891 codem
804 3823 941 3890 termino
958 3825 1001 3891 ad
1010 3823 1127 3892 Sedem
1137 3826 1360 3912 Apostolieam
1370 3829 1488 3897 fideles

355 3938 386 3996 et
396 3929 552 4015 providos
567 3930 697 3997 nuntios
709 3931 835 3997 mittere
853 3951 917 3998 non
933 3939 1141 4019 postponant.
1161 3934 1283 4001 Datum
1293 3936 1382 4022 apud
1394 3935 1489 4024 Orip-

353 4037 575 4104 tamferratam
591 4039 629 4104 V.
648 4037 722 4104 idus
738 4035 888 4122 Augusti,
902 4039 1127 4123 (Pontificatus
1143 4039 1260 4127 nostrl)
1272 4062 1358 4109 anno
1374 4043 1485 4114 XIIII.

461 4144 499 4208 In
515 4163 544 4208 e.
561 4163 603 4208 m.
624 4141 876 4229 Archiepiscopo
902 4145 1082 4232 Oolocensi,
1108 4145 1272 4234 Episcopo
1300 4147 1488 4237 Gauriensi,

354 4248 518 4334 Episcopo
529 4249 755 4334 Zagrabiensi,
773 4251 936 4337 Episcopo
950 4253 1302 4343 QuinqueecclesIensi,
1319 4257 1490 4348 Episcopo

354 4353 585 4442 Ultrasilvano,
603 4357 724 4423 Abbati
741 4357 855 4425 Sancti
870 4360 1004 4428 Martini
1020 4361 1061 4428 de
1075 4362 1255 4432 Pannonia.

356 4494 487 4561 (Theiuer
498 4497 535 4550 id.
549 4515 584 4552 m.
596 4502 618 4552 I.
630 4503 687 4554 Irdt.
703 4504 763 4555 179.
777 4503 794 4554 l.
814 4503 846 4554 V.
860 4509 885 4554 ὃ.
898 4504 979 4570 Fejdr
998 4507 1209 4574 eou.1)rp1.1v.
1223 4511 1280 4562 ket.
1300 4513 1325 4561 1.
1341 4527 1362 4562 r.
1378 4515 1443 4566 184.
1457 4515 1486 4582 I.)

777 4627 1054 4642 -——-—
