3148 5156
642 327 706 390 tot

105 527 205 594 buius
221 525 269 592 rei
285 527 386 592 series
412 525 509 592 robur
525 533 680 612 perpetue
696 524 858 592 firmitatis
880 524 1034 611 optineat,
1061 524 1231 608 presentes

106 635 215 702 eidem
232 633 393 718 Magistro
409 633 565 714 Mauricio
590 634 716 702 litteras
735 641 862 702 nostras
887 630 1104 699 concessimus
1129 630 1231 714 sigilli

106 743 213 810 nostri
229 741 407 809 munimine
423 741 605 809 roboratus.
631 743 752 808 Datum
768 742 801 807 in
819 743 928 808 Aurea
944 738 1042 806 Curia
1058 759 1141 805 anno
1163 739 1229 804 Do-

106 851 191 918 mini
207 849 380 918 millesimo
397 849 615 918 ducentesimo
636 850 905 936 quinquagesimo
925 847 1071 934 septimo.

108 1015 251 1080 (Eredotie
263 1010 437 1082 bltrhe'trtyin,
447 1014 571 1081 molynek
583 1013 688 1078 egykor
698 1012 783 1079 fttggb'
793 1013 911 1080 poosbtje
920 1012 1057 1074 elvsszett,
1067 1027 1083 1062 u
1093 1011 1173 1062 bucini
1182 1010 1233 1060 lrir.

519 1105 642 1155 kamarai
655 1099 844 1170 lcvbltbrbsn.)

539 1381 633 1388 ....-r..
676 1382 679 1386 .
711 1383 718 1386 .

642 1767 717 1834 331.

107 1957 143 2018 A
160 1953 326 2037 feborucim
350 1951 561 2036 kdptolocnab
584 1950 860 2035 bizonpecipleuele‚
891 1952 969 2036 bopp
994 1951 1111 2015 Prinob
1139 1971 1235 2014 eomes

108 2063 235 2127 Re'nold
251 2061 404 2126 comesset
410 2059 472 2142 fio,
497 2067 528 2124 e's
544 2059 624 2124 Incite
639 2059 763 2124 bononie
784 2059 914 2124 robonoc'
930 2083 949 2123 a
964 2083 1004 2123 oz.
1022 2059 1144 2145 Murpc‘t
1158 2063 1236 2123 neoni

108 2171 209 2236 birtok
220 2173 257 2235 e'e
271 2195 292 2234 a
306 2170 429 2234 lauteni
442 2170 645 2234 condilectione
658 2168 761 2232 bo'rlilo'
778 2167 1075 2254 eppenetlonndqeo'kct
1090 2169 1234 2234 bardtno'·

479 2300 577 2364 posco
591 2276 752 2342 elicte'ztole.
771 2273 869 2340 1257.

222 2473 406 2561 Capitulum
431 2473 576 2540 Ecclesie
600 2473 754 2542 Albensis
780 2473 927 2540 omnibns
943 2471 1063 2540 Christi
1087 2471 1236 2538 fidelibus

112 2583 322 2671 presentibus
347 2581 470 2669 pariter
495 2589 528 2648 et
550 2582 665 2650 futuris
696 2591 863 2669 presentes
888 2583 1014 2648 litteras
1044 2579 1236 2666 inspecturis

112 2692 254 2758 salutem
269 2691 303 2756 iu
318 2688 468 2758 Domino.
494 2687 547 2754 Ad
563 2689 782 2758 uniuersorum
807 2687 959 2758 noticiam
976 2695 1088 2755 tenore
1108 2707 1235 2772 presen-

112 2800 201 2866 cium
226 2799 373 2866 uolumus
396 2796 585 2883 peruenire,
609 2797 695 2880 qnod
719 2797 911 2864 accedentes
936 2796 979 2862 ed
1002 2804 1146 2864 nostram
1165 2816 1233 2882 pre-

112 2906 261 2975 senciam
285 2904 402 2972 Prinoh
427 2903 541 2971 Comes
557 2903 641 2971 filius
668 2903 802 2972 Comitis
817 2905 954 2974 Renoleli
982 2923 1022 2971 ex
1040 2925 1106 2972 vno
1132 2911 1235 2991 parte,

112 3023 149 3082 et
171 3035 214 3081 ex
238 3013 343 3080 altero
365 3011 518 3098 Egidius,
544 3014 727 3098 Tybnrcius
752 3022 784 3080 ct
808 3017 925 3081 Petrus
949 3013 1008 3098 filij
1035 3013 1143 3098 Egidij
1169 3013 1236 3080 frn-

111 3125 174 3190 tris
199 3121 286 3188 Juan
300 3119 395 3206 Beni,
419 3139 480 3186 neo
503 3141 569 3187 non
592 3121 676 3186 alter
690 3119 826 3206 Egidins
852 3129 885 3188 et
899 3123 1018 3188 Fulcus
1040 3121 1098 3208 filij
1116 3123 1236 3190 Fulous

113 3231 226 3300 fratris
241 3227 385 3296 eiusdem
395 3226 482 3294 Junn
491 3227 584 3312 Beni,
601 3238 849 3316 proposuerunt,
866 3229 1036 3313 quodcum
1052 3249 1148 3316 super
1163 3251 1238 3317 pos-

113 3339 318 3410 sessionibus
341 3337 485 3423 ipsorum
511 3357 529 3404 o
553 3337 672 3404 uicinio
699 3335 935 3423 adiacentibus,
959 3338 1113 3406 videlicet
1142 3359 1238 3424 super

112 3459 202 3517 terra
218 3447 337 3514 sancte
352 3443 560 3530 Margarethe
575 3445 694 3512 Princb
710 3447 826 3513 Comiti
842 3447 913 3514 iure
929 3447 1127 3517 hereditario
1142 3452 1237 3536 perti-

112 3565 224 3644 nente,
250 3562 283 3622 et
297 3576 394 3642 super
418 3555 503 3622 silua
527 3554 659 3622 Kenesa
686 3557 893 3641 possessione
918 3557 1055 3626 filiorum
1070 3557 1180 3643 Egidij
1206 3567 1237 3625 et

114 3667 237 3733 Fulcus
262 3662 420 3732 nobilium
440 3663 654 3750 predictorum
677 3666 878 3751 temporibus
901 3674 1072 3753 parentum
1095 3687 1236 3752 sucmm‚

113 3793 176 3842 nec
192 3793 258 3840 non
274 3772 458 3855 eorundem,
474 3773 694 3840 controuersia
707 3779 738 3840 et
754 3775 977 3842 contenciones
989 3774 1125 3860 plurime
1141 3793 1237 3858 super

114 3883 212 3951 metis
228 3889 262 3950 et
288 3880 433 3947 terminis
451 3879 594 3967 ipsarum
611 3882 855 3967 possessionum
871 3883 1008 3949 fuissent
1024 3889 1144 3966 exorte,
1169 3889 1237 3948 teu-

115 3993 191 4060 dem
208 3989 374 4057 mediante
390 3989 555 4056 sentencia
569 3990 726 4057 nobilium
737 3990 948 4076 plurimorum
964 4009 985 4054 a
1001 3989 1147 4074 partibus
1163 3989 1237 4055 bino

114 4099 194 4166 inde
219 4099 395 4166 electorum
414 4097 448 4163 in
473 4096 571 4164 talem
595 4097 833 4184 conposicionis
859 4097 995 4164 formam
1020 4096 1236 4182 deuenisscnt,

115 4206 207 4294 quod
221 4216 309 4274 terra
324 4208 427 4272 Beate
441 4205 650 4288 Margaretbc
673 4205 863 4291 supradicte
878 4205 994 4272 Prinob
1011 4203 1127 4272 Comiti
1143 4207 1237 4291 perti-

117 4335 212 4402 nens,
228 4315 263 4382 in
278 4334 344 4399 qna
359 4312 529 4382 ecclesiam
545 4312 578 4378 in
594 4313 715 4379 honore
731 4313 832 4380 Beate
848 4314 1054 4398 Margarethe
1071 4313 1239 4383 fundatam

118 4426 223 4492 eciem
239 4423 402 4506 dicebant,
419 4427 506 4489 esset
521 4421 674 4488 adiacens
690 4441 749 4508 per
764 4421 998 4508 longitudinem
1014 4425 1106 4488 iuxta
1121 4421 1239 4494 siluam

122 4534 282 4602 nobilium
297 4533 513 4619 predictorum
527 4533 656 4600 nomine
674 4533 815 4617 Kenesn,
841 4539 874 4600 et
889 4553 910 4599 n
924 4539 1018 4618 parte
1036 4533 1238 4620 septemtrio-

116 4641 191 4710 nali
201 4641 523 4724 adiungereturterre
533 4639 619 4722 Bele,
631 4641 836 4725 Kysemburd
854 4647 885 4706 et
895 4639 1085 4707 Wollroslon
1101 4639 1237 4708 liliorum
