3122 5154
877 247 920 316 66

824 339 980 352 -—

337 451 447 540 gracie
461 453 506 519 Μ’)
516 449 580 520 CC⁰
591 449 700 516 XXX⁰
710 447 798 514 VIII.
825 442 1023 511 Venerabile
1049 449 1143 528 patre
1169 445 1281 509 nostro
1297 437 1475 505 Bartholo-

336 583 407 631 meo
424 563 597 650 Episcopo,
615 557 781 627 Cazmerio
797 553 981 640 Preposito‚
998 550 1148 619 lobanne
1165 548 1318 632 Cantore,
1335 547 1471 614 Mathia

337 670 477 738 Custode
493 657 718 737 eiistentibus.

337 849 372 916 (Δ
385 848 533 918 vmzprdmi
547 846 734 917 triptalannak
749 844 862 896 rere-ki
874 837 1030 901 ltiratibbl,
1048 837 1120 904 mely
1133 837 1190 890 lrclt
1204 839 1248 902 „iu
1261 837 1331 888 lecto
1344 837 1377 888 Β.
1390 837 1471 902 Dyn-

337 943 400 1008 nisij
415 941 551 1004 martiric“
564 938 648 1004 Lajos
660 933 750 1002 kirtly
763 934 873 998 „Bndae
885 934 970 984 tercio
984 929 1028 979 die
1041 929 1104 978 laeti
1116 929 1146 978 Β.
1161 927 1252 994 ligidlj
1268 928 1384 980 Abbatia
1397 943 1416 978 a
1431 929 1472 978 D.

340 1009 553 1082 useer‘niadott
562 1029 698 1080 kerestetb'
709 1021 875 1092 paraneslra
886 1025 945 1086 „vir
950 1020 1111 1086 Magnificus
1116 1019 1246 1072 Nicoluus
1256 1018 1329 1070 filius
1334 1017 1473 1085 Stephani

339 1121 474 1186 qnondam
487 1121 578 1171 Banna
590 1118 679 1169 tocius
690 1115 833 1167 Selavonie
847 1119 875 1164 et
884 1109 1034 1165 Croachie“
1048 1105 1174 1160 heriatua
1183 1105 1298 1178 kesslllt,
1311 1123 1327 1158 a
1340 1105 1428 1158 budae
1439 1106 1476 1156 k.

741 1203 865 1254 lrsmarai
874 1196 1064 1265 loveltlrbun.)

772 1501 1034 1515 -———-

877 2003 934 2072 45.

342 2191 363 2256 l
368 2191 401 2262 V.
418 2187 500 2256 Bora
516 2185 623 2274 lcirdly
647 2209 686 2251 ca
700 2185 883 2272 matorycmi
897 2181 1049 2271 09me
1063 2181 1130 2269 seq
1145 2181 1177 2246 do
1194 2181 1281 2246 Ebcd
1302 2181 1385 2246 occul
1398 2179 1475 2267 flul-

535 2295 655 2364 coenat
671 2292 859 2360 birtolrctbcn
873 2291 962 2380 ccjbdl
976 2291 1162 2378 meyerus.
1178 2291 1275 2356 1239.

449 2493 531 2560 Bela
546 2493 608 2560 Dei
632 2491 747 2578 gracia
770 2487 948 2574 Hungarie,
975 2485 1154 2572 Dalmacie,
1181 2485 1327 2572 Croacio,
1354 2487 1473 2570 Reme,

275 2583 277 2586 ⁵
343 2600 466 2685 Serme,
492 2597 630 2668 Gallicis
656 2599 878 2683 Cvmanieque
903 2597 974 2663 Rex
998 2595 1147 2663 omnibns
1170 2593 1291 2662 Christi
1316 2591 1471 2660 tidelibns

343 2712 511 2792 presentes
535 2709 661 2775 litteras
686 2705 890 2792 inspecturis,
915 2701 1053 2768 salutem
1069 2701 1103 2768 in
1119 2721 1196 2768 vero
1220 2701 1362 2770 omnium
1379 2701 1469 2767 saln-

343 2815 416 2880 tari.
435 2814 485 2880 Ad
502 2816 656 2882 noticiam
671 2815 905 2896 rninersornm,
931 2817 999 2876 tam
1015 2809 1250 2895 modernorum,
1270 2830 1370 2894 quam
1386 2809 1472 2877 intu-

343 2942 463 3008 rorum,
490 2921 604 2988 barum
619 2922 704 2988 serie
719 2921 868 2989 uolumus
885 2917 1067 3008 peruenire,
1092 2919 1268 3002 quodcum
1284 2919 1406 2985 Diuina
1422 2919 1471 2986 fa·

344 3039 441 3097 ruente
457 3030 569 3115 gracia
584 3051 643 3118 per
668 3031 907 3106 successionem
930 3035 1101 3118 paternam
1117 3029 1222 3113 Regni
1248 3029 1406 3115 regimine
1424 3029 1471 3095 ad

345 3157 406 3206 nos
421 3137 586 3224 deuolute,
603 3137 785 3225 superfluas
801 3144 834 3205 et
853 3137 986 3204 illicitas
1000 3135 1197 3204 donaciones
1213 3136 1472 3224 perpetuitatem

344 3263 587 3332 reuocaremus3
615 3245 693 3332 quia
717 3245 898 3313 Ecclesiam
919 3243 1175 3328 Strigouiensem
1198 3245 1231 3312 iu
1247 3243 1406 3331 omuibus,
1436 3245 1473 3311 in

347 3351 464 3437 quibus
480 3373 663 3440 possumus,
680 3351 818 3438 diligere
832 3351 1042 3435 intendimus,
1059 3351 1142 3418 duas
1158 3358 1262 3418 terras
1279 3351 1396 3440 Castri,
1412 3373 1475 3421 no-

345 3459 431 3525 mine
457 3459 524 3544 Sag
550 3466 582 3526 et
607 3459 709 3546 Ebed,
736 3479 818 3544 quas
834 3459 888 3544 pie
912 3457 1066 3525 memorie
1084 3457 1233 3526 Andreas
1258 3460 1347 3544 Rex,
1375 3468 1475 3546 pater

346 3575 466 3651 noster,
485 3573 582 3635 antea
597 3567 724 3655 prefate
739 3567 886 3635 Ecclesie
903 3567 1092 3651 contulerat,
1119 3587 1178 3634 nos
1195 3567 1326 3652 cognita
1344 3569 1472 3654 quanti-

346 3681 415 3742 tate
434 3675 640 3759 etqualitate
656 3675 796 3759 illarum,
812 3696 871 3761 per·
887 3677 1009 3742 Lucam
1026 3673 1182 3744 Comitem
1198 3674 1240 3740 de
1254 3675 1376 3762 anth,
1393 3677 1471 3744 fide

346 3785 410 3851 lem
426 3792 580 3870 nostrum,
596 3783 715 3852 dictam
730 3789 850 3852 terram
866 3787 944 3869 Sag,
962 3785 1005 3851 ad
1021 3784 1172 3852 Castrum
1189 3785 1299 3852 Hunth
1308 3785 1473 3872 pertinen·

344 3901 421 3977 tem,
447 3911 508 3976 que
524 3898 634 3977 potest
657 3893 807 3960 sufficere
822 3895 892 3961 vsui
918 3893 1056 3961 duorum
1077 3901 1259 3962 aratrorum
1276 3901 1308 3960 et
1331 3893 1474 3982 dimidij,

345 4009 378 4068 et
402 3999 507 4067 locum
535 4000 708 4068 molendini
734 4021 832 4086 snper
858 4021 976 4085 aquam
992 4000 1089 4086 Ypul‚
1107 4007 1138 4070 et
1162 4000 1325 4090 temtum,
1349 4009 1471 4070 terram

345 4127 423 4176 uero
449 4107 541 4174 Ebed
566 4108 773 4192 antedictam,
801 4110 845 4176 ad
873 4109 1024 4177 Castrum
1051 4109 1221 4194 Golgoueh
1245 4111 1472 4198 pertinentem,
1552 4147 1553 4178 r

346 4215 474 4283 edocto
499 4225 611 4284 aratra
636 4218 859 4300 sufficientem,
887 4239 959 4285 eum
984 4225 1057 4286 octo
1081 4217 1304 4287 mansionibus
1329 4227 1473 4288 castren·
1552 4255 1553 4288 l

346 4319 430 4385 sium
454 4321 574 4390 ibidem
593 4325 818 4410 existencinm,
842 4343 923 4408 quos
939 4325 1055 4394 eodem
1070 4327 1208 4394 servicio
1225 4326 1371 4394 Ecclesie
1393 4327 1474 4396 Stri·
1551 4361 1553 4402 ς

346 4425 495 4507 goniensi
521 4429 622 4498 teneri
649 4431 887 4517 deputauimus,
914 4453 976 4516 qno
996 4431 1111 4501 Castro
1137 4435 1333 4504 tenebantur
1356 4455 1474 4522 supra-

345 4531 450 4618 diet0;
477 4535 523 4599 ita
538 4543 658 4624 tamen,
675 4539 762 4622 quod
777 4540 892 4608 eadem
908 4541 1058 4611 Ecclesia
1076 4563 1134 4614 eos
1150 4542 1322 4630 uendendi,
1340 4561 1401 4614 sen
1416 4546 1478 4613 do·
1549 4579 1552 4626 ῃ
