3112 5148
797 263 957 370 Ed..

310 471 414 538 nestri
430 471 464 538 in
480 469 599 538 dolend
615 501 956 516 ------
972 485 989 532 s
1005 471 1116 546 nostre
1139 464 1226 532 circa
1241 463 1381 532 conlinia
1397 460 1450 532 di-

313 580 470 645 micantes
485 575 675 645 'l'heotonioi
701 571 898 660 occiderunt,
923 579 955 640 et
971 571 1045 640 aliis
1062 572 1103 640 de
1120 591 1241 657 genere
1260 571 1371 658 (linem,
1401 569 1451 638 ad

310 684 562 754 construendum
579 683 613 752 in
632 704 671 753 co
688 689 841 767 castrum,
864 701 923 769 per
938 679 1024 766 qnod
1040 679 1123 748 illud
1139 679 1312 749 confinium
1327 678 1449 748 melius

312 803 345 862 et
359 793 528 882 potencius
553 796 700 862 teneatur
715 824 997 840 -----
1012 787 1138 858 usionis
1153 787 1219 856 loci
1244 807 1281 856 se
1300 787 1447 872 quinque

309 901 516 988 recolligant,
544 898 687 986 quinque
712 918 790 966 nero
815 897 1023 986 prosilientes
1047 895 1217 982 exagitent
1243 905 1277 964 et
1300 901 1451 964 terreant

310 1007 538 1096 aduocantes,
564 1028 637 1076 eum
661 1013 752 1074 terra
774 1006 907 1075 nomine
923 1005 1052 1092 Orwar,
1077 1025 1141 1091 que
1164 1011 1216 1076 est
1241 1005 1302 1074 sub
1327 1001 1448 1074 eodem
1550 1057 1553 1098 ρ

310 1122 430 1204 castro,
456 1125 544 1186 terra
559 1114 714 1183 uidelicet
735 1114 830 1182 vuius
845 1113 925 1182 ville
940 1114 973 1182 in
989 1113 1040 1183 dis
1042 1149 1384 1164 ------
1400 1150 1449 1164 -
1550 1099 1553 1116 ²

309 1261 597 1275 -----
613 1229 770 1312 perpetuo
794 1222 1004 1312 possidenda.
1029 1224 1067 1292 In
1083 1223 1175 1293 cuius
1190 1221 1292 1292 castri
1307 1230 1341 1292 et
1356 1229 1447 1292 terre

310 1333 555 1421 possessionem
580 1353 639 1420 per
654 1329 809 1401 dilectum
833 1337 868 1400 et
882 1331 1010 1399 lidelcm
1034 1338 1179 1400 nostrum
1194 1329 1366 1400 Herricnm
1379 1329 1445 1399 00-
1544 1415 1553 1430 Ι

310 1443 423 1510 mitem
434 1442 542 1510 Castri
557 1441 669 1510 Ferrei
684 1440 775 1528 ipsos
790 1439 924 1510 fecimus
944 1439 1115 1510 introduci.
1133 1438 1233 1508 Ouios
1243 1445 1329 1510 terre
1344 1445 1447 1525 mete,
1542 1530 1548 1540 ι

309 1557 408 1638 prout
433 1551 548 1620 eodem
572 1551 613 1616 Η.
631 1548 756 1616 Gemite
771 1583 1293 1597 ---------
1312 1547 1447 1632 guimus

311 1661 374 1727 hoe
384 1657 500 1726 ordine
516 1655 755 1744 distinguntur:
772 1656 915 1726 Primam
931 1661 1052 1724 metam
1062 1661 1150 1724 tenet
1165 1652 1446 1722 enmnillachem
1543 1645 1553 1764 l

310 1767 343 1832 in
360 1767 443 1853 loco,
460 1767 516 1853 qui
532 1766 650 1835 dicitur
665 1767 806 1853 Sartivv,
823 1765 878 1834 ubi
895 1771 970 1834 sunt
986 1764 1049 1833 due
1065 1769 1169 1850 mete;
1186 1762 1263 1831 inde
1279 1761 1323 1832 ad
1338 1763 1447 1831 orien-
1544 1831 1553 1856 ἃ

311 1881 376 1942 tem
391 1875 485 1942 iuxta
511 1874 629 1943 siluam
645 1874 746 1943 Ohem
762 1881 837 1942 sunt
861 1874 924 1942 due
945 1880 1050 1961 mete;
1077 1879 1110 1941 et
1123 1871 1171 1940 ibi
1193 1872 1307 1962 incipit
1329 1881 1447 1941 tenere
1546 1859 1553 1876 “

311 2002 387 2048 cnm
402 1981 483 2049 uilla
499 1980 620 2048 Chatar
637 1982 681 2049 ad
705 1987 848 2051 montem
863 1981 989 2068 Toboy,
1006 1981 1062 2048 ubi
1082 1985 1160 2048 sunt
1179 1979 1243 2049 due
1258 1985 1362 2066 mete;
1389 1980 1448 2048 de·
1550 2052 1551 2056 ,

309 2087 388 2155 inde
413 2087 458 2154 ad
474 2085 642 2154 meridiem
666 2089 783 2156 transit
808 2109 927 2174 aquam
948 2088 1084 2176 Pincus,
1109 2093 1142 2155 ct
1165 2088 1258 2157 iuxta
1284 2109 1444 2174 magnum

309 2195 455 2282 lapidem
479 2193 572 2262 uadit
587 2195 631 2262 ad
646 2195 763 2282 locum,
792 2197 847 2281 qui
864 2195 981 2264 dicitur
996 2197 1193 2283 Toboywar‚
1213 2197 1269 2264 nbi
1285 2205 1360 2264 sunt
1376 2196 1444 2264 due

310 2308 414 2389 mete;
443 2303 559 2370 deinde
583 2303 675 2371 uadit
701 2304 744 2370 ad
760 2304 873 2370 uillam
889 2303 1037 2391 Ohcyka,
1065 2311 1097 2372 et
1113 2311 1163 2372 est
1186 2303 1259 2372 lons
1284 2304 1318 2370 in
1344 2303 1444 2388 silua,

262 2423 264 2430 ’
311 2411 368 2478 ubi
379 2417 455 2477 sunt
468 2410 532 2478 due
547 2419 647 2498 mete;
665 2409 742 2478 inde
758 2410 849 2478 vadit
865 2411 908 2478 ad
919 2411 1044 2499 Sesien,
1062 2419 1095 2479 et
1110 2413 1157 2480 ibi
1168 2419 1244 2481 snat
1259 2412 1323 2479 due
1333 2417 1419 2479 mete
1433 2436 1444 2498 ;
1545 2401 1549 2426 ⁴

310 2517 387 2584 inde
403 2517 446 2584 ad
462 2515 692 2605 Nigenszovn;
710 2525 742 2586 et
758 2519 804 2586 ibi
820 2517 939 2586 transit
955 2539 1073 2604 aquam
1091 2519 1223 2604 Pineua,
1240 2525 1273 2585 et
1288 2519 1334 2585 ibi
1350 2524 1444 2587 tenet

311 2635 431 2693 meram
449 2645 523 2692 cum
547 2627 627 2693 urna
642 2627 811 2715 poserem
838 2627 914 2695 rnre
930 2626 973 2696 au
990 2627 1105 2694 uolam
1120 2624 1263 2712 noratur,
1287 2633 1320 2692 er
1335 2626 1380 2694 im
1395 2626 1445 2692 in·
1546 2603 1553 2650 ²

310 2733 393 2820 cipit
407 2740 519 2800 tenere
535 2743 657 2802 metam
683 2755 756 2802 cum
772 2737 854 2803 uilla
869 2735 1109 2822 cruciferorum,
1136 2741 1169 2802 et
1183 2735 1229 2801 ibi
1246 2739 1296 2803 est
1319 2753 1443 2820 magna

309 2842 375 2929 uia,
392 2857 453 2928 per
479 2861 578 2927 quam
603 2843 668 2910 itur
682 2843 727 2910 ad
752 2850 895 2912 castrum
912 2843 1030 2930 Owar,
1047 2851 1081 2912 et
1104 2842 1151 2910 ibi
1175 2842 1293 2910 transit
1317 2861 1443 2926 aquarn

309 2949 445 3038 Telon,
471 2955 504 3016 et
529 2950 573 3017 ibi
597 2956 687 3018 tenet
710 2943 830 3020 metam
855 2971 928 3020 cnm
952 2951 1056 3020 seruis
1083 2951 1227 3040 Regino,
1259 2957 1292 3018 et
1318 2949 1364 3018 ibi
1389 2959 1444 3018 est
1548 2937 1553 2982 “⁴

310 3058 365 3124 uia
391 3058 536 3147 antiqua,
562 3079 622 3148 per
640 3079 739 3144 qnam
755 3061 819 3128 itur
845 3059 889 3128 ad
904 3059 1036 3148 Inched‚
1064 3060 1121 3128 ubi
1137 3065 1188 3128 est
1212 3060 1313 3147 pirus,
1339 3065 1371 3128 et
1392 3059 1443 3127 ibi

309 3169 385 3233 sunt
410 3162 474 3232 dne
491 3172 586 3254 meto,
612 3173 646 3234 et
660 3167 776 3258 incipit
800 3174 912 3238 tenere
928 3175 1032 3238 metes
1049 3188 1121 3236 cum
1145 3167 1222 3254 lilijs
1239 3165 1380 3252 condia,
1407 3175 1444 3236 ct
1548 3183 1553 3218 *³

309 3271 358 3338 ita
381 3270 505 3338 reditur
529 3271 573 3338 ad
596 3272 735 3359 primam
761 3281 881 3343 metam
905 3277 1082 3344 Sartiw.U
1099 3311 1443 3324 ------
1552 3359 1553 3368 ἵ

309 3377 349 3445 Η.
360 3399 493 3447 snorum
509 3380 718 3448 seruioiorum
735 3388 768 3449 et
783 3383 977 3451 effusionum
993 3383 1162 3472 sanguinis
1178 3385 1300 3452 meritis
1314 3384 1444 3473 predic·
1550 3371 1553 3422 ‘¹

310 3489 353 3556 tis
369 3488 520 3558 fidelibus
545 3491 667 3559 nostris
693 3491 790 3578 digne
812 3493 901 3562 facta
925 3493 1074 3580 collatio,
1099 3494 1147 3564 eis
1168 3502 1200 3562 et
1214 3516 1272 3583 per
1298 3515 1353 3562 eos
1369 3496 1443 3564 suis
1550 3487 1553 3532 Ὗ

308 3594 485 3664 heredibus
501 3597 719 3684 heredumque
736 3601 983 3670 successoribus
1009 3611 1168 3692 perpetuo
1183 3602 1442 3692 perseuerantia,
1551 3599 1553 3642 ³

309 3723 370 3770 neo
385 3724 407 3770 n
422 3705 539 3790 quouis
554 3709 736 3794 temporum
751 3709 911 3779 curriculo
928 3731 1026 3798 snper
1044 3711 1110 3798 hijs
1125 3709 1236 3778 ualeat
1250 3709 1442 3797 inquietari,
1551 3709 1553 3752 l

309 3812 362 3879 uel
379 3814 588 3902 aliquatenus
604 3815 764 3905 infestari,
789 3827 959 3907 presentes
975 3819 1099 3888 eisdem
1115 3821 1339 3890 concessimus·
1356 3820 1444 3888 litte-

308 3941 363 3988 ras
380 3921 543 4010 dupplicis
567 3925 666 4009 sigilli
682 3927 784 3995 nostri
810 3927 987 3996 munimine
1003 3929 1186 3998 roboratas.
1210 3931 1331 3996 Datum
1347 3929 1441 4015 apud
1550 3927 1551 3930 ’

307 4028 420 4096 villam
436 4031 566 4118 Nomoy
581 4032 615 4098 in
631 4033 777 4119 partibus
789 4035 926 4122 Zegeric
942 4057 1027 4103 anno
1043 4035 1215 4106 Dominiee
1235 4035 1444 4106 Incarnacio-
1552 4073 1553 4078 =

308 4135 359 4202 nis
376 4137 549 4206 millesimo
565 4135 785 4208 ducentesimo
805 4142 1055 4230 quadragesimo
1078 4150 1206 4230 quarto,
1229 4149 1344 4228 quarto
1359 4141 1443 4213 Idus
1552 4183 1553 4188 ,

308 4244 491 4332 Februarij‚
509 4245 613 4332 Regni
628 4255 737 4315 autem
754 4251 857 4338 nostri
873 4271 959 4319 anno
975 4249 1113 4320 decimo.
1552 4259 1553 4270 ’

309 4405 446 4470 (Bredctic
462 4405 636 4474 bdrhdrtydn,
655 4411 765 4479 melytltl
777 4428 794 4464 a
806 4409 897 4479 lrirlrly
910 4415 1001 4466 kottlls
1019 4412 1140 4480 peesdtje
1159 4409 1334 4481 verta-sdrga
1349 4416 1444 4469 asino·
1552 4375 1553 4408 ζ

463 4511 510 4548 ron
524 4497 601 4563 sugg,
614 4515 631 4548 a
644 4499 743 4551 ldmdlt.
757 4502 803 4568 hg.
816 4501 963 4569 Battlrytni
976 4502 1070 4556 csalid
1082 4502 1289 4572 lsrdltr'rrtban.)

741 4623 1005 4640 Ἣ
