3148 5156
622 350 778 453 *aas*

142 549 284 616 donandi
312 567 369 616 seu
385 547 519 632 legandi
544 548 576 614 in
595 549 664 614 vita
688 549 740 615 nel
765 550 798 616 in
819 556 928 632 morte,
954 549 1058 616 eidem
1081 549 1203 632 Seenre,
1230 557 1261 618 et

137 659 290 727 iratribus
316 657 385 726 suis
401 678 440 725 aa
455 657 630 726 heredibus
647 659 802 746 ipsorum,
822 667 984 746 potestate
1009 659 1140 746 penitus
1164 658 1257 725 inter·

138 767 234 836 diota.
257 769 342 834 Mete
358 765 502 834 eiusdem
518 772 613 852 terre,
639 768 723 834 sieut
738 768 770 833 in
786 767 904 835 litteris
926 769 1031 854 ipsius
1047 768 1094 834 St.
1111 767 1194 834 Baui
1211 767 1258 832 vi-

137 877 241 944 dimus
257 875 423 960 contineri,
450 873 510 943 hoe
527 875 640 944 ordine
657 875 895 962 distinguntur:
912 877 1023 943 Prima
1039 883 1127 944 meta
1148 875 1260 961 inoipit

136 986 270 1053 afluuio
287 987 417 1066 Drama,
444 991 476 1051 et
491 984 583 1050 vadit
598 985 640 1052 ad
658 986 807 1054 arborem
833 987 1005 1073 populeam
1030 1006 1124 1052 oruee
1150 985 1259 1072 signa·

135 1103 210 1178 tam,
238 1093 299 1159 sub
316 1100 446 1177 quaest
462 1098 689 1178 metaterrea;
717 1093 794 1160 inde
809 1094 900 1160 vadit
917 1095 958 1159 ad
986 1093 1084 1160 aliam
1110 1093 1258 1162 arborem

136 1202 310 1289 populeam
334 1219 429 1267 eruee
451 1200 627 1285 signatam,
653 1201 714 1266 sub
731 1221 795 1284 qua
821 1209 870 1268 est
885 1210 972 1269 meta
986 1209 1111 1286 terrea3
1140 1200 1259 1268 deinde

136 1309 225 1378 vadit
250 1310 294 1376 ad
318 1310 504 1394 virgultum,
536 1309 590 1376 vbi
617 1318 667 1376 est
692 1316 780 1376 meta
804 1316 911 1377 terrea
942 1311 1003 1376 sub
1026 1312 1142 1378 arbore
1167 1309 1259 1394 scilfa

136 1437 228 1486 ornes
239 1416 390 1504 signata;
408 1415 526 1485 deinde
542 1417 634 1484 vadit
650 1415 693 1484 ad
704 1417 869 1484 meridiem
887 1418 930 1485 ad
940 1419 1039 1503 uiam,
1056 1435 1258 1500 seousquam

136 1537 184 1596 est
200 1534 287 1596 meta
302 1534 428 1612 terrea;
457 1525 574 1595 deinde
590 1527 707 1596 transit
723 1527 827 1616 ipsam
843 1527 939 1614 viam,
965 1525 1116 1616 peruenit
1131 1525 1174 1592 ad
1189 1543 1258 1591 eur·

136 1658 207 1704 uam
225 1637 374 1704 arborem
390 1635 474 1704 iliois
491 1635 525 1702 in
543 1637 674 1704 introitu
691 1635 773 1703 silue
789 1635 992 1721 existentem,
1014 1655 1112 1724 super
1127 1653 1193 1719 qua
1208 1641 1258 1700 est

80 1796 87 1814 .
136 1767 222 1833 crux,
250 1755 282 1814 et
299 1747 359 1813 sub
376 1747 490 1814 eadem
515 1752 602 1812 meta
617 1751 743 1831 terrea,
770 1744 888 1812 deinde
904 1743 995 1812 vadit
1019 1743 1062 1811 ad
1076 1743 1194 1810 silvam
1213 1741 1256 1808 ad

136 1856 283 1922 arborem
298 1857 368 1920 iiior·
383 1872 477 1920 oruoe
493 1851 666 1939 signatam,
684 1851 739 1919 vbi
754 1873 833 1920 ornx
843 1853 975 1939 ponitur
991 1872 1049 1939 pro
1065 1856 1165 1935 meta;
1181 1847 1258 1918 inde

136 1963 225 2031 uadit
242 1962 285 2030 ad
301 1962 398 2029 aliam
415 1963 565 2029 arborem
581 1962 685 2048 ilorfo
702 1981 797 2028 oruoe
813 1961 993 2046 signatam}
1014 1961 1091 2027 inde
1105 1955 1198 2026 vadit
1213 1953 1256 2022 ad

139 2075 286 2141 arborem
301 2075 428 2160 pprtioa
443 2091 537 2139 ornes
552 2070 735 2156 signatam,
761 2071 880 2139 deinde
895 2072 1041 2155 peruenit
1066 2069 1107 2137 ad
1124 2067 1257 2136 fluuium

138 2181 284 2266 Plitiehe,
304 2181 398 2248 iuxta
422 2199 516 2266 quem
536 2185 610 2246 sunt
626 2177 688 2245 dne
714 2179 847 2247 arbores
864 2203 940 2267 epar
955 2187 988 2246 et
1012 2179 1077 2246 ilex
1103 2197 1198 2244 ernoe
1217 2173 1258 2243 si

140 2295 246 2376 gnate,
264 2288 323 2356 sub
340 2286 459 2372 quibus
475 2295 524 2353 est
535 2293 623 2352 meta
640 2291 765 2370 terrea,
784 2285 903 2354 deinde
912 2307 971 2373 per
981 2286 1153 2354 Plitiolram
1163 2283 1256 2351 vadit

137 2399 284 2486 superius
310 2396 352 2463 ad
378 2401 481 2462 metas
507 2401 592 2462 terre
618 2392 713 2482 Opoy
739 2393 892 2478 Comitis,
921 2393 1030 2479 ibique
1054 2393 1254 2460 terminatur.

137 2505 315 2594 Snplieanit
340 2503 440 2590 igitur
464 2503 649 2589 Stephanus
665 2503 775 2570 Banus
800 2523 859 2589 pro
884 2503 956 2589 ipso
980 2502 1103 2584 Scene,
1130 2505 1162 2567 et
1182 2518 1255 2566 eum

136 2617 215 2702 ipso,
245 2620 281 2680 vt
305 2612 464 2701 premissa
488 2617 597 2679 nostro
623 2610 830 2694 dignaremur
855 2608 1028 2695 priuilegio
1053 2608 1255 2676 confirmare.

138 2725 231 2792 Gaius
248 2741 308 2792 nos
324 2720 473 2807 preoibus
489 2717 639 2786 inelinati
655 2724 823 2806 presentes
839 2716 986 2786 dedimus
1009 2717 1136 2784 litteras
1151 2713 1254 2802 dupli·

139 2837 180 2901 ois
195 2832 296 2917 sigilli
307 2829 409 2899 nostri
424 2827 599 2898 munimine
610 2825 790 2894 roboratas.
812 2828 932 2894 Datum
947 2847 1006 2913 per
1016 2845 1131 2893 manus
1147 2822 1255 2892 dileoti

138 2951 166 3010 et
181 2941 286 3008 tidelis
311 2937 414 3006 nostri
429 2936 579 3022 Magistri
603 2935 774 3020 Smaragdi
795 2935 949 3002 Albensis
967 2933 1113 3002 Eeolesie
1134 2933 1252 3018 Propo·

138 3050 187 3116 siti
203 3049 277 3116 aule
292 3053 401 3114 nostre
412 3042 702 3128 Viae-Cancellarij
714 3043 817 3109 illecti
828 3041 1015 3112 colonensis
1028 3063 1112 3108 anno
1122 3040 1254 3108 Domini

137 3156 304 3224 millesimo
329 3152 548 3222 dueentesimo
575 3150 844 3236 quinquagesimo
869 3157 995 3236 ootauo,
1020 3149 1123 3236 Regni
1147 3157 1254 3218 autern

136 3265 233 3332 nostri
250 3283 335 3331 anno
351 3259 506 3328 vicesimo
523 3261 634 3326 toreio.

136 3466 272 3532 (Eredetio
286 3461 460 3530 bethsayda,
480 3459 591 3530 melyrb'l
604 3477 621 3510 a
633 3457 724 3525 kirtly
737 3461 826 3512 lrettds
839 3458 1011 3527 poesetjbnelr
1025 3456 1152 3511 titredeke
1165 3463 1253 3510 vitriis·

234 3557 293 3608 ndld
307 3551 534 3622 selyemasinbron
548 3552 625 3618 tilgg,
639 3565 656 3601 a
668 3550 752 3602 budai
765 3551 815 3602 kir.
830 3551 952 3602 kamarai
965 3545 1153 3611 levdltBrban.)

571 3839 822 3853 W
