3134 5158
779 341 939 445 ,2⁹3-

298 539 467 607 descendit
479 539 524 604 ad
534 545 633 624 caput
647 537 742 606 nnius
752 537 842 626 fluuij
859 561 972 609 versus
983 543 1152 629 orientem,
1168 549 1267 629 etpcr
1283 544 1435 612 cundem

296 646 430 714 fluuium
455 645 544 714 cadit
558 646 603 713 ad
618 645 740 714 fontem
755 646 959 736 Brcbroucn;
986 651 1064 718 inde
1081 651 1185 719 tendit
1200 671 1315 720 versus
1331 653 1434 736 aqui-

294 757 403 825 lonem
418 777 480 843 per
495 754 634 822 eundem
659 755 780 822 dictum
794 755 915 825 fontem
931 759 1022 826 vadit
1036 779 1096 848 per
1113 761 1262 848 spacium
1284 760 1426 826 duorum

289 866 454 951 jugerum,
472 871 505 931 et
520 865 671 951 peruenit
685 865 727 930 ad
745 866 852 932 locum
866 868 975 953 pontis
991 855 1148 955 chonis,
1171 867 1228 934 vbi
1245 866 1333 934 cadit
1348 887 1428 953 par·

293 992 354 1040 uus
370 972 496 1040 rinulus
511 971 556 1038 ad
571 972 731 1060 prefatum
746 974 878 1059 fontem,
904 995 963 1061 per
978 996 1074 1061 quem
1089 975 1182 1042 vadit
1197 996 1312 1044 uersus
1336 975 1423 1042 occi·

294 1082 423 1150 dentem
448 1082 599 1170 superius
616 1080 659 1148 ad
675 1089 774 1167 capnt
799 1082 943 1150 eiusdem
957 1084 1064 1168 rinuli,
1092 1085 1213 1170 dequo
1236 1084 1422 1153 ascendens

292 1191 431 1258 transito
448 1223 492 1237 -
507 1227 549 1238 -
566 1214 629 1275 -;
658 1191 794 1276 posthoc
810 1210 887 1258 vcro
904 1191 1072 1259 descendit
1087 1191 1131 1258 ad
1154 1191 1288 1260 fluuium
1304 1189 1422 1259 Conte-

292 1317 404 1383 ncucn,
430 1316 524 1384 quem
540 1296 703 1364 transiens
729 1297 877 1365 ascendit
892 1297 937 1366 ad
952 1298 1064 1385 berum
1091 1300 1167 1367 hinc
1182 1299 1301 1367 transit
1318 1299 1420 1386 viam,

292 1411 325 1472 et
335 1403 504 1473 descendit
519 1405 563 1470 ad
579 1404 754 1492 planiciem
769 1405 877 1490 vallis,
894 1413 926 1473 ct
942 1426 1002 1495 per
1017 1406 1156 1474 eandem
1170 1405 1258 1472 cadit
1274 1405 1317 1473 ad
1328 1415 1423 1473 ante-

292 1514 411 1582 dictam
427 1511 553 1579 limfam
564 1511 751 1600 Cnpchync,
771 1513 827 1580 vbi
842 1535 864 1580 a
879 1513 994 1580 dextro
1007 1513 1207 1600 jobagiones
1217 1514 1326 1581 castri
1341 1522 1424 1581 sunt

291 1621 516 1706 commetanei‚
533 1627 565 1689 ct
580 1621 780 1690 transeundo
804 1620 930 1690 limfam
946 1619 1123 1707 Oupchyne
1142 1621 1231 1688 cadit
1255 1621 1298 1689 ad
1317 1641 1422 1690 vnum

292 1752 428 1820 paruum
439 1729 559 1798 siccum
568 1731 664 1818 potok
679 1729 824 1797 ciusdem
834 1727 1023 1816 Gupchync,
1040 1733 1074 1795 et
1088 1749 1147 1816 per
1164 1730 1302 1796 eundem
1312 1749 1424 1796 reuer-

291 1840 369 1907 titur
386 1838 563 1906 admotam
580 1837 731 1923 priorem.
759 1839 842 1905 Item
857 1837 964 1925 prima
988 1845 1076 1904 meta
1091 1843 1176 1904 terre
1190 1837 1331 1924 Dragos,
1351 1857 1421 1922 que

291 1953 341 2014 est
355 1947 448 2012 iuxta
464 1943 686 2031 anchynam,
712 1943 825 2030 incipit
842 1946 884 2011 ab
901 1943 1069 2014 occidente
1093 1945 1127 2011 in
1144 1943 1260 2012 arbore
1280 1968 1367 2032 epar,
1385 1951 1424 2012 et

289 2053 382 2118 vadit
407 2050 451 2117 ad
466 2051 554 2118 viam
580 2051 666 2119 bona
681 2051 895 2137 longitudino,
923 2059 956 2119 ct
972 2051 1119 2140 peruenit
1144 2050 1189 2117 ad
1213 2059 1335 2118 metam
1355 2057 1424 2119 ter·

289 2180 398 2245 rcam;
415 2159 535 2226 abhinc
544 2159 636 2224 vadit
650 2157 774 2224 directe
790 2177 850 2243 per
863 2159 1042 2243 virgultum
1057 2157 1261 2244 longitudino
1278 2160 1424 2227 duorum

285 2268 437 2354 jugorum
454 2273 487 2334 et
504 2265 640 2353 dimidij,
665 2271 697 2331 et
715 2265 882 2332 descendit
905 2264 948 2334 ad
964 2267 1104 2334 rinuium
1129 2269 1269 2352 siccum3
1294 2267 1423 2336 deinde

289 2375 437 2442 ascendit
453 2374 495 2441 ad
512 2374 678 2458 orientem,
696 2379 729 2440 ct
745 2373 834 2440 cadit
849 2373 1001 2460 adriam,
1018 2395 1081 2459 que
1096 2373 1275 2441 bifurcatur
1289 2375 1334 2440 ad
1348 2396 1422 2442 mo·

287 2484 364 2552 dum
380 2485 496 2569 crucis,
523 2483 579 2550 vbi
596 2491 646 2550 cst
662 2489 750 2549 meta
765 2487 875 2548 terrea
890 2501 911 2548 a
926 2489 1021 2569 parte
1037 2482 1210 2570 aquilonis,
1230 2483 1264 2548 in
1280 2481 1420 2552 sinistro

286 2591 510 2661 castrensibus
536 2587 788 2672 remanentibus,
815 2609 837 2654 a
853 2587 965 2656 dextro
982 2608 1059 2655 vero
1084 2595 1135 2656 cst
1157 2594 1245 2656 terra
1268 2589 1419 2674 Dragos.

285 2703 368 2768 Item
384 2701 491 2788 prima
505 2706 594 2766 meta
609 2705 696 2764 terre
708 2697 947 2782 Ohercsneuch,
965 2716 1028 2780 que
1044 2703 1095 2764 cst
1110 2698 1276 2782 Borconis,
1295 2697 1419 2784 incipit

287 2807 470 2892 ameridie,
495 2807 551 2874 vbi
578 2805 702 2874 rinulus
719 2805 946 2873 Ohcresncuch
972 2805 1059 2872 cadit
1083 2805 1126 2871 ad
1152 2825 1271 2891 aquam
1287 2805 1416 2892 Culpa;

286 2915 363 2982 inde
387 2914 593 3001 progreditur
617 2932 730 2980 versus
755 2913 941 2997 aquilonem
967 2934 1026 3000 per
1050 2912 1188 2980 eundem
1206 2913 1359 2997 rinulum,
1377 2921 1417 2980 ct

285 3021 378 3089 vadit
393 3023 481 3090 bona
504 3021 715 3108 longitudine,
742 3029 775 3087 ct
790 3021 858 3087 exit
881 3019 1037 3086 adunam
1052 3023 1184 3107 vallem,
1210 3027 1244 3087 ct
1258 3040 1317 3107 per
1333 3040 1417 3088 can·

287 3129 360 3197 dem
377 3131 497 3199 vallem
513 3128 606 3196 vadit
623 3135 655 3195 et
670 3127 819 3196 ascendit
831 3148 929 3215 super
945 3129 1049 3213 bercz,
1071 3129 1104 3195 in
1120 3127 1296 3214 codemque
1314 3127 1417 3196 beroa

285 3246 335 3306 ost
350 3239 448 3304 arbor
464 3235 559 3321 ilicis,
586 3235 642 3304 vbi
659 3242 709 3303 ost
725 3243 815 3303 meta
829 3241 946 3320 terrea,
972 3242 1005 3301 ct
1021 3235 1169 3302 ascendit
1194 3235 1238 3302 ad
1252 3233 1415 3303 vorticem

284 3346 391 3432 beroa,
407 3345 462 3412 vbi
479 3349 529 3412 est
544 3349 630 3412 meta
645 3349 761 3427 terrea,
787 3350 820 3410 ct
836 3343 882 3410 ibi
899 3363 920 3409 a
934 3343 1066 3410 sinistro
1091 3341 1305 3410 commetanei
1328 3348 1414 3409 sunt

280 3443 476 3540 j'obagiones
492 3450 619 3536 Castri3
645 3451 723 3518 hinc
737 3449 843 3519 tendit
859 3469 972 3518 versus
996 3449 1162 3534 orientem,
1187 3455 1220 3516 et
1235 3449 1412 3518 descondit

284 3560 328 3627 ad
343 3580 441 3626 vnum
457 3559 580 3627 sontem
603 3557 734 3625 nomine
747 3559 876 3645 Scslny,
903 3565 935 3626 et
951 3557 1041 3624 vadit
1056 3577 1115 3644 per
1130 3557 1267 3624 cundem
1281 3556 1412 3625 sontem

283 3668 327 3736 ad
342 3667 523 3755 predictam
540 3685 659 3750 aquam
677 3665 788 3755 Oulpe,
814 3687 873 3753 per
888 3685 1007 3750 aquam
1023 3664 1194 3732 reuertitur
1209 3663 1253 3730 ad
1264 3664 1410 3750 priorem

281 3783 412 3845 metam.
439 3777 521 3841 Item
537 3775 643 3861 prima
659 3781 744 3842 meta
759 3781 846 3840 terre
865 3773 1027 3859 indaginis
1042 3771 1179 3857 Bndina,
1196 3791 1260 3856 quc
1279 3777 1329 3840 est
1343 3774 1409 3840 Ra-

281 3887 342 3972 cic,
367 3887 483 3972 incipit
499 3885 541 3952 ab
559 3885 693 3970 oriente,
720 3883 775 3950 vbi
791 3883 864 3951 sons
888 3882 1018 3951 nominc
1037 3881 1222 3950 Brcbrouch
1248 3881 1336 3949 cadit
1361 3883 1412 3952 ad

281 4015 401 4079 aquam
418 3993 608 4082 Oupchyna,
626 3993 744 4060 transit
759 3993 898 4060 candem
917 4011 1046 4076 aquam,
1073 3997 1105 4058 et
1121 3989 1199 4056 inde
1214 3989 1318 4058 tendit
1336 4009 1412 4058 ver·

280 4121 335 4170 sus
352 4103 538 4187 aquilonem
567 4099 735 4168 dimidium
755 4101 884 4186 jugeris
900 4098 1115 4183 longitudine,
1141 4105 1173 4165 et
1188 4099 1338 4186 peruenit
1362 4097 1413 4165 ad

280 4210 431 4277 arborem
446 4235 518 4294 nar,
544 4211 602 4276 vbi
618 4215 667 4275 est
692 4228 783 4275 mera
806 4214 934 4292 terrea;
959 4206 1035 4274 hinc
1060 4206 1268 4293 progreditur
1295 4225 1412 4276 versus

279 4315 491 4402 occidentem,
509 4325 542 4384 et
552 4317 643 4384 vadit
653 4317 741 4382 vltra
750 4315 879 4400 siluam,
896 4321 930 4382 et
939 4313 1088 4401 peruenit
1105 4313 1148 4379 ad
1164 4331 1261 4379 vnum
1273 4311 1410 4402 fontem,

278 4425 335 4512 qui
360 4434 495 4492 vocatur
520 4427 706 4510 Prichayni,
734 4433 766 4492 ct
792 4425 910 4492 transit
936 4421 1084 4505 cundem,
1112 4428 1145 4488 ct
1167 4421 1215 4488 ibi
1242 4428 1294 4488 cst
1317 4429 1411 4491 meta

278 4540 404 4617 terrea,
431 4533 506 4599 indo
522 4535 614 4600 vadit
629 4554 688 4620 per
704 4553 865 4620 campum,
892 4535 926 4600 in
942 4531 1050 4600 medio
1067 4529 1213 4598 ciusdem
1229 4531 1337 4618 campi
1352 4551 1411 4600 vc·

277 4640 326 4708 nit
341 4637 385 4707 ad
399 4645 520 4706 motam
534 4645 694 4726 terream,
719 4641 795 4708 indo
811 4641 912 4727 vadit,
939 4647 971 4707 ct
987 4637 1078 4707 cadit
1102 4638 1146 4705 ad
1162 4657 1262 4706 vnum
1283 4641 1409 4730 lacum,
