3112 5148
494 342 653 444 Qu-

81 541 283 625 bprisioBeno
307 546 341 608 et
355 543 452 610 Duoe
472 541 576 610 toeius
599 539 773 608 Selsuonio
798 540 960 624 quendam
983 541 1146 610 hominem

79 645 215 733 tdoiignnn
235 648 364 718 nornine
380 649 520 736 Lodrey
536 649 576 716 de
592 647 821 734 generedghe
836 649 983 732 Comitis,
1001 656 1034 716 et
1048 669 1070 716 e
1086 648 1147 716 Oe-

79 756 139 842 pitulo
150 755 343 840 Zugrabiensi
360 757 528 844 quendem
543 755 741 825 Gononieum
761 755 890 822 nomine
900 757 1093 842 Gregorium
1110 757 1145 824 in

79 863 234 932 terrinoniuur
249 864 341 932 duxit
356 887 482 954 seeum,
508 886 579 934 oum
595 865 714 952 quibus
731 866 855 952 puriter
880 867 1072 953 procedens,
1092 887 1145 934 eo·

79 972 132 1057 ptr
142 973 249 1059 plenius
265 976 407 1045 veritate
423 982 492 1044 tom
509 997 530 1043 a
544 977 662 1044 ricinis
678 983 711 1044 et
724 977 966 1061 eommetaneis,
983 997 1082 1061 quem
1100 977 1143 1044 ab

79 1079 122 1160 dijs
132 1081 282 1148 eumndem
298 1084 449 1169 parcium
465 1083 637 1170 nobilibus,
662 1105 723 1152 nee
738 1105 803 1154 uon
818 1087 861 1152 eb
877 1085 957 1172 ipsis
973 1085 1146 1153 venditori·

78 1186 231 1258 hodrsdem
240 1196 334 1276 terre,
348 1212 487 1277 qnorum
497 1192 776 1280 forbanditoria,
786 1193 893 1281 ipsam
905 1194 1145 1284 dietiStepheo·

78 1296 166 1363 deese
186 1301 367 1386 empticium
393 1301 569 1387 affirmans,
596 1307 701 1369 metes
720 1301 876 1388 eiusdem,
901 1309 934 1370 et
958 1322 1071 1371 omnes
1087 1303 1145 1370 eir·

78 1407 242 1494 nuncius,
267 1416 300 1476 et
315 1412 431 1478 omnia
447 1411 578 1480 nomine
593 1411 816 1496 venditorum
843 1409 997 1480 videlieet
1015 1413 1143 1477 biartnn

78 1513 230 1582 rtdutonns
246 1521 277 1582 et
292 1519 405 1585 Pouse
430 1517 567 1586 filiorum
583 1520 715 1604 Dragos
732 1517 774 1585 de
790 1519 885 1586 Blina
908 1518 1063 1587 nobilium
1080 1536 1144 1584 ser-

78 1619 183 1690 dentium
195 1631 387 1714 nostrorum,
415 1628 470 1712 qui
487 1627 601 1712 viginti
617 1635 691 1697 oeto
707 1647 847 1712 meroes,
872 1627 988 1713 quibus
1005 1624 1143 1693 eandem

78 1744 149 1796 erun
161 1731 213 1798 sibi
227 1731 455 1822 vendiderant,
474 1755 511 1805 se
524 1737 620 1824 plene
636 1737 801 1824 recepisse
817 1741 891 1804 sunt
907 1732 1058 1818 confessi,
1075 1732 1143 1799 suis

77 1836 131 1903 robis
149 1839 250 1908 litteris
265 1841 457 1930 destinauit,
484 1842 569 1928 quod
586 1849 618 1910 ot
632 1843 710 1910 rina
725 1863 805 1910 rooe
828 1841 1032 1929 postmodum
1051 1841 1144 1909 robo-

77 1946 132 2012 nu't
144 1947 227 2016 Cuius
241 1957 327 2018 mete
344 1951 408 2019 hoe
425 1951 536 2020 ordine
546 1951 785 2038 distinguntur:
801 1951 911 2019 Prima
930 1956 1019 2018 meto
1029 1947 1143 2036 inoipit

77 2053 169 2121 attere
190 2057 274 2146 fluuij
291 2061 384 2128 Sane
400 2081 441 2128 ex
466 2061 592 2129 oriente
607 2061 650 2128 ab
674 2061 792 2128 arbore
816 2059 914 2147 pond,
941 2060 1029 2126 eirea
1044 2077 1142 2142 quem

77 2167 176 2234 enee
188 2175 299 2254 terreo,
326 2170 384 2236 vbi
400 2169 502 2237 eoiem
527 2169 660 2256 quidem
676 2168 800 2237 fidulus
820 2168 988 2236 (iherneoh
1012 2167 1141 2235 nomine

77 2268 162 2338 uditin
175 2273 300 2344 dnuinm
327 2275 530 2363 predietnm3
557 2283 672 2344 eontra
688 2296 818 2343 eorsum
843 2276 934 2343 euius
956 2274 1140 2363 proceditur

75 2387 194 2458 unetos
207 2390 329 2453 terreos
357 2391 391 2452 et
406 2385 539 2452 arbores
554 2385 659 2453 erreis
674 2384 778 2454 forme
803 2383 951 2470 signatas
969 2403 1072 2469 voque
1097 2383 1141 2450 ad

76 2483 136 2551 dion
155 2490 255 2578 norm,
282 2493 339 2578 qui
364 2491 549 2562 nominetur
563 2491 729 2579 Lyztouoh
754 2512 812 2579 per
829 2499 933 2560 metus
960 2497 1084 2558 terreos
1108 2495 1141 2556 et

75 2592 159 2664 odores
171 2601 267 2668 erneis
278 2600 386 2670 formu
401 2607 553 2688 notetes;
570 2601 689 2669 deinde
700 2601 887 2688 peruenitur
903 2599 946 2668 ad
961 2599 1058 2680 viem,
1078 2618 1140 2684 quo

75 2703 146 2770 brut
158 2706 308 2794 rinnium;
334 2729 392 2798 per
407 2729 505 2795 quam
520 2709 608 2777 riam
625 2707 730 2776 exitur
755 2707 795 2776 de
810 2709 891 2793 rino,
909 2713 941 2775 et
955 2705 1141 2795 proceditur

74 2827 169 2888 bream
181 2814 221 2882 ed
232 2823 353 2884 metum
369 2824 508 2886 terream
523 2823 557 2884 et
571 2817 648 2886 inde
663 2837 721 2904 per
732 2817 863 2886 arbores
880 2815 1029 2902 signatos
1046 2833 1140 2882 oruoe

74 2919 168 2997 discedit
179 2944 233 3010 per
247 2947 363 2994 nemus
378 2927 583 3014 paludosum,
600 2927 635 2994 in
651 2929 715 2995 fine
730 2927 822 2996 ouius
838 2932 889 2994 est
909 2931 997 2993 mete
1012 2931 1138 3008 terree;

76 3023 145 3096 deiude
163 3053 217 3118 per
240 3037 377 3104 arbores
394 3056 490 3104 erues
513 3043 643 3104 notatos
666 3042 700 3104 et
714 3042 819 3103 metes
843 3041 967 3103 terreos
990 3034 1080 3102 venit
1095 3031 1140 3102 ed

44 3157 45 3190 i
74 3135 185 3222 siquam
208 3145 306 3230 riom,
333 3165 392 3232 per
416 3165 513 3231 quam
538 3144 582 3214 ed
604 3145 692 3213 viem
716 3147 892 3231 sorellam,
916 3163 1018 3229 rsque
1043 3163 1139 3228 quem

44 3199 46 3330 d
74 3239 440 3320 manutenuerunt
456 3254 670 3322 eommetanei
689 3253 870 3337 Blinenses,
887 3253 1018 3340 quondo
1034 3251 1139 3318 dietus

44 3343 45 3346 '
73 3345 204 3434 buuitn
227 3357 291 3425 hes
307 3365 412 3427 metas
434 3359 596 3446 inspexit3
622 3360 681 3427 sed
705 3360 782 3446 quia
803 3366 923 3428 terrem
938 3357 1140 3427 Blinensium

73 3451 167 3530 detines
187 3467 393 3552 postmodum
419 3468 601 3557 hospitibus
627 3468 669 3536 de
693 3467 840 3556 Stytioh,
870 3467 970 3536 iidem
994 3465 1139 3553 hospites

73 3575 229 3642 dundenei
254 3581 332 3643 sunt
347 3576 473 3664 effeeti3
499 3577 705 3664 postmodum
731 3578 872 3645 eeiome
894 3575 1032 3644 sinistris
1056 3594 1140 3644 eom·

72 3680 162 3747 oduei
175 3689 249 3751 snut
273 3683 481 3753 monachide
497 3686 653 3773 Topliee;
679 3706 739 3774 per
755 3705 853 3771 quam
869 3686 956 3752 viam
975 3685 1139 3755 nouellem

72 3796 195 3858 iffnetss
209 3797 334 3860 terreas
358 3793 510 3878 undquos
530 3802 563 3863 et
587 3815 692 3864 nouos
707 3794 833 3862 neuitur
857 3794 901 3862 ad
915 3799 1036 3860 metam
1054 3798 1140 3859 terre

73 3885 165 3963 iibden
178 3900 381 3987 septuennis,
398 3921 462 3969 non
475 3901 571 3969 huius
587 3909 671 3970 terre
687 3903 747 3970 sed
763 3903 908 3986 alterius,
926 3920 1023 3987 qnam
1038 3899 1139 3986 possi-

72 3991 139 4068 derb
158 4009 288 4096 antiqno
313 4031 372 4098 per
397 4011 489 4080 euius
504 4016 591 4079 terre
615 4019 720 4080 metes
746 4011 874 4080 venitur
897 4011 1013 4077 iterum
1037 4027 1140 4094 voque

71 4099 153 4179 iudum
167 4115 253 4184 Sana
262 4142 277 4204 ;‘
297 4123 330 4186 et
344 4118 421 4187 inde
444 4119 565 4187 transit
589 4118 633 4186 ed
656 4117 814 4189 fossatum
830 4115 1007 4199 euentura,
1033 4121 1066 4182 et
1080 4134 1139 4203 per

72 4226 141 4292 epm
153 4221 327 4311 Stepehine
342 4227 426 4295 redit
440 4227 475 4294 in
491 4227 622 4309 Senam,
644 4249 703 4316 per
719 4247 815 4314 quem
830 4223 1001 4294 reuertitur
1016 4223 1061 4291 ed
1074 4223 1139 4311 pri·

71 4339 119 4391 bu
130 4340 248 4419 netem,
265 4343 299 4404 et
313 4335 359 4402 ibi
374 4337 575 4406 terminatur.
599 4337 668 4426 Nos
683 4337 783 4424 igitur
796 4337 880 4406 iusto
899 4333 1041 4423 petentis
1057 4333 1140 4404 desi·

44 4447 45 4456 ¹
70 4423 121 4502 be
132 4435 269 4510 tenorem
284 4443 474 4516 beneuolnm
486 4445 688 4530 adhibentes,
705 4453 825 4514 terrem
840 4443 977 4514 eandem
986 4451 1139 4532 presente

69 4535 165 4615 deum
177 4549 288 4620 rillioo
303 4551 344 4620 de
357 4553 482 4640 Stytieh
497 4555 606 4622 vieino
622 4561 655 4623 et
670 4559 903 4640 eommetaneo,
931 4560 964 4621 et
978 4574 1043 4623 non
1064 4573 1137 4625 eon-

44 4731 45 4796 1
69 4647 208 4744 bdieeow,
223 4657 387 4748 sepedieto
403 4662 579 4749 Stepheoni
595 4671 628 4731 et
642 4663 710 4732 sris
725 4660 901 4730 heredibus
920 4661 1138 4744 heredumque
