3148 5156
819 283 979 382 Q

339 477 514 566 decisione,
542 502 603 566 que
628 481 662 547 in
687 481 849 569 prioribus
864 480 982 547 litteris
998 478 1116 548 nostris
1133 497 1232 564 super
1255 482 1463 574 mutnacione

337 585 548 656 ducentarum
575 608 756 656 marcarum
783 588 996 654 continentur.
1030 585 1131 671 Cujus
1162 587 1462 673 supplicacionibus

335 693 423 761 idem
439 698 550 764 Fauus
562 697 673 764 Abbas
689 695 916 763 fauorabiliter
931 695 1107 762 inclinatus
1124 693 1279 762 ducentas
1296 698 1464 781 octoginta

339 805 516 871 marcasio
541 806 686 872 denariis
706 803 885 890 Regalibns
911 825 984 871 cum
1008 803 1152 892 pondere
1176 812 1354 872 memorata
1378 807 1461 874 Eleis

339 913 499 978 mutuauit
514 933 624 980 coram
640 913 744 996 nobis,
763 919 797 978 ut
812 911 1022 998 prediximus,
1039 913 1130 998 ipsas
1149 913 1316 996 octoginta
1330 933 1462 982 marcas

339 1019 563 1105 superaddens
587 1022 732 1088 ducentis
749 1023 867 1088 mareis
891 1020 1055 1106 predictis.
1080 1021 1288 1088 utricidam
1308 1023 1388 1090 Elec
1406 1023 1461 1090 do·

339 1127 425 1195 mino
441 1125 563 1194 Abbati
579 1127 613 1192 in
629 1127 723 1193 totali
739 1147 866 1194 summa
891 1132 1017 1194 tenetur
1033 1127 1067 1194 in
1084 1127 1231 1194 ducentis
1247 1136 1280 1196 et
1296 1129 1464 1214 octoginta

341 1235 470 1318 marcis,
495 1257 554 1322 pro
579 1235 696 1320 quibus
721 1235 881 1321 omnibus,
908 1245 943 1302 ut
967 1242 1018 1304 cst
1034 1243 1224 1320 pretaetum,
1250 1246 1462 1306 memoratam

339 1344 579 1430 possessionem
595 1343 657 1410 Vrs
676 1342 930 1430 inpignoratam
955 1343 1114 1428 obligauit
1138 1345 1198 1412 sub
1224 1365 1311 1430 pena
1337 1345 1463 1430 obliga·

340 1451 467 1518 cinnum
494 1459 528 1519 et
552 1453 742 1520 caucionum
757 1453 791 1518 in
815 1453 933 1520 litteris
958 1453 1121 1539 prioribus
1150 1453 1279 1522 insertis
1304 1454 1463 1524 seriatim.

341 1558 462 1626 Datum
488 1580 573 1628 anno
596 1560 726 1628 Domini
751 1561 923 1629 millesimo
949 1561 1169 1630 ducentesimo
1194 1563 1464 1648 quinquagesimo

322 1666 489 1756 septimo.

466 1848 500 1916 (Α
511 1847 645 1904 scherviri
658 1849 847 1919 hiptalannak
862 1853 972 1904 lasa-li
985 1850 1140 1915 ritirataibbl,
1153 1853 1222 1905 mint
1233 1849 1335 1918 allibb.)

770 2141 1037 2153 -t———nno—

858 2589 936 2656 333.

344 2767 374 2830 A
388 2769 479 2853 ppb'ra'
494 2769 706 2855 ldptalanuak
721 2771 988 2858 bizorrpsdplcccle,
1004 2775 1085 2856 kopp
1104 2769 1228 2835 Charra
1241 2770 1467 2854 rremsetse'qbela'

343 2873 450 2941 Isinda
470 2876 592 2942 dialect
616 2885 694 2943 acori
702 2880 863 2965 sdldje'nek
878 2880 1038 2965 felere'are't
1054 2879 1162 2944 Endra
1189 2877 1244 2942 Ost
1267 2877 1465 2960 anokdjcinuk

785 2989 897 3052 etanta.
916 2984 1011 3052 1257.

452 3176 637 3262 Capitulum
648 3173 985 3242 Ecolesieleuriensis
1002 3175 1161 3242 uniuersis
1173 3176 1294 3243 Christi
1313 3179 1464 3247 fidelibus

343 3291 510 3373 presentes
525 3284 652 3350 litteras
667 3281 861 3368 inspecturis
878 3283 1059 3364 salutemin
1077 3284 1190 3351 salutis
1207 3284 1373 3369 largitore.
1392 3289 1466 3354 Vn'i·

345 3391 490 3460 uersitati
517 3400 625 3459 uentre
650 3389 855 3458 declaramus
881 3390 1082 3476 presencium
1107 3411 1164 3476 per
1188 3401 1349 3480 tenorem,
1379 3397 1466 3480 quod

345 3501 511 3586 Stephano
536 3498 603 3564 lilio
628 3497 784 3583 Stephani
812 3499 949 3564 deuilla
976 3505 1008 3566 et
1027 3499 1241 3583 generacione
1264 3500 1399 3570 Ghorna
1423 3525 1466 3572 ex

345 3629 410 3676 una
425 3615 527 3694 parte,
545 3615 577 3674 et
593 3605 726 3674 Andrea
741 3608 807 3674 filio
823 3607 934 3675 lhonis
957 3607 1015 3694 filij
1032 3607 1090 3676 0sl
1106 3629 1146 3676 ex
1163 3610 1269 3678 altera
1284 3632 1396 3680 eoram
1411 3634 1466 3680 no·

344 3719 396 3786 bis
413 3715 605 3800 constitutis,
633 3715 721 3783 idern
737 3715 922 3801 Stephanus
938 3724 989 3784 est
1004 3719 1180 3805 confessus,
1209 3719 1296 3804 quod
1311 3721 1467 3790 medieta-

344 3835 408 3896 tem
426 3833 511 3894 terre
529 3825 666 3909 Chalad,
693 3845 754 3909 qne
770 3826 874 3912 ipsius
900 3827 1086 3912 porcionem
1100 3829 1169 3895 iure
1193 3829 1390 3898 hereditario
1411 3831 1467 3897 im·

345 3933 488 4002 mediate
504 3931 722 4018 contingebat,
749 3953 820 4000 cum
836 3935 928 4002 siluis
944 3941 977 4002 et
998 3937 1145 4004 omnibns
1170 3937 1246 4004 aliis
1270 3937 1467 4006 utilitatibus

346 4043 426 4128 suis,
443 4041 587 4110 uicinam
604 4048 636 4109 et
656 4051 910 4112 commetaneam
928 4053 1015 4114 terre
1026 4029 1175 4131 'predicti
1191 4046 1321 4113 Andree
1341 4046 1468 4115 Ohalad

346 4150 520 4234 nominate,
537 4149 739 4218 uendidisset
753 4152 879 4237 prelato
891 4152 1019 4220 Andree
1034 4175 1092 4241 pro
1109 4153 1221 4220 decem
1239 4155 1357 4222 marcis
1368 4155 1467 4222 dena-

347 4262 467 4328 riorum
490 4264 647 4345 perpetuo
673 4259 922 4346 possidendam,
955 4268 988 4328 et
1012 4260 1118 4348 ipsam
1143 4281 1302 4329 summam
1328 4266 1468 4347 pecunie

349 4368 431 4436 dixit
455 4387 491 4434 se
507 4367 549 4434 ab
565 4367 677 4435 eodem
693 4367 826 4436 Andrea
840 4370 986 4456 plenarie
1005 4369 1178 4458 recepisse.
1204 4369 1335 4438 Adiecit
1359 4373 1467 4439 eciam

349 4475 436 4543 idem
450 4477 644 4562 Stephanus,
670 4477 757 4562 quod
771 4477 857 4545 Joan
880 4478 979 4546 frater
995 4478 1098 4564 ipsius
1124 4485 1156 4547 et
1171 4499 1283 4548 omnes
1308 4479 1365 4565 alij
1391 4500 1469 4550 con-

351 4580 522 4663 sanguinei
537 4582 589 4650 sui
603 4585 748 4668 requisiti
764 4585 948 4652 uendicioni
957 4587 1101 4673 predicte
1116 4593 1200 4654 terre
1211 4589 1463 4658 consensissent.
