3148 5156
808 231 961 332 Ψ

320 439 371 500 tus
390 432 523 498 Elexius
540 430 680 496 chrico
697 432 816 501 Comiti
840 431 1051 516 Simighiensi
1076 427 1185 496 Judici
1207 427 1301 496 (lurie
1321 426 1446 492 domini

320 541 419 626 Regis
445 560 502 624 pro
529 539 757 626 redempcione
783 540 953 626 cujusdam
984 541 1204 627 possessionis
1229 558 1287 608 sue
1315 537 1448 608 nomine

320 649 502 717 Moninchel
527 653 690 714 teneretur
705 649 739 713 in
766 649 913 716 ducentis
930 651 1059 732 marcis,
1088 668 1147 715 nec
1163 649 1299 715 haberet
1324 649 1446 734 inipso

318 759 452 827 instanti
470 764 620 844 paratam
645 757 828 843 pecuniam,
855 758 896 824 de
912 777 977 841 qna
993 757 1185 824 satisfacere
1201 766 1312 846 posset
1328 757 1446 826 Comiti

319 868 459 934 Henrico
476 864 675 951 supradicto,
693 864 843 930 dominus
862 864 974 931 Abbas
990 865 1142 950 precibus
1162 865 1322 950 sepedicti
1340 867 1446 933 Elerii

321 977 499 1042 inclinatus
522 971 563 1038 de
580 971 718 1057 pecunia
732 971 920 1038 lllonasterii
937 972 987 1038 sui
1002 970 1168 1058 predictas
1191 972 1347 1040 ducentas
1364 995 1447 1040 mar-

319 1102 375 1149 cas
401 1084 435 1148 in
460 1079 605 1148 denariis
630 1079 811 1164 Regalibus
836 1099 906 1144 curn
932 1079 1136 1164 pondere-
1155 1080 1338 1166 -eidem,
1365 1102 1447 1164 quas

321 1193 425 1258 eciam
442 1190 591 1254 dominus
608 1186 718 1252 Abbas
735 1187 765 1253 ei
780 1185 870 1252 dedit
886 1205 995 1254 eoram
1013 1186 1117 1270 nobis,
1145 1208 1203 1274 pro
1220 1187 1339 1270 quibus
1359 1187 1447 1254 idern

319 1297 455 1365 Elexins
481 1294 644 1381 quandam
671 1297 911 1390 possessionem
938 1313 1031 1362 suam
1057 1295 1187 1363 nomine
1202 1297 1264 1362 Vrs
1290 1295 1387 1362 sitam
1412 1298 1447 1361 in

322 1407 485 1477 comitatu
501 1405 710 1488 Simighiensi
737 1423 807 1469 oum
825 1403 975 1470 omnibus
994 1404 1189 1471 utilitatibus
1213 1405 1282 1470 suis
1302 1411 1335 1470 et
1348 1405 1449 1490 perti-

321 1513 457 1596 nenciis,
474 1513 568 1579 terris
592 1511 748 1579 uidelicet
763 1511 955 1596 arabilibus,
975 1511 1104 1594 feretis,
1125 1511 1310 1598 piscaturis,
1328 1511 1447 1596 syluis,

322 1624 426 1690 seruis
443 1629 475 1689 et
499 1621 661 1686 libertinis
678 1638 718 1685 ae
733 1619 860 1704 insulis,
886 1639 1025 1685 necnon
1042 1619 1118 1686 aliis
1135 1619 1341 1706 appendiciis
1357 1618 1448 1686 idem

321 1732 456 1805 Elexius
472 1730 558 1797 dieto
575 1727 704 1796 domino
721 1727 841 1793 Abbati
860 1733 892 1793 et
907 1729 1104 1795 Monostcrio
1120 1727 1190 1794 eius
1211 1728 1450 1814 impignorabit

321 1847 352 1912 in
378 1843 462 1910 festo
487 1838 598 1904 Sancti
615 1835 788 1901 Laurcnoii
814 1835 872 1901 tali
898 1835 1019 1903 modo:
1046 1835 1139 1902 Vtin
1165 1836 1326 1922 principio
1351 1839 1448 1905 tercii

321 1951 399 2020 anni
415 1947 552 2014 eandem
563 1944 723 2011 redimere
738 1949 908 2028 teneretur,
926 1944 1151 2010 medicantem
1169 1949 1315 2030 tempore
1332 1967 1450 2018 omnes

322 2061 443 2128 fructus
460 2062 492 2122 et
507 2054 665 2120 utilitates
681 2053 786 2138 ipsius
802 2054 1021 2138 possessionis
1038 2052 1189 2119 dominus
1199 2051 1311 2120 Abbas
1328 2059 1360 2120 et
1379 2057 1446 2126 lilo-

322 2165 500 2236 nasterium
525 2163 630 2248 ipsius
655 2162 833 2248 percipere,
860 2180 920 2228 nec
944 2161 1031 2227 idem
1058 2163 1190 2230 Elexius
1215 2169 1292 2230 ante
1315 2165 1448 2251 lapsum

323 2279 458 2345 duorum
485 2291 641 2338 annorum
666 2271 786 2355 poterit
808 2268 978 2356 redimere,
1004 2271 1036 2336 in
1063 2272 1224 2358 principio
1249 2293 1326 2342 vero
1351 2277 1448 2342 tercii

322 2385 398 2452 anni
416 2381 585 2449 restituere
601 2379 763 2445 tenebitur
778 2375 909 2444 domino
934 2377 1056 2444 Abbati
1073 2379 1229 2445 ducentas
1247 2399 1376 2448 marcas
1394 2404 1447 2452 eo-

321 2494 395 2559 dem
412 2489 507 2558 modo
524 2508 594 2554 cum
611 2485 756 2573 pondere
772 2487 857 2552 sicut
873 2487 902 2551 ei
921 2493 994 2553 sunt
1012 2487 1126 2554 solute.
1144 2486 1178 2553 Si
1196 2492 1303 2554 autem
1321 2489 1354 2554 in
1372 2491 1445 2576 ipso

321 2600 457 2667 termino
469 2597 628 2666 redimere
644 2595 744 2660 nollet
754 2599 811 2658 uut
827 2613 891 2658 non
903 2599 1024 2679 posset,
1042 2599 1151 2678 partes
1162 2614 1271 2660 coram
1286 2597 1382 2662 nobis
1392 2618 1447 2666 no·

322 2707 490 2775 minabunt
505 2722 663 2789 personas
679 2699 722 2766 ad
739 2699 954 2766 estimandum
966 2703 1206 2786 possessionem
1223 2711 1445 2790 memoratam,

321 2817 410 2882 facta
434 2820 542 2879 autern
566 2811 776 2878 estimaeione
796 2809 948 2892 quicquid
965 2809 1050 2876 vltra
1066 2807 1222 2878 ducentas
1246 2833 1375 2878 marcas
1391 2833 1445 2880 su·

322 2921 490 3010 perfuerit,
504 2919 593 3004 justo
607 2917 716 3004 precio
734 2917 881 2983 dominus
892 2918 1005 2983 Abbas
1017 2919 1144 2984 soluere
1160 2919 1321 2985 tenebitur
1329 2920 1445 2988 Elexio

323 3031 499 3115 sepedicto,
516 3031 544 3094 si
556 3027 693 3094 condem
706 3025 843 3093 uoluerit
854 3046 1053 3110 comparare,
1067 3027 1211 3110 alioquin
1227 3029 1300 3112 ipsa
1317 3047 1446 3113 posses·

322 3137 370 3204 sio
388 3136 475 3221 apud
500 3135 664 3201 dominum
683 3135 843 3201 Abbatem
861 3141 893 3201 et
918 3136 1022 3220 ipsius
1041 3135 1271 3202 llonasterium
1291 3139 1447 3222 oppigno-

322 3250 395 3311 rata
422 3243 609 3311 remanebit.
637 3243 706 3308 lloo
731 3243 835 3309 eciam
860 3243 1008 3310 nolumus
1035 3243 1279 3329 pretermittere,
1306 3245 1448 3328 quodsi

324 3351 430 3417 dietus
441 3351 577 3417 Elexius
595 3351 629 3416 in
646 3352 782 3419 ternrino
799 3351 957 3419 solucioni
975 3351 1123 3418 faciende
1142 3353 1312 3435 assignato
1331 3371 1389 3418 nec
1405 3350 1450 3418 ad

322 3457 507 3526 faciendam
525 3458 736 3542 solucionem,
762 3479 822 3525 nec
838 3460 942 3526 eciam
964 3458 1007 3524 ad
1033 3461 1218 3542 eligendum
1243 3459 1451 3527 estimatores

324 3568 424 3634 uellet
440 3565 605 3649 accedere,
624 3567 697 3651 ipsa
713 3566 878 3652 possessio
903 3567 990 3634 dicto
1007 3568 1127 3633 Abbati
1144 3575 1175 3632 et
1191 3568 1262 3652 ejus
1287 3569 1450 3635 Monaste·

324 3675 372 3740 rio
397 3681 552 3761 perpetuo
579 3683 760 3741 remaneret
784 3674 994 3761 possidenda.
1028 3677 1098 3742 lloc
1126 3673 1231 3740 ceiam
1262 3675 1451 3760 adjicimus,

324 3783 453 3866 quodsi
471 3783 588 3866 aliquis
615 3783 929 3867 consanguineorum
946 3785 1047 3869 ipsius
1065 3783 1172 3848 bllcxii
1188 3783 1241 3848 vel
1267 3784 1375 3866 quiuis
1392 3782 1451 3846 ali-

319 3909 358 3955 us
384 3891 488 3975 ipsum
515 3890 681 3957 dominum
699 3891 857 3958 Abbatem
884 3891 936 3957 uel
962 3889 1192 3958 Monasterium
1220 3909 1313 3956 suum
1340 3887 1451 3954 medio

321 4005 466 4084 tempore
491 4001 588 4066 vellet
612 4001 768 4085 impetere
792 4019 891 4086 super
916 4000 989 4085 ipsa
1005 3999 1222 4086 possessione,
1248 3997 1301 4064 vel
1327 3997 1450 4079 aliquis

324 4107 506 4190 molestare,
533 4106 720 4192 sepedictus
738 4107 871 4173 Elexius
896 4107 1036 4194 propriis
1060 4107 1228 4174 laboribus
1246 4113 1278 4172 ct
1293 4103 1451 4190 expensis

321 4215 476 4298 expedire
501 4215 669 4300 tenebitur,
698 4235 737 4281 uc
753 4215 874 4298 injure
899 4216 1121 4302 possessionis
1146 4221 1325 4280 memorate
1341 4210 1452 4276 Abba-

321 4329 385 4387 tem
410 4328 442 4388 et
472 4324 703 4391 monasterium
735 4343 828 4391 suum
854 4343 1060 4391 conseruare.
1100 4322 1312 4409 Supradietus
1343 4319 1451 4386 eciam

319 4429 463 4496 loannes
489 4431 575 4497 filius
592 4431 742 4515 Gregorii
758 4439 791 4498 et
806 4432 918 4499 Abbas
939 4432 980 4498 de
995 4435 1055 4501 Jaa
1071 4431 1212 4499 confessi
1235 4435 1312 4495 sunt
1338 4445 1452 4492 eoram

321 4537 425 4616 uobis,
453 4537 539 4618 quod
562 4537 648 4603 idem
665 4541 808 4608 loannes
836 4549 868 4608 et
884 4540 1115 4608 monasterium
1131 4538 1174 4605 de
1190 4539 1250 4605 Jan
1273 4533 1399 4600 nullam
1417 4533 1448 4599 in
