3112 5148
815 239 973 340 -Ῑέἒ,

333 437 487 524 misisset,
505 443 616 504 vestm
626 455 664 504 se
679 434 841 522 datum,
862 440 896 502 et
909 433 1085 522 prouidere
1101 452 1174 502 eam
1184 453 1288 518 usque
1304 433 1467 504 adnouas

329 553 460 630 segetes
475 546 509 613 in
525 547 594 613 vite
608 542 806 630 neeessarijs
822 541 885 610 stb.
902 543 1023 611 Datum
1032 539 1124 612 Bude
1134 541 1188 610 39.
1206 540 1260 610 die
1270 546 1467 610 omanorum

329 653 425 722 Beati
440 649 609 722 Michaelis
624 647 826 736 Archangeli
845 669 933 717 auno
956 647 1088 717 Domini
1110 650 1157 716 ll⁰
1173 647 1293 720 0000⁰
1308 650 1388 718 XX·
1405 651 1465 718 11⁰.

331 849 418 916 (ldsen
427 847 620 903 ittlblevtlnek
630 847 747 900 credetis
756 863 774 899 e
783 847 866 899 budai
875 847 927 900 lrir.
938 848 1061 900 kamarai
1071 843 1241 900 levdltdrbou
1251 847 1386 900 dristeb'k.
1393 847 1428 898 V.
1440 853 1465 899 δ.

496 934 725 1004 Okmdnytdrunlr
738 932 863 988 masodik
876 933 1051 1003 iolyamdnak
1064 937 1086 990 1.
1100 936 1158 988 ket.
1173 936 1233 986 29⁷.
1248 935 1298 1002 ss.)

761 1219 1030 1232 *nn—.—

865 1661 922 1729 99.

331 1843 362 1911 Α
378 1846 495 1930 saepem
509 1840 734 1930 kdptolouuok
759 1840 1035 1928 bizouysdpleoele,
1051 1839 1133 1930 luopy
1147 1841 1247 1908 Jascl
1270 1840 1464 1928 bolternuyo-

331 1951 385 2016 ναι·
398 1949 488 2015 laicos
504 1947 722 2035 cuj-mehoolti
731 1947 921 2034 ooltdszoe'pdt
930 1947 1064 2014 coislin
1081 1949 1200 2015 Miletos
1207 1948 1329 2034 fiduuk
1345 1947 1465 2014 eladio.

846 2057 944 2120 1243.

439 2250 627 2338 Capitulum
652 2249 799 2318 Ecclesia
823 2249 918 2316 Beati
943 2249 1075 2318 Martini
1102 2250 1143 2317 de
1159 2251 1283 2338 Scepus
1307 2249 1461 2318 omnibus

331 2355 451 2426 Obristi
466 2357 618 2426 fidelibus
635 2358 840 2446 presentibus
855 2357 979 2444 pariter
995 2364 1028 2425 et
1042 2357 1169 2444 futuris,
1195 2357 1312 2443 quibus
1328 2376 1461 2444 presen-

331 2471 381 2532 tes
398 2465 619 2552 ostendentur,
644 2465 783 2533 salutem
800 2465 833 2531 iu
850 2465 994 2532 omnium
1010 2465 1192 2533 Saloatore.
1215 2463 1267 2530 Ne
1282 2483 1390 2531 rerum
1406 2483 1462 2548 ge-

331 2578 454 2640 starum
480 2573 636 2638 memoria
660 2571 758 2638 simul
772 2591 845 2638 cum
861 2579 1009 2657 tempore
1031 2571 1162 2638 labatur
1186 2591 1244 2638 scu
1268 2576 1459 2654 euanescat,

329 2677 507 2763 peritorum
525 2698 567 2745 ea
579 2676 741 2746 industria
751 2679 892 2746 virorum
907 2679 1090 2748 litterarum
1104 2679 1285 2767 patrocinio
1302 2677 1458 2762 solidare,

331 2805 471 2853 necnon
497 2791 692 2872 perpetuare
707 2785 886 2854 adiuuenit.
910 2787 1052 2855 Proinde
1070 2786 1114 2854 ad
1130 2787 1353 2856 uniuersorum
1377 2785 1458 2854 noti-

331 2893 416 2963 ciam
440 2889 556 2957 barum
581 2889 667 2957 serie
692 2891 842 2958 volumus
867 2891 1058 2978 peruenire,
1084 2891 1173 2976 quod
1196 2891 1346 2960 discretis
1376 2891 1459 2958 viris

330 2997 430 3069 Jaseb
456 2995 497 3064 de
512 2997 760 3082 Helteruagora
786 2997 829 3064 ab
844 3017 920 3084 rna,
947 3015 987 3065 ao
1007 2995 1147 3066 Goblino
1171 2997 1239 3066 lilio
1262 2997 1392 3066 Nicolai
1415 2997 1459 3065 de

329 3103 457 3194 Lepide
473 3103 515 3169 ab
532 3103 638 3170 altera
653 3111 757 3192 parte,
783 3123 893 3172 coram
909 3103 1004 3171 nobis
1020 3105 1238 3192 personaliter
1261 3103 1458 3190 constitutis,

329 3213 417 3279 idem
433 3211 535 3278 Jascb
551 3210 683 3277 oraculo
698 3211 774 3279 siue
789 3211 880 3279 vocis
896 3221 947 3280 est
963 3211 1143 3300 consessus,
1163 3213 1251 3298 qnod
1267 3211 1459 3280 sculteciam

330 3317 473 3386 suumin
487 3319 801 3385 NouaRuznmbacb
818 3319 973 3408 habitam,
991 3341 1090 3406 quam
1101 3319 1319 3390 mediantibus
1336 3319 1458 3388 nostris

329 3425 447 3492 litteris
464 3423 644 3492 dinoscitur
660 3445 879 3511 comparasse,
909 3447 981 3494 cum
998 3427 1136 3495 dimidia
1151 3435 1245 3515 parte
1266 3427 1457 3512 molendini,

329 3531 495 3598 constituti
511 3531 545 3597 in
560 3529 660 3597 fluuio
675 3531 717 3598 de
733 3533 849 3600 eadem
864 3534 955 3620 villo,
973 3533 1172 3620 braxatoria,
1189 3556 1229 3603 ac
1240 3535 1366 3604 duobus
1378 3533 1457 3602 libe-

329 3638 374 3706 ris
389 3637 494 3706 laucis
510 3647 677 3724 terrarum,
695 3647 729 3706 et
744 3659 817 3708 oum
831 3648 926 3710 sexta
941 3649 1034 3729 parte
1050 3663 1167 3711 census
1179 3643 1213 3711 in
1225 3641 1457 3711 exacciouibus

327 3747 560 3834 prouenicntis,
587 3767 659 3814 cum
675 3747 785 3816 causis
800 3766 904 3833 usqne
928 3747 1087 3817 fertonem
1098 3749 1288 3836 judicandis
1312 3769 1386 3816 cum
1402 3767 1455 3816 ea·

327 3873 397 3923 rum
412 3853 570 3942 birsagijs
596 3874 637 3920 ex
652 3853 780 3940 integro
796 3856 1025 3945 percipiendis,
1052 3877 1091 3925 ac
1107 3857 1215 3928 causis
1239 3879 1338 3945 supra
1354 3855 1453 3925 ferto·

325 3979 399 4030 nem
410 3960 600 4048 judicandis
626 3982 716 4031 more
731 3963 829 4030 solito
855 3985 915 4050 per
939 3966 1095 4033 scultetos
1111 3973 1144 4032 et
1169 3966 1354 4050 obseruate,
1381 3984 1457 4032 cum

324 4068 425 4135 tercia
442 4075 537 4155 parte
549 4067 665 4154 judioij
682 4069 858 4137 earundem
879 4089 1052 4138 causarum
1075 4071 1295 4160 percipienda,
1314 4091 1353 4138 ac
1378 4070 1457 4157 alijs

325 4179 357 4238 et
373 4173 515 4260 singulis
533 4173 729 4243 utilitatibus
755 4181 788 4243 et
803 4175 1013 4264 pertinenciis
1032 4177 1076 4244 ad
1101 4177 1238 4245 eandem
1263 4175 1457 4245 sculteoiam

325 4281 560 4368 spectantibus,
584 4283 789 4352 vendidisset
805 4295 836 4352 et
852 4283 1000 4352 vendidit
1018 4285 1144 4373 prelato
1161 4287 1302 4356 Goblino
1317 4285 1385 4355 illio
1401 4287 1458 4356 Ni·

325 4385 410 4453 colai
425 4407 485 4474 pro
501 4387 618 4474 viginti
634 4410 694 4458 sex
719 4390 838 4460 marcis
854 4411 1040 4479 grossorum
1056 4391 1263 4464 denariorum
1286 4397 1384 4484 plene
1398 4397 1458 4463 ba-

324 4489 401 4557 bitis
416 4491 459 4558 ab
476 4493 591 4560 eodem
607 4503 640 4560 st
655 4497 808 4583 acceptis,
834 4497 897 4564 sibi
914 4505 947 4566 et
971 4499 1039 4568 sois
1055 4501 1298 4570 successoribus
1314 4502 1349 4569 in
1365 4503 1454 4572 lilios
