3102 5160
653 859 727 927 leo.

129 1039 234 1105 Malta
258 1039 320 1104 Vae
334 1044 496 1126 odmnepyc
508 1038 742 1127 fdiapdrtjdnolc
754 1041 937 1106 iotc'akecle'ao
951 1041 1049 1108 Jacob
1064 1041 1165 1108 Jteoa
1179 1045 1244 1126 fict-

128 1149 183 1214 ack
195 1148 257 1232 veja
274 1147 410 1214 Ldrtnce
429 1148 576 1213 amcam
591 1159 643 1214 tett
657 1147 914 1235 bbtokdtenpedc'a
938 1149 1123 1236 tdrppdban.
1149 1151 1248 1221 1248.

223 1343 295 1410 Nos
320 1344 361 1410 N.
387 1341 504 1410 (lomes
529 1340 638 1409 (lastri
662 1341 776 1408 Ferrei
800 1349 913 1409 notum
937 1341 1075 1410 facimus
1098 1344 1248 1412 omnibus

126 1447 315 1540 (presentes)
341 1449 469 1517 litteras
493 1449 699 1537 inspecturis,
727 1446 815 1534 quod
840 1450 1003 1536 Georgius
1028 1450 1113 1518 filius
1138 1451 1247 1538 Wota,

125 1559 300 1645 prnroins
315 1557 404 1624 filius
418 1560 503 1645 Insa,
515 1557 729 1626 Olotovfilins
741 1555 868 1642 (donov,
885 1565 919 1626 et
928 1558 1011 1626 Paul
1020 1559 1106 1627 filins
1120 1560 1245 1645 Motha,

124 1669 162 1734 ad
174 1674 322 1734 nostram
336 1665 530 1733 accedentes
546 1665 762 1752 presenciam,
779 1665 994 1732 Laurencium
1009 1667 1110 1734 filium
1120 1669 1247 1752 Tywan

124 1777 248 1845 homine
264 1781 375 1842 nostro
392 1779 527 1860 accepto
543 1780 714 1840 traxerunt
728 1773 763 1838 in
779 1792 924 1860 cansam,
941 1777 1118 1859 abegerunt
1133 1780 1247 1841 contra

123 1885 225 1972 ipsum
240 1903 303 1970 pro
319 1881 461 1968 quadam
487 1889 572 1949 terro
596 1879 730 1948 Ohacan
755 1881 894 1966 nomine,
922 1897 1021 1966 qnam
1044 1881 1246 1949 Laurencins

123 1993 159 2057 ab
173 1990 256 2078 ipsis
282 2009 382 2056 manu
397 1988 542 2057 uiolenta
565 1989 730 2055 retineret.
757 1987 957 2055 Laurencine
972 2007 1051 2056 uero
1066 1988 1245 2077 respondit,

121 2099 203 2182 qnod
218 2099 283 2166 sibi
298 2097 442 2166 Jacobus
457 2095 543 2165 lilius
559 2096 720 2164 lobannis
734 2103 855 2164 terram
875 2117 968 2164 suam
993 2097 1179 2182 empticium
1204 2118 1245 2164 ex

121 2213 209 2294 parte
225 2205 329 2273 lindri
344 2205 511 2292 adipsum
526 2203 713 2272 desolatam
738 2205 885 2272 dedisset
900 2226 941 2272 ex
957 2223 1117 2273 consensu
1132 2224 1245 2274 eorum

120 2335 236 2399 genero
256 2332 317 2381 eno
332 2313 513 2380 Laurencio
528 2319 710 2398 prenotato,
728 2321 761 2380 et
775 2332 873 2400 snper
888 2313 950 2381 boc
966 2313 1101 2380 baberet
1117 2311 1244 2380 litterae

120 2422 260 2510 Capituli
287 2421 399 2490 Sancti
422 2421 594 2488 Michaelis
620 2421 661 2487 de
688 2421 803 2490 Castro
819 2421 951 2488 Ferreo.
968 2418 1108 2486 Prodicti
1134 2425 1243 2486 autem

120 2530 263 2597 homines
279 2529 503 2598 contradicere
522 2529 735 2596 intendebant
750 2528 876 2596 litteris.
903 2527 1090 2594 Dicentem
1111 2523 1238 2593 demon·

120 2637 292 2707 stracionis
317 2639 497 2705 litterarum
523 2637 677 2723 prelibati
701 2637 848 2705 homines
877 2635 996 2703 litteris
1021 2631 1243 2703 contradicere

120 2767 178 2814 non
195 2753 477 2834 presumpserunt,
495 2745 620 2813 scilicet
635 2745 796 2830 dixerunt,
822 2744 910 2829 quod
925 2763 966 2810 cx
981 2761 1142 2809 consensu
1157 2739 1242 2827 ipsc·

117 2873 181 2921 nrm
196 2861 230 2922 et
245 2859 460 2938 cognatorum
475 2873 607 2920 snorum
633 2853 777 2920 Jacobus
793 2859 915 2918 terram
931 2856 1137 2938 prenotatam
1157 2851 1242 2916 Lau·

119 2963 222 3030 reneio
238 2961 383 3030 dedisset
409 2961 545 3050 pacifice
570 2969 727 3048 perpetuo
748 2959 989 3048 possidendam.
1015 2959 1056 3027 Et
1071 2959 1115 3025 ad
1131 2956 1242 3027 contir-

25 3059 26 3066 '
117 3071 295 3138 macionem
311 3075 344 3135 et
368 3069 668 3137 corroboracionem
683 3069 864 3137 litterarum
880 3067 989 3135 (lastri
1004 3065 1125 3151 Penei,
1152 3073 1186 3132 et
1201 3085 1242 3132 ex

117 3197 272 3246 consensu
299 3177 474 3244 eorundem
499 3177 628 3244 litteras
652 3182 783 3244 nostras
807 3174 922 3244 eodem
948 3181 1071 3260 tenore,
1097 3175 1183 3242 sicut
1207 3173 1241 3240 in

117 3285 230 3353 litteris
247 3285 391 3372 Capituli
407 3284 619 3368 confinentur,
635 3284 864 3353 concessimus.

363 3481 544 3548 (Kttrctkeailr
556 3497 574 3536 ι
588 3483 649 3536 tet.
664 3497 700 3536 en·
713 3498 738 3536 a
753 3479 873 3550 elrmtny
884 3499 891 3546 3
904 3484 940 3536 U·
954 3480 990 3547 o.)

538 3771 808 3794 W
