3134 5158
895 331 1039 432 aaa

404 529 498 596 illata
515 528 716 598 decernimus
740 535 848 600 mutuo
865 531 1067 598 remittenda.
1084 527 1135 594 Ad
1152 527 1220 612 hcc,
1240 533 1273 592 vt
1289 525 1441 615 predicta
1460 546 1521 592 om-

406 639 462 706 nia
478 637 599 705 firmius
611 638 832 726 obserucntur,
847 639 969 726 placuit
983 637 1145 728 partibus,
1162 643 1194 704 et
1208 657 1268 705 nos
1285 635 1521 723 assumpsimus

404 767 462 832 pro
478 745 561 815 bono
577 745 678 833 pacis,
704 754 738 812 ut
755 751 880 831 partam
906 748 1133 814 obseruantem
1155 743 1367 832 prescriptam
1394 741 1522 811 ordina·

406 855 530 922 cionem
555 874 780 922 conseruemus
805 857 838 921 in
864 876 922 924 suo
943 857 1012 923 iure
1037 860 1152 921 eontra
1184 852 1321 920 alteram
1343 851 1519 919 obscurare

404 983 469 1030 non
494 963 667 1033 volentem.
693 962 860 1031 Adicimus
885 963 1007 1048 eciam,
1036 963 1124 1049 quod
1148 969 1258 1048 partes
1283 969 1467 1049 spontanea
1492 967 1524 1026 et

405 1073 551 1140 ultronea
575 1072 742 1138 voluntate
757 1071 1029 1140 renunciauernnt
1054 1071 1204 1140 omnibus
1222 1069 1339 1138 litteris
1355 1075 1388 1136 et
1408 1069 1523 1136 instru-

404 1179 530 1266 mentis,
547 1182 618 1248 sino
635 1202 656 1246 a
671 1180 755 1248 Sede
764 1179 964 1266 Apostolica‚
976 1181 1027 1247 vel
1045 1178 1254 1263 undecunque
1264 1179 1407 1245 obtentis
1423 1199 1521 1264 snper

404 1288 465 1356 hoc
479 1286 577 1372 facto,
594 1286 658 1354 fide
673 1288 752 1354 data
767 1288 990 1374 promittentes
1006 1287 1040 1378 in
1057 1295 1185 1354 nostras
1205 1307 1318 1354 manus
1335 1306 1376 1354 ea
1394 1285 1522 1371 integre

405 1397 579 1480 resignare,
607 1403 640 1462 et
666 1397 693 1463 si
719 1415 783 1480 qua
809 1396 931 1464 axillis
957 1395 1052 1463 modo
1080 1396 1187 1481 aliquo
1213 1415 1313 1482 penes
1337 1395 1522 1481 qnempiam

405 1513 618 1592 remanerent,
644 1525 740 1572 cassa
764 1511 874 1572 essent
890 1513 922 1572 et
937 1506 1073 1594 inutilia,
1101 1505 1257 1572 etnullas
1283 1505 1370 1571 vires
1395 1505 1524 1592 penitus

407 1613 565 1680 habitura.
593 1615 712 1680 Datum
728 1621 760 1682 et
776 1621 883 1681 actum
899 1613 933 1680 in
948 1615 1074 1682 Waska
1091 1635 1175 1682 anno
1193 1613 1323 1680 Domini
1352 1614 1523 1682 millesimo

406 1721 624 1790 ducentesimo
643 1723 910 1810 quinquagesimo
929 1723 1049 1808 quinto.

406 1921 496 1986 (1504.
510 1918 624 1974 olrtdvas
642 1919 780 1986 iurasset,
800 1923 871 1990 moly
885 1923 942 1976 lrclt
954 1925 1047 1986 „Bude
1067 1925 1134 1976 laria
1153 1927 1249 1989 quarta
1261 1924 1383 1991 proxima
1402 1928 1467 1973 ante
1487 1922 1528 1972 lo·

406 2017 475 2062 stum
489 2011 568 2062 Beati
581 2012 691 2064 Martini
704 2014 833 2080 Episcopi
846 2019 874 2065 et
887 2014 1063 2078 confessoris,
1082 2017 1194 2082 papiron
1209 2031 1226 2066 a
1240 2013 1320 2066 budai
1335 2014 1386 2068 kir.
1400 2013 1525 2064 kamarai

873 2102 1060 2172 lavtlttrbsn.)

860 2390 1079 2404 ⁸*-

932 2877 1009 2948 276.

406 3053 467 3120 IV.
478 3053 606 3121 Sdndor
614 3057 701 3142 pcipe
715 3079 737 3122 a
751 3057 887 3144 spalotci
900 3059 1037 3124 asemel
1052 3058 1244 3146 caephappja,
1263 3057 1344 3143 bopp
1361 3081 1399 3122 aa
1409 3057 1533 3142 njonan

557 3164 717 3229 cdlasatott
731 3165 878 3231 aebenicot‘
887 3165 1041 3253 pdspdlcdt
1054 3165 1251 3252 cuperdcs'tsc.
1274 3163 1372 3229 1255.

514 3359 700 3427 Alexander
724 3361 904 3449 Episcopus
929 3382 1043 3430 seruus
1068 3381 1235 3430 seruorum
1258 3363 1320 3429 Dei
1346 3360 1536 3429 venerabili

407 3464 499 3530 fratri
517 3517 525 3535 .
542 3516 552 3550 ,
570 3517 577 3532 .
596 3465 851 3556 Archiepiscopo
876 3471 1063 3558 Spalatensi
1087 3472 1224 3539 salutem
1249 3478 1282 3538 et
1301 3469 1539 3558 Apostolicam

407 3573 674 3643 benedictionem.
699 3576 765 3644 Sua
780 3577 876 3646 nobis
892 3576 1076 3665 Capitulum
1094 3579 1307 3646 Sibinicensis
1329 3579 1479 3646 Ecclesia
1499 3579 1540 3644 in

405 3681 579 3749 Sclaucnia
603 3683 722 3769 peticio
750 3681 963 3772 monstrabat,
987 3686 1073 3771 qnod
1098 3705 1169 3753 cum
1189 3686 1266 3754 olim
1282 3685 1432 3754 Ecclesia
1455 3687 1543 3774 ipsa

406 3796 540 3878 pastore
557 3797 696 3876 vacaret,
719 3792 794 3879 ipsi,
810 3801 905 3880 prout
921 3793 1018 3863 moris
1034 3801 1092 3880 cst,
1117 3795 1347 3863 conuenientes
1366 3793 1402 3862 in
1417 3814 1540 3883 mum,

406 3896 546 3986 Spiritus
571 3900 682 3966 Sancti
707 3902 817 3986 gratia
844 3901 996 3971 invocata
1020 3903 1171 3972 dilectum
1196 3903 1299 3972 lilium
1322 3905 1356 3972 S.
1380 3903 1546 3972 eiusdem

407 4006 554 4074 Ecclesia
570 4007 892 4097 Archiprcsbiterum,
919 4012 1023 4079 virum
1039 4013 1162 4100 utique,
1188 4021 1223 4080 ut
1242 4021 1403 4098 asserunt,
1423 4017 1548 4100 provi-

407 4113 484 4182 dum
500 4122 533 4183 et
548 4116 727 4206 honestum,
754 4139 793 4187 ac
808 4120 843 4186 in
858 4121 1081 4208 spiritualibus
1098 4131 1130 4190 et
1147 4122 1379 4210 temporalibus
1395 4123 1548 4192 circum-

408 4229 564 4312 spectum,
589 4229 783 4298 unanimiter
798 4237 832 4298 et
858 4231 1059 4302 concorditer
1084 4233 1254 4320 clegerunt
1269 4233 1303 4300 in
1329 4251 1440 4301 eorum
1456 4233 1551 4322 Epi-

406 4353 540 4421 scopum
556 4343 589 4403 et
604 4346 777 4423 pastorem.
796 4341 913 4408 Verum
927 4341 1013 4428 quod
1029 4351 1074 4428 tu,
1091 4344 1146 4426 qui
1163 4342 1225 4410 loci
1241 4341 1330 4409 illius
1341 4342 1551 4428 Metropoli-

406 4451 501 4512 tanus
518 4445 643 4532 existis,
659 4468 719 4534 pro
736 4467 784 4536 co,
809 4450 896 4534 quod
912 4449 1062 4518 Ecclesia
1077 4451 1151 4537 ipsa
1167 4458 1256 4518 tanto
1272 4457 1417 4538 tempore
1432 4471 1554 4522 vacn-

406 4559 508 4635 verat,
535 4551 622 4636 quod
637 4553 681 4620 ad
694 4556 812 4622 Sedem
828 4557 1051 4645 Apostolicam
1077 4567 1148 4627 erat
1166 4559 1236 4627 eins
1262 4560 1405 4645 provisio
1429 4558 1554 4634 devo·

406 4658 484 4745 luta,
500 4660 636 4728 renuisti
652 4661 841 4731 electionem
859 4665 1042 4734 huiusmodi
1058 4669 1257 4752 confirmare,
1275 4665 1414 4753 predicti
1431 4667 1559 4758 Capi·
