3122 5154
620 851 675 918 77.

111 1034 152 1096 IX.
165 1033 286 1121 Gerpely
295 1036 453 1120 pdpdnuk
470 1033 672 1099 iutezkedo'sei
686 1055 708 1096 u
723 1033 767 1098 ΙΙ.
788 1034 916 1121 Fripyes
928 1038 1055 1099 eudszoir·
1065 1033 1141 1101 elluo
1159 1036 1204 1100 iu·

271 1141 407 1206 ditando
420 1142 571 1206 keresttes
585 1139 706 1206 tuomst
722 1140 907 1227 tdrpydbun.
924 1143 1020 1208 1241.

193 1337 366 1422 Gregorius
383 1336 566 1422 Episcopus
592 1355 706 1402 seruus
723 1357 889 1404 seruorum
906 1338 969 1404 Dei
994 1337 1113 1409 dileoto
1135 1339 1203 1408 filio

107 1445 224 1511 Jobunni
238 1445 279 1511 de
295 1443 447 1510 Cinitellu
462 1443 668 1511 Subdiueono
685 1451 718 1511 et
730 1443 912 1530 (depelluno
928 1451 1049 1529 nostro,
1066 1445 1205 1514 sulutem

106 1560 129 1615 et
141 1553 349 1638 Apostolieum
364 1551 636 1618 benedictionem.
662 1552 741 1618 Cum
758 1551 817 1618 tibi
834 1551 1022 1618 duxerimus
1038 1551 1205 1637 iniungen-

106 1659 173 1744 dum,
196 1669 228 1727 nt
251 1667 364 1728 contro
379 1659 579 1728 Friderionm
605 1660 727 1728 dietum
743 1662 985 1746 Imperatorem,
1011 1659 1204 1746 perditionis

106 1767 196 1850 ilium,
209 1767 238 1834 in
252 1767 396 1853 Ungurie
405 1769 520 1852 Regno
531 1768 663 1836 verbum
674 1768 777 1834 erneis
789 1786 997 1853 proponeres,
1015 1773 1048 1834 et
1058 1769 1205 1837 nonnulli

104 1875 127 1940 in
141 1875 216 1944 dieto
231 1879 343 1960 Regno
359 1877 492 1943 interro
508 1879 625 1944 Sancte
645 1876 827 1943 subsidium
852 1877 1055 1962 susceperint
1075 1875 1204 1960 signnm

103 1983 197 2066 erneis,
222 2004 261 2050 ex
277 2004 341 2067 quo
358 1983 625 2070 impedimentum
642 2005 705 2052 non
721 1983 883 2051 modicum
899 1991 953 2050 tuo
969 1983 1137 2070 proposito
1152 2005 1204 2069 ge·

103 2099 232 2174 nerutur;
249 2113 308 2158 nos
324 2092 537 2178 attendentes,
555 2093 643 2178 quod
658 2099 749 2160 tunto
770 2091 933 2160 salubrius
950 2101 1000 2160 est
1015 2091 1204 2180 Apostolioe

101 2198 162 2264 sedi
177 2200 207 2265 in
223 2199 283 2266 hoo
299 2200 507 2268 necessitatis
524 2200 661 2268 articulo
672 2199 854 2284 subvenire,
872 2207 992 2284 quanto
1009 2201 1084 2287 ipsu
1099 2209 1204 2268 muter

101 2315 125 2372 et
137 2315 226 2394 eaput
250 2308 327 2375 fidei
344 2309 378 2374 in
395 2307 527 2392 marius
552 2308 722 2374 christiani
745 2309 885 2382 nominis
905 2309 1084 2396 perieulum
1103 2308 1204 2394 impu-

101 2421 210 2498 guotm,
235 2413 407 2482 devocioni
433 2420 497 2498 tue,
524 2421 658 2481 ntroin
681 2414 979 2499 oruoesignutorum
1004 2414 1146 2499 ipsorum
1171 2414 1204 2480 in

98 2521 300 2589 defensionem
316 2521 463 2588 Ecclesie
480 2529 592 2588 eontra
606 2520 806 2588 Friderioum
823 2519 971 2606 eundem,
990 2521 1018 2586 si
1035 2539 1143 2587 eorum
1161 2519 1204 2586 ud

98 2630 124 2696 id
137 2649 305 2698 consensus
332 2629 518 2713 accesserit,
546 2633 743 2695 uommnture
760 2629 885 2711 voleus,
913 2648 952 2694 ue
969 2627 1051 2713 ipsis
1076 2633 1108 2694 et
1134 2627 1204 2695 reli-

98 2737 156 2820 quis
170 2738 401 2806 redimentibus
418 2745 495 2804 vota
511 2756 580 2822 sno,
602 2735 775 2805 dummodo
792 2755 965 2823 expensus,
991 2755 1073 2821 quus
1089 2735 1205 2804 fautori

97 2852 192 2914 esseut
207 2845 312 2912 eundo
339 2845 510 2910 interram
535 2842 724 2929 predictum,
751 2844 907 2912 morundo
932 2842 1012 2910 inibi
1038 2849 1071 2910 et
1086 2842 1204 2910 exinde

97 2952 254 3039 redeundo,
280 2955 315 3020 iu
331 2950 481 3018 manibus
505 2951 569 3016 tuis
587 2958 619 3016 et
636 2949 748 3018 dileeti
763 2951 822 3018 filii
840 3001 888 3018 ...
905 2952 1043 3020 Abbutis
1060 2951 1101 3018 de
1117 2951 1204 3018 Pelis

95 3059 305 3128 Cisteroiensis
316 3057 459 3140 Ordinis,
479 3065 511 3123 et
525 3055 693 3124 Benedicti
704 3057 861 3124 Ounouioi
878 3057 1110 3142 Strigoniensis
1123 3058 1205 3124 ussi-

96 3175 190 3254 gnent,
207 3168 240 3234 in
256 3165 480 3234 defensionem
491 3162 677 3231 huiusmodi
693 3166 971 3250 transmittendas,
988 3167 1079 3232 iilum
1096 3163 1203 3250 possis

95 3275 248 3361 indulgere
265 3273 396 3340 venium
412 3277 629 3358 peecatorum,
656 3292 718 3356 que
734 3273 881 3358 prodiote
896 3279 982 3342 terre
996 3272 1205 3340 sueourrenti-

95 3383 198 3452 busin
224 3382 380 3452 Generuli
406 3379 551 3448 coneilio
577 3387 628 3450 est
654 3401 819 3467 concessu,
850 3383 987 3450 liberum
1013 3379 1205 3448 auctoritate

95 3493 283 3574 presencium
307 3489 513 3558 concedimus
528 3489 729 3559 facultatem.
754 3493 875 3558 Datum
892 3488 1047 3557 Laterani
1071 3485 1205 3555 ibidus

93 3597 248 3669 Februarii
263 3598 489 3688 (Pontificatus
506 3595 624 3683 nostri)
641 3617 727 3666 anno
744 3593 836 3666 XIII.

420 3795 549 3860 (Tiroiner
561 3797 597 3848 id.
611 3816 644 3852 m,
659 3803 680 3854 1,
695 3801 750 3856 ket,
767 3798 826 3848 179.
839 3796 869 3864 i.)

514 4107 769 4123 ......-...·—n-——n-
