3102 5160
326 442 448 539 Datum
475 491 562 540 anno
577 472 709 538 Domini
725 469 849 537 M·CC⁰
861 471 933 536 XL⁰
950 479 1080 553 octauo,
1107 489 1166 555 per
1192 489 1308 537 manus
1328 472 1477 562 Georgij

326 579 472 648 Lectouis
492 579 735 664 Strigoniensis.

326 776 467 842 (Eredetie
479 774 655 844 bb'rhbrtyin,
678 777 792 842 melyrdl
808 792 824 828 a
838 773 1086 842 uirga-violasainli
1106 778 1230 827 asinoron
1251 776 1366 843 suggest
1379 781 1476 847 peccet

556 867 700 933 elvesuett,
716 865 828 937 abudai
840 866 891 916 kir.
903 865 1027 916 kamarai
1040 861 1227 932 leveltdrban.)

757 1153 1012 1162 ———---—-

323 1810 355 1874 A
370 1809 462 1895 pydri
476 1809 689 1894 kdptalanaolc
713 1809 990 1894 biscopedpleuela
1016 1811 1095 1898 bopy
1111 1811 1262 1877 Solamen
1280 1827 1469 1902 mactusq-

324 1919 383 1984 bcia'
398 1914 520 1980 Farkoe
536 1919 566 1976 e'a
582 1916 717 1978 teetcdea'
733 1913 852 1979 Miletos
873 1913 1160 1998 Istednnalcfia'col
1179 1939 1268 2003 peres
1284 1919 1469 1986 birtokulou

628 2025 718 2083 oe'zoc
735 2027 908 2106 eppeose'pre
924 2022 1028 2107 le'pteia
1053 2023 1150 2088 1248.

431 2215 620 2303 Capitulum
636 2214 784 2282 Ecclesia
796 2213 986 2284 Geuriensis
1003 2219 1156 2288 omuibus
1173 2221 1294 2288 Christi
1308 2219 1468 2290 fidelibus

323 2333 493 2414 presentes
519 2323 648 2389 litteras
666 2321 865 2408 inspecturis
890 2326 1030 2391 salutem
1046 2325 1080 2392 in
1105 2327 1222 2395 salutis
1245 2333 1387 2396 auctore.
1408 2329 1467 2395 Ad

320 2433 546 2501 uniuersorum
571 2429 728 2498 noticiam
745 2437 861 2497 tenore
884 2431 1090 2515 presencium
1106 2433 1255 2502 uolumus
1278 2437 1467 2524 peruenire,

322 2541 409 2628 quod
424 2537 599 2606 Foroasius
627 2535 668 2602 de
684 2555 804 2621 genere
820 2537 1005 2607 Salomonis
1021 2560 1082 2625 pro
1108 2559 1144 2607 se
1162 2551 1195 2608 et
1209 2542 1277 2609 suis
1293 2541 1466 2628 iratribus,

320 2649 475 2716 uidelicet
490 2645 511 2713 J
514 2647 634 2729 acobo,·
645 2645 753 2726 Petro,
770 2643 950 2713 Benedicto
979 2655 1011 2712 et
1026 2648 1132 2715 Panlo
1152 2667 1192 2714 ex
1209 2670 1275 2717 una
1297 2657 1402 2736 parte,
1430 2659 1467 2720 et

318 2757 500 2823 Nhicolaus
529 2753 619 2820 filius
636 2750 798 2836 Stephani
823 2771 864 2818 ex
884 2754 999 2838 altera,
1025 2757 1068 2821 ad
1093 2763 1238 2824 nostram
1265 2759 1467 2828 secedentes

318 2863 537 2952 presenciam
554 2858 718 2945 predictus
728 2859 901 2928 Forcasius
918 2859 1010 2948 dixit,
1032 2864 1120 2948 quod
1130 2863 1200 2951 ipse
1217 2873 1250 2932 et
1265 2867 1316 2932 sui
1331 2865 1456 2934 iratres

318 2981 423 3038 terras
433 2967 574 3034 Vithalis
589 2963 648 3050 filij
658 2963 776 3050 Beche,
792 2965 981 3036 decedentis
998 2967 1068 3034 sine
1078 2969 1210 3056 herede,
1229 2971 1313 3038 sitas
1328 2971 1462 3040 invilla

317 3079 474 3146 Salomon
499 3081 531 3140 et
548 3073 665 3157 Votha‚
688 3091 787 3158 super
812 3073 928 3157 quibus
953 3075 1062 3160 ipsum
1087 3075 1261 3145 Nicolaum
1283 3085 1459 3146 traxerant

318 3187 352 3252 in
370 3202 514 3269 oausam,
533 3181 753 3248 mediantibus
762 3182 876 3268 probis
892 3181 972 3250 viris
988 3206 1009 3270 p
1024 3221 1060 3234 —
1075 3221 1118 3232 -
1129 3222 1227 3234 --
1244 3204 1299 3252 eos
1313 3185 1465 3255 reforma

317 3333 362 3343 -
377 3331 421 3344 -
436 3331 481 3341 -
498 3291 602 3359 eidem
618 3291 780 3360 Nieboleo
796 3292 898 3360 libere
914 3301 947 3360 et
962 3293 1098 3380 pacifice
1128 3293 1329 3362 dimisissent
1345 3315 1469 3382 perpe·

314 3409 371 3471 tuo
388 3397 624 3488 possidendas3
649 3399 821 3484 presertim
846 3419 918 3466 eum
944 3399 1017 3486 ipse
1032 3399 1211 3468 Nicholaus
1235 3399 1312 3467 illas
1337 3407 1452 3468 terras

317 3531 390 3578 cum
407 3529 467 3576 sua
481 3509 617 3595 propria
632 3506 773 3592 pecunia
789 3507 1005 3574 remutauerit
1021 3507 1063 3573 de
1082 3507 1198 3574 relicta
1213 3507 1354 3593 predicti
1367 3508 1466 3576 Vita-

315 3617 367 3686 lis.
393 3617 462 3684 Nos
488 3615 589 3701 igitur
614 3614 658 3680 ad
674 3613 874 3700 peticionem
900 3613 1004 3699 ipsius
1027 3613 1177 3700 Forcasij
1204 3613 1333 3700 prelato
1349 3614 1405 3703 lt,
1422 3624 1466 3684 nt

315 3725 393 3793 illas
408 3731 513 3791 terrae
539 3722 645 3808 possit
662 3723 703 3790 de
720 3729 827 3790 cetero
845 3723 930 3789 sicut
948 3723 1102 3809 proprias
1118 3722 1299 3809 possidere,
1325 3743 1467 3809 presen-

314 3839 364 3898 tes
375 3831 597 3898 concessimus
608 3828 735 3896 litteras
745 3829 851 3898 nostri
862 3828 967 3912 sigilli
983 3827 1352 3914 munimineroboratas,
1369 3849 1467 3901 anno

314 3939 447 4008 Domini
472 3935 792 4006 mcdxmvttr.
822 3935 981 4022 chepano
999 3935 1185 4022 Preposito‚
1210 3936 1290 4003 Silue
1314 3937 1471 4006 Castore

282 4081 290 4090 ·
313 4046 602 4130 ThomaCustode‚
619 4045 745 4113 ilicone
756 4047 900 4128 Decano,
918 4043 1099 4110 Viruntone
1111 4041 1354 4112 Archidiacono
1371 4041 1468 4112 (ien-

313 4155 418 4222 riense
435 4155 663 4221 existentibus.

641 4294 671 4358 A
796 4291 823 4358 Β
946 4291 972 4357 C
1094 4291 1125 4358 D

384 4437 434 4502 (Aa
448 4439 549 4490 erudeli
562 4437 630 4490 utin
639 4437 775 4505 nghelyi
784 4437 882 4493 Dersd,
896 4437 986 4489 Huzai
997 4433 1168 4503 Okmtnytdr
1180 4434 1201 4486 Ι.
1215 4435 1271 4487 lrbt
1286 4436 1330 4486 25.
1343 4431 1376 4502 1.)
