3112 5148
617 351 768 458 -1-32-

115 545 195 610 simi
222 545 349 612 roboris
367 545 440 614 inre
457 552 616 632 perpetue
640 546 826 632 insignitas.
852 549 975 618 Datum
999 551 1088 637 apud
1112 557 1255 622 eastrnm

115 654 249 722 Turnat
264 673 324 739 per
338 673 461 722 manns
475 654 627 740 Magistri
640 654 809 722 Benedieti
825 655 988 744 Prepesiti
998 657 1161 746 Alternis,
1177 663 1254 730 aule

114 768 232 828 nostre
240 759 442 847 Ganeellarij
459 770 493 830 et
506 762 613 832 Eleeti
624 763 823 832 Geleeeneis.
843 764 1096 834 venerabilibus
1105 769 1254 852 patribus

114 867 351 954 Barthelemee
369 867 722 953 Quinqueeeelesiensi,
738 867 1004 957 GleteAgriensi,
1023 872 1253 944 Barthelemee

116 975 368 1062 vesprimiensi,
382 973 550 1061 Stephane
564 973 791 1064 Zagrebiensi,
807 975 985 1046 Benediete
997 979 1206 1050 waradiensi
1221 989 1254 1052 et

117 1083 290 1168 postulate
313 1082 493 1166 Janriensi,
518 1081 686 1169 Stephane
700 1084 876 1152 Waeiensi
891 1091 923 1152 et
941 1087 1107 1174 postulate
1133 1089 1253 1176 Strige

115 1189 227 1257 niensi
240 1189 431 1277 Episcopis,
457 1189 623 1256 Eeelesies
637 1189 702 1257 Dei
717 1191 994 1279 gubernantibus3
1020 1195 1178 1263 Ladislse
1194 1197 1253 1266 Pa-

118 1297 232 1364 latine
256 1303 288 1364 et
302 1295 432 1364 Gemite
445 1295 654 1381 symigiensi,
670 1297 821 1366 Dionisie
837 1299 929 1366 Dnee
946 1301 1051 1370 teeius
1065 1302 1251 1390 Selenenie,

115 1404 255 1471 Matheo
270 1403 539 1472 Tawnrnieernm
562 1409 595 1469 et
610 1403 736 1472 Gemite
759 1405 961 1490 Peseniensi,
984 1408 1135 1476 Relande
1152 1412 1252 1496 Depi-

119 1509 266 1578 Ieremm
282 1519 314 1578 et
331 1511 459 1579 Gemite
473 1507 643 1596 Nitriensi‚
660 1510 817 1578 Maurieie
827 1511 1060 1580 Pineernarum
1077 1521 1110 1579 et
1126 1515 1252 1584 Gemite

117 1617 296 1701 tentione,
312 1617 682 1703 StephaneAgazenum
697 1625 731 1685 et
745 1616 870 1686 Gemite
886 1617 928 1684 de
936 1618 1046 1684 Vrbaz
1062 1619 1250 1708 Magistris;

116 1723 303 1792 Laurentio
313 1723 511 1792 Waiaweda
519 1724 766 1810 Transsiiuene,
783 1723 953 1810 Stephane
969 1725 1036 1792 filie
1050 1724 1144 1792 Ghak
1160 1727 1251 1796 Bane

116 1831 161 1898 de
187 1833 351 1914 Seevrem,
376 1831 522 1900 Amelde
545 1831 760 1918 Supruniensi
771 1883 780 1917 ,
805 1831 968 1900 Baldnine
993 1833 1103 1899 Ferret
1135 1833 1250 1921 Gastri,

117 1939 266 2024 Georgie
290 1939 482 2008 Zalndiensi
498 1939 689 2025 Gemitibns,
716 1947 749 2008 et
764 1939 840 2006 eliis
864 1959 962 2024 quam
986 1939 1133 2027 pluribus
1148 1941 1248 2027 Megi-

121 2053 250 2114 stretns
265 2051 298 2112 et
306 2044 490 2114 Comitatus
505 2048 703 2114 tenentibus.
719 2049 816 2115 Arme
826 2047 998 2116 Dominiee
1007 2049 1251 2118 Ineerneeienis

118 2153 489 2239 M⁰GG⁰XLIIJ⁰‚IIIJ⁰
511 2155 674 2224 kalendas
693 2157 875 2242 Februarii,
891 2157 997 2243 Regni
1015 2164 1125 2226 antem
1149 2161 1249 2227 nestri

115 2281 207 2328 anne
223 2267 350 2330 eetane.

115 2439 170 2504 (Ax
190 2441 289 2492 eredeti
308 2438 374 2493 utdn
398 2441 499 2494 Rdmer
512 2441 608 2506 Fldris,
628 2443 712 2508 Gydri
726 2441 892 2494 T'drtdnelmi
912 2439 939 2493 ds
959 2439 1103 2507 Regeszeti
1122 2443 1244 2496 Fdzetsk

491 2533 513 2582 1.
527 2533 582 2583 ret.
597 2533 670 2598 eyes
685 2533 762 2584 1861.
777 2533 839 2582 ser.
853 2527 883 2598 ι.)

114 3441 136 3504 1
140 3439 181 3506 V.
197 3439 280 3505 Beda
295 3439 470 3526 kirdlynak
486 3440 610 3526 dljedap
625 3443 707 3506 nevil
721 3440 863 3507 birtelsra
883 3442 1056 3508 venatione
1070 3441 1250 3527 ademdnpe

332 3546 486 3626 Beehend,
503 3545 621 3612 Mitem
628 3547 746 3632 fidaei·
761 3551 919 3614 ezdmdre.
945 3549 1043 3614 1243.

228 3742 311 3808 Bela
326 3742 390 3809 Dei
415 3741 529 3826 gracia
544 3742 724 3828 Hungarie,
741 3743 923 3828 Dalmaeie,
941 3742 1109 3826 Ghreaeie,
1135 3745 1250 3827 Reme,

114 3849 243 3934 Seruio,
261 3850 412 3932 Gallieie,
430 3849 624 3917 Ledemerie
636 3849 857 3934 Gemanieqne
872 3852 943 3917 Rex
957 3851 1119 3918 vniuersis
1130 3848 1249 3915 Ghristi

112 3955 271 4024 fidelibus
296 3959 454 4044 paginam
471 3964 658 4042 presentem
677 3958 876 4043 inspeetnris
901 3958 1039 4023 salutem
1057 3957 1092 4022 in
1105 3975 1183 4022 nere
1200 3975 1250 4020 sa-

112 4065 229 4132 lutari.
254 4065 359 4149 Regie
374 4064 540 4130 Maiestati
556 4064 610 4150 pie
626 4071 659 4130 et
674 4063 813 4131 fideliter
829 4063 1021 4132 insudantes
1036 4061 1142 4150 Regia
1157 4059 1250 4148 digni

110 4181 196 4241 sunt
210 4170 479 4239 remuneraeiene
494 4171 648 4257 gaudere,
674 4179 707 4238 et
723 4173 878 4256 equitatis
893 4173 1056 4238 tramitem
1078 4192 1142 4240 nen
1159 4191 1251 4238 exee-

111 4284 179 4366 dit,
195 4291 231 4348 nt
246 4281 356 4347 deneti
366 4281 490 4347 laberis
507 4287 539 4347 et
554 4281 723 4349 fidelitatis
739 4281 890 4348 meritum
901 4281 1068 4366 eeagitata
1084 4285 1117 4347 et
1138 4300 1247 4367 super·

108 4391 255 4459 effluens
272 4408 424 4455 mensura
439 4395 673 4474 recompenset.
690 4390 875 4476 Eeprepter
895 4388 939 4455 ad
954 4390 1178 4458 vniuerserum
1194 4408 1249 4454 ne-

110 4500 232 4565 tieiam
258 4499 374 4565 harum
392 4497 476 4565 serie
501 4499 650 4565 uolumus
667 4499 850 4582 peruenire,
876 4499 962 4582 qued
978 4517 1049 4564 eum
1069 4497 1176 4565 fidelis
1191 4517 1248 4562 ne-

110 4615 190 4673 ster
203 4601 356 4670 Beehend
372 4603 459 4669 filius
475 4602 605 4670 Nieelei
620 4604 761 4689 plurima
777 4602 872 4671 nobis
890 4603 923 4667 in
938 4601 1067 4670 feruere
1084 4602 1251 4668 fidelitatis
