<?xml version="1.0" encoding="UTF-8"?>
<!DOCTYPE html PUBLIC "-//W3C//DTD XHTML 1.0 Transitional//EN"
    "http://www.w3.org/TR/xhtml1/DTD/xhtml1-transitional.dtd">
<html xmlns="http://www.w3.org/1999/xhtml" xml:lang="en" lang="en">
 <head>
  <title>
</title>
<meta http-equiv="Content-Type" content="text/html;charset=utf-8" />
  <meta name='ocr-system' content='tesseract 3.04.00' />
  <meta name='ocr-capabilities' content='ocr_page ocr_carea ocr_par ocr_line ocrx_word'/>
</head>
<body>
  <div class='ocr_page' id='page_1' title='image "./codexdiplomatic15wenzgoog_0051.png"; bbox 0 0 3134 5150; ppageno 0'>
   <div class='ocr_carea' id='block_1_1' title="bbox 840 226 998 330">
    <p class='ocr_par' dir='ltr' id='par_1_1' title="bbox 840 226 998 330">
     <span class='ocr_line' id='line_1_1' title="bbox 840 226 998 330; baseline 0 -40"><span class='ocrx_word' id='word_1_1' title='bbox 840 226 998 330; x_wconf 52' lang='lat'>—1-4—</span> 
     </span>
    </p>
   </div>
   <div class='ocr_carea' id='block_1_2' title="bbox 351 419 1489 1261">
    <p class='ocr_par' dir='ltr' id='par_1_2' title="bbox 351 419 1489 1261">
     <span class='ocr_line' id='line_1_2' title="bbox 353 419 1488 508; baseline 0 -20"><span class='ocrx_word' id='word_1_2' title='bbox 353 439 451 508; x_wconf 86' lang='lat' dir='ltr'><strong>quam</strong></span> <span class='ocrx_word' id='word_1_3' title='bbox 476 420 616 508; x_wconf 86' lang='lat' dir='ltr'><strong>illorum,</strong></span> <span class='ocrx_word' id='word_1_4' title='bbox 644 421 701 505; x_wconf 88' lang='lat' dir='ltr'><strong>qui</strong></span> <span class='ocrx_word' id='word_1_5' title='bbox 718 420 751 488; x_wconf 93' lang='lat' dir='ltr'><strong>in</strong></span> <span class='ocrx_word' id='word_1_6' title='bbox 766 422 829 489; x_wconf 91' lang='lat' dir='ltr'><strong>hoc</strong></span> <span class='ocrx_word' id='word_1_7' title='bbox 854 419 1013 488; x_wconf 87' lang='lat' dir='ltr'><strong>dederunt</strong></span> <span class='ocrx_word' id='word_1_8' title='bbox 1037 419 1229 506; x_wconf 87' lang='lat' dir='ltr'><strong>consilium,</strong></span> <span class='ocrx_word' id='word_1_9' title='bbox 1256 421 1415 490; x_wconf 84' lang='lat' dir='ltr'><strong>auxilinm</strong></span> <span class='ocrx_word' id='word_1_10' title='bbox 1435 421 1488 488; x_wconf 83' lang='lat' dir='ltr'><strong>vel</strong></span> 
     </span>
     <span class='ocr_line' id='line_1_3' title="bbox 351 523 1486 615; baseline 0.001 -20"><span class='ocrx_word' id='word_1_11' title='bbox 351 526 506 613; x_wconf 83' lang='lat' dir='ltr'><strong>favorem,</strong></span> <span class='ocrx_word' id='word_1_12' title='bbox 531 534 639 596; x_wconf 86' lang='lat' dir='ltr'><strong>utrum</strong></span> <span class='ocrx_word' id='word_1_13' title='bbox 654 525 742 594; x_wconf 90' lang='lat' dir='ltr'><strong>idem</strong></span> <span class='ocrx_word' id='word_1_14' title='bbox 759 527 942 614; x_wconf 77' lang='lat' dir='ltr'><strong>Episcopus</strong></span> <span class='ocrx_word' id='word_1_15' title='bbox 959 523 1093 595; x_wconf 89' lang='lat' dir='ltr'><strong>eosdem</strong></span> <span class='ocrx_word' id='word_1_16' title='bbox 1120 528 1281 614; x_wconf 80' lang='lat' dir='ltr'><strong>sarilegos</strong></span> <span class='ocrx_word' id='word_1_17' title='bbox 1297 528 1486 615; x_wconf 86' lang='lat' dir='ltr'><strong>receptarit,</strong></span> 
     </span>
     <span class='ocr_line' id='line_1_4' title="bbox 352 634 1487 722; baseline 0.001 -19"><span class='ocrx_word' id='word_1_18' title='bbox 352 657 392 703; x_wconf 90' lang='lat' dir='ltr'><strong>ac</strong></span> <span class='ocrx_word' id='word_1_19' title='bbox 408 637 449 704; x_wconf 89' lang='lat' dir='ltr'><strong>de</strong></span> <span class='ocrx_word' id='word_1_20' title='bbox 464 637 613 705; x_wconf 89' lang='lat' dir='ltr'><strong>omnibus</strong></span> <span class='ocrx_word' id='word_1_21' title='bbox 639 635 891 704; x_wconf 79' lang='lat' dir='ltr'><strong>circumstantiis</strong></span> <span class='ocrx_word' id='word_1_22' title='bbox 906 634 1028 720; x_wconf 83' lang='lat' dir='ltr'><strong>negotii</strong></span> <span class='ocrx_word' id='word_1_23' title='bbox 1046 634 1298 721; x_wconf 82' lang='lat' dir='ltr'><strong>diligentissime</strong></span> <span class='ocrx_word' id='word_1_24' title='bbox 1320 637 1487 722; x_wconf 90' lang='lat' dir='ltr'><strong>inquiren-</strong></span> 
     </span>
     <span class='ocr_line' id='line_1_5' title="bbox 352 743 1488 832; baseline -0.002 -20"><span class='ocrx_word' id='word_1_25' title='bbox 352 754 412 831; x_wconf 91' lang='lat' dir='ltr'><strong>tes,</strong></span> <span class='ocrx_word' id='word_1_26' title='bbox 441 765 504 832; x_wconf 85' lang='lat' dir='ltr'><strong>que</strong></span> <span class='ocrx_word' id='word_1_27' title='bbox 528 744 720 812; x_wconf 88' lang='lat' dir='ltr'><strong>inveneritis</strong></span> <span class='ocrx_word' id='word_1_28' title='bbox 745 743 906 812; x_wconf 82' lang='lat' dir='ltr'><strong>studeatis</strong></span> <span class='ocrx_word' id='word_1_29' title='bbox 931 743 1028 812; x_wconf 91' lang='lat' dir='ltr'><strong>nobis</strong></span> <span class='ocrx_word' id='word_1_30' title='bbox 1055 743 1176 812; x_wconf 87' lang='lat' dir='ltr'><strong>vestris</strong></span> <span class='ocrx_word' id='word_1_31' title='bbox 1204 743 1321 812; x_wconf 89' lang='lat' dir='ltr'><strong>litteris</strong></span> <span class='ocrx_word' id='word_1_32' title='bbox 1346 745 1488 812; x_wconf 88' lang='lat' dir='ltr'><strong>fideliter</strong></span> 
     </span>
     <span class='ocr_line' id='line_1_6' title="bbox 351 852 1489 940; baseline 0.001 -20"><span class='ocrx_word' id='word_1_33' title='bbox 351 852 514 940; x_wconf 85' lang='lat' dir='ltr'><strong>intimare,</strong></span> <span class='ocrx_word' id='word_1_34' title='bbox 532 861 568 920; x_wconf 91' lang='lat' dir='ltr'><strong>ut</strong></span> <span class='ocrx_word' id='word_1_35' title='bbox 584 872 643 939; x_wconf 91' lang='lat' dir='ltr'><strong>per</strong></span> <span class='ocrx_word' id='word_1_36' title='bbox 658 853 851 921; x_wconf 80' lang='lat' dir='ltr'><strong>relationem</strong></span> <span class='ocrx_word' id='word_1_37' title='bbox 868 859 1011 920; x_wconf 86' lang='lat' dir='ltr'><strong>vestram</strong></span> <span class='ocrx_word' id='word_1_38' title='bbox 1034 852 1231 920; x_wconf 86' lang='lat' dir='ltr'><strong>sufficienter</strong></span> <span class='ocrx_word' id='word_1_39' title='bbox 1248 853 1399 920; x_wconf 87' lang='lat' dir='ltr'><strong>instructi</strong></span> <span class='ocrx_word' id='word_1_40' title='bbox 1414 875 1489 940; x_wconf 83' lang='lat' dir='ltr'><strong>pro</strong></span> 
     </span>
     <span class='ocr_line' id='line_1_7' title="bbox 354 959 1488 1049; baseline 0 -21"><span class='ocrx_word' id='word_1_41' title='bbox 354 961 509 1028; x_wconf 85' lang='lat' dir='ltr'><strong>cedamus</strong></span> <span class='ocrx_word' id='word_1_42' title='bbox 525 961 654 1046; x_wconf 83' lang='lat' dir='ltr'><strong>exinde,</strong></span> <span class='ocrx_word' id='word_1_43' title='bbox 679 967 775 1049; x_wconf 91' lang='lat' dir='ltr'><strong>prout</strong></span> <span class='ocrx_word' id='word_1_44' title='bbox 790 961 968 1028; x_wconf 88' lang='lat' dir='ltr'><strong>secundum</strong></span> <span class='ocrx_word' id='word_1_45' title='bbox 984 961 1090 1028; x_wconf 90' lang='lat' dir='ltr'><strong>Deum</strong></span> <span class='ocrx_word' id='word_1_46' title='bbox 1105 959 1285 1027; x_wconf 87' lang='lat' dir='ltr'><strong>viderimus</strong></span> <span class='ocrx_word' id='word_1_47' title='bbox 1308 961 1488 1047; x_wconf 85' lang='lat' dir='ltr'><strong>proceden-</strong></span> 
     </span>
     <span class='ocr_line' id='line_1_8' title="bbox 353 1063 1489 1148; baseline 0.002 -14"><span class='ocrx_word' id='word_1_48' title='bbox 353 1067 441 1136; x_wconf 92' lang='lat' dir='ltr'><strong>dum.</strong></span> <span class='ocrx_word' id='word_1_49' title='bbox 471 1068 611 1148; x_wconf 81' lang='lat' dir='ltr'><strong>Quodsi</strong></span> <span class='ocrx_word' id='word_1_50' title='bbox 627 1089 692 1138; x_wconf 91' lang='lat' dir='ltr'><strong>non</strong></span> <span class='ocrx_word' id='word_1_51' title='bbox 708 1087 820 1137; x_wconf 87' lang='lat' dir='ltr'><strong>omnes</strong></span> <span class='ocrx_word' id='word_1_52' title='bbox 835 1075 896 1136; x_wconf 88' lang='lat' dir='ltr'><strong>etc.</strong></span> <span class='ocrx_word' id='word_1_53' title='bbox 922 1069 1044 1135; x_wconf 91' lang='lat' dir='ltr'><strong>Datum</strong></span> <span class='ocrx_word' id='word_1_54' title='bbox 1059 1069 1237 1136; x_wconf 87' lang='lat' dir='ltr'><strong>Interamni</strong></span> <span class='ocrx_word' id='word_1_55' title='bbox 1252 1063 1347 1137; x_wconf 89' lang='lat' dir='ltr'><strong>XIII.</strong></span> <span class='ocrx_word' id='word_1_56' title='bbox 1370 1068 1489 1136; x_wconf 81' lang='lat' dir='ltr'><strong>kalen·</strong></span> 
     </span>
     <span class='ocr_line' id='line_1_9' title="bbox 353 1175 1127 1261; baseline -0.001 -17"><span class='ocrx_word' id='word_1_57' title='bbox 353 1175 415 1244; x_wconf 87' lang='lat' dir='ltr'><strong>das</strong></span> <span class='ocrx_word' id='word_1_58' title='bbox 431 1176 521 1261; x_wconf 88' lang='lat' dir='ltr'><strong>Julii,</strong></span> <span class='ocrx_word' id='word_1_59' title='bbox 537 1178 753 1246; x_wconf 86' lang='lat' dir='ltr'><strong>Pontificatus</strong></span> <span class='ocrx_word' id='word_1_60' title='bbox 768 1175 871 1246; x_wconf 84' lang='lat' dir='ltr'><strong>nostri</strong></span> <span class='ocrx_word' id='word_1_61' title='bbox 886 1197 973 1245; x_wconf 87' lang='lat' dir='ltr'><strong>anno</strong></span> <span class='ocrx_word' id='word_1_62' title='bbox 989 1175 1127 1245; x_wconf 87' lang='lat' dir='ltr'><strong>decimo.</strong></span> 
     </span>
    </p>
   </div>
   <div class='ocr_carea' id='block_1_3' title="bbox 350 1371 1488 1621">
    <p class='ocr_par' dir='ltr' id='par_1_3' title="bbox 350 1371 1488 1621">
     <span class='ocr_line' id='line_1_10' title="bbox 352 1371 1488 1444; baseline 0 -18"><span class='ocrx_word' id='word_1_63' title='bbox 352 1371 498 1444; x_wconf 75' lang='lat' dir='ltr'><strong>(Thelser,</strong></span> <span class='ocrx_word' id='word_1_64' title='bbox 517 1375 619 1428; x_wconf 81' lang='lat' dir='ltr'><strong>Vetera</strong></span> <span class='ocrx_word' id='word_1_65' title='bbox 635 1376 811 1426; x_wconf 79' lang='lat' dir='ltr'><strong>Monumenta</strong></span> <span class='ocrx_word' id='word_1_66' title='bbox 831 1375 971 1430; x_wconf 76' lang='lat' dir='ltr'><strong>Historica</strong></span> <span class='ocrx_word' id='word_1_67' title='bbox 989 1375 1162 1441; x_wconf 77' lang='lat' dir='ltr'><strong>Hungariam</strong></span> <span class='ocrx_word' id='word_1_68' title='bbox 1181 1374 1290 1427; x_wconf 79' lang='lat' dir='ltr'><strong>Sacram</strong></span> <span class='ocrx_word' id='word_1_69' title='bbox 1309 1375 1488 1434; x_wconf 74' lang='lat' dir='ltr'><strong>illustrantis,</strong></span> 
     </span>
     <span class='ocr_line' id='line_1_11' title="bbox 350 1461 1487 1532; baseline -0.004 -14"><span class='ocrx_word' id='word_1_70' title='bbox 350 1467 373 1518; x_wconf 94' lang='lat'><strong>1.</strong></span> <span class='ocrx_word' id='word_1_71' title='bbox 386 1467 444 1520; x_wconf 81' lang='lat' dir='ltr'><strong>kur.</strong></span> <span class='ocrx_word' id='word_1_72' title='bbox 459 1469 519 1518; x_wconf 78' lang='lat'>144.</span> <span class='ocrx_word' id='word_1_73' title='bbox 531 1467 550 1518; x_wconf 91' lang='lat' dir='ltr'><strong>l.</strong></span> <span class='ocrx_word' id='word_1_74' title='bbox 563 1463 644 1531; x_wconf 71' lang='lat' dir='ltr'><strong>sejtr</strong></span> <span class='ocrx_word' id='word_1_75' title='bbox 656 1481 722 1517; x_wconf 82' lang='lat' dir='ltr'><strong>saon</strong></span> <span class='ocrx_word' id='word_1_76' title='bbox 739 1463 824 1532; x_wconf 75' lang='lat' dir='ltr'><strong>pdpsi</strong></span> <span class='ocrx_word' id='word_1_77' title='bbox 840 1463 979 1517; x_wconf 76' lang='lat' dir='ltr'><strong>brevenelr</strong></span> <span class='ocrx_word' id='word_1_78' title='bbox 991 1466 1058 1516; x_wconf 86' lang='lat' dir='ltr'><strong>csak</strong></span> <span class='ocrx_word' id='word_1_79' title='bbox 1072 1461 1230 1530; x_wconf 78' lang='lat' dir='ltr'><strong>kivonatjdt</strong></span> <span class='ocrx_word' id='word_1_80' title='bbox 1242 1465 1315 1516; x_wconf 73' lang='lat' dir='ltr'><strong>luculi</strong></span> <span class='ocrx_word' id='word_1_81' title='bbox 1327 1464 1395 1517; x_wconf 78' lang='lat' dir='ltr'><strong>(lod.</strong></span> <span class='ocrx_word' id='word_1_82' title='bbox 1408 1463 1487 1530; x_wconf 87' lang='lat' dir='ltr'><strong>Dipl.</strong></span> 
     </span>
     <span class='ocr_line' id='line_1_12' title="bbox 773 1552 1068 1621; baseline 0 -15"><span class='ocrx_word' id='word_1_83' title='bbox 773 1552 820 1606; x_wconf 84' lang='lat' dir='ltr'><strong>IV.</strong></span> <span class='ocrx_word' id='word_1_84' title='bbox 833 1555 890 1606; x_wconf 80' lang='lat' dir='ltr'><strong>kca</strong></span> <span class='ocrx_word' id='word_1_85' title='bbox 904 1555 925 1606; x_wconf 91' lang='lat' dir='ltr'>L</span> <span class='ocrx_word' id='word_1_86' title='bbox 939 1555 967 1606; x_wconf 79' lang='lat' dir='ltr'><strong>k.</strong></span> <span class='ocrx_word' id='word_1_87' title='bbox 980 1555 1023 1606; x_wconf 72' lang='lat'><strong>42.</strong></span> <span class='ocrx_word' id='word_1_88' title='bbox 1036 1553 1068 1621; x_wconf 89' lang='lat'><strong>1.)</strong></span> 
     </span>
    </p>
   </div>
   <div class='ocr_carea' id='block_1_4' title="bbox 782 1839 1049 1850">
    <p class='ocr_par' dir='ltr' id='par_1_4' title="bbox 782 1839 1049 1850">
     <span class='ocr_line' id='line_1_13' title="bbox 782 1839 1049 1850; baseline -0.007 0"><span class='ocrx_word' id='word_1_89' title='bbox 782 1839 1049 1850; x_wconf 45' lang='lat' dir='ltr'>-uu-——n-—ffl</span> 
     </span>
    </p>
   </div>
   <div class='ocr_carea' id='block_1_5' title="bbox 895 2317 928 2386">
    <p class='ocr_par' dir='ltr' id='par_1_5' title="bbox 895 2317 928 2386">
     <span class='ocr_line' id='line_1_14' title="bbox 895 2317 928 2386; baseline 0 0"><span class='ocrx_word' id='word_1_90' title='bbox 895 2317 928 2386; x_wconf 82' lang='grc'><strong>8.</strong></span> 
     </span>
    </p>
   </div>
   <div class='ocr_carea' id='block_1_6' title="bbox 350 2499 1491 2693">
    <p class='ocr_par' dir='ltr' id='par_1_6' title="bbox 350 2499 1491 2693">
     <span class='ocr_line' id='line_1_15' title="bbox 350 2499 1491 2589; baseline 0 -22"><span class='ocrx_word' id='word_1_91' title='bbox 350 2501 410 2567; x_wconf 79' lang='lat' dir='ltr'><strong>IX.</strong></span> <span class='ocrx_word' id='word_1_92' title='bbox 428 2499 564 2589; x_wconf 77' lang='lat' dir='ltr'><strong>Gerpcly</strong></span> <span class='ocrx_word' id='word_1_93' title='bbox 577 2499 733 2588; x_wconf 81' lang='lat' dir='ltr'><strong>pdpdaolc</strong></span> <span class='ocrx_word' id='word_1_94' title='bbox 757 2499 947 2566; x_wconf 72' lang='lat' dir='ltr'><strong>inttskaltss</strong></span> <span class='ocrx_word' id='word_1_95' title='bbox 962 2523 982 2564; x_wconf 85' lang='lat' dir='ltr'><strong>u</strong></span> <span class='ocrx_word' id='word_1_96' title='bbox 999 2499 1117 2564; x_wconf 77' lang='lat' dir='ltr'><strong>adradi</strong></span> <span class='ocrx_word' id='word_1_97' title='bbox 1136 2500 1262 2586; x_wconf 80' lang='lat' dir='ltr'><strong>ptlcpdk</strong></span> <span class='ocrx_word' id='word_1_98' title='bbox 1286 2499 1491 2567; x_wconf 67' lang='grc' dir='ltr'><strong>υάὶαειιάοά-</strong></span> 
     </span>
     <span class='ocr_line' id='line_1_16' title="bbox 742 2605 1092 2693; baseline -0.003 -22"><span class='ocrx_word' id='word_1_99' title='bbox 742 2605 807 2671; x_wconf 72' lang='lat' dir='ltr'><strong>aac</strong></span> <span class='ocrx_word' id='word_1_100' title='bbox 821 2606 967 2693; x_wconf 67' lang='lat' dir='ltr'><strong>appeten.</strong></span> <span class='ocrx_word' id='word_1_101' title='bbox 993 2607 1092 2672; x_wconf 83' lang='lat'><strong><em>1236.</em></strong></span> 
     </span>
    </p>
   </div>
   <div class='ocr_carea' id='block_1_7' title="bbox 345 2803 1491 4620">
    <p class='ocr_par' dir='ltr' id='par_1_7' title="bbox 345 2803 1491 4620">
     <span class='ocr_line' id='line_1_17' title="bbox 460 2803 1488 2894; baseline 0.002 -24"><span class='ocrx_word' id='word_1_102' title='bbox 460 2803 639 2888; x_wconf 76' lang='lat' dir='ltr'><strong>Gregorius</strong></span> <span class='ocrx_word' id='word_1_103' title='bbox 666 2805 851 2894; x_wconf 81' lang='lat' dir='ltr'><strong>Episcopus</strong></span> <span class='ocrx_word' id='word_1_104' title='bbox 875 2823 991 2872; x_wconf 90' lang='lat' dir='ltr'><strong>seruus</strong></span> <span class='ocrx_word' id='word_1_105' title='bbox 1016 2823 1184 2872; x_wconf 84' lang='lat' dir='ltr'><strong>seruorum</strong></span> <span class='ocrx_word' id='word_1_106' title='bbox 1210 2805 1273 2872; x_wconf 89' lang='lat' dir='ltr'><strong>Dei</strong></span> <span class='ocrx_word' id='word_1_107' title='bbox 1297 2803 1488 2872; x_wconf 86' lang='lat' dir='ltr'><strong>venarabili</strong></span> 
     </span>
     <span class='ocr_line' id='line_1_18' title="bbox 351 2909 1488 3000; baseline 0.002 -23"><span class='ocrx_word' id='word_1_108' title='bbox 351 2909 444 2978; x_wconf 83' lang='lat' dir='ltr'><strong>fratri</strong></span> <span class='ocrx_word' id='word_1_109' title='bbox 529 2913 691 3000; x_wconf 79' lang='lat' dir='ltr'><strong>Episcopo</strong></span> <span class='ocrx_word' id='word_1_110' title='bbox 711 2909 1083 2998; x_wconf 81' lang='lat' dir='ltr'><strong>Quinque-Ecclesicnsi‚</strong></span> <span class='ocrx_word' id='word_1_111' title='bbox 1109 2909 1238 2978; x_wconf 88' lang='lat' dir='ltr'><strong>dilectis</strong></span> <span class='ocrx_word' id='word_1_112' title='bbox 1264 2911 1340 2978; x_wconf 87' lang='lat' dir='ltr'><strong>liliis</strong></span> <span class='ocrx_word' id='word_1_113' title='bbox 1354 2911 1488 2980; x_wconf 81' lang='lat' dir='ltr'><strong>Abbati</strong></span> 
     </span>
     <span class='ocr_line' id='line_1_19' title="bbox 351 3015 1483 3104; baseline 0.002 -20"><span class='ocrx_word' id='word_1_114' title='bbox 351 3067 400 3085; x_wconf 91' lang='lat'><strong>...</strong></span> <span class='ocrx_word' id='word_1_115' title='bbox 417 3018 627 3086; x_wconf 85' lang='lat' dir='ltr'><strong>Waradiensi</strong></span> <span class='ocrx_word' id='word_1_116' title='bbox 643 3015 1000 3104; x_wconf 82' lang='lat' dir='ltr'><strong>Quinqueecclesicusis</strong></span> <span class='ocrx_word' id='word_1_117' title='bbox 1015 3017 1175 3102; x_wconf 86' lang='lat' dir='ltr'><strong>Dioccsis‚</strong></span> <span class='ocrx_word' id='word_1_118' title='bbox 1192 3023 1225 3085; x_wconf 88' lang='lat' dir='ltr'><strong>ct</strong></span> <span class='ocrx_word' id='word_1_119' title='bbox 1304 3017 1483 3104; x_wconf 88' lang='lat' dir='ltr'><strong>Prepasito</strong></span> 
     </span>
     <span class='ocr_line' id='line_1_20' title="bbox 351 3124 1485 3214; baseline -0.001 -20"><span class='ocrx_word' id='word_1_120' title='bbox 351 3127 598 3214; x_wconf 86' lang='lat' dir='ltr'><strong>Wesprimiensi</strong></span> <span class='ocrx_word' id='word_1_121' title='bbox 613 3125 754 3194; x_wconf 88' lang='lat' dir='ltr'><strong>salntem</strong></span> <span class='ocrx_word' id='word_1_122' title='bbox 770 3132 802 3192; x_wconf 90' lang='lat' dir='ltr'><strong>st</strong></span> <span class='ocrx_word' id='word_1_123' title='bbox 811 3125 1034 3212; x_wconf 80' lang='lat' dir='ltr'><strong>Apostolicam</strong></span> <span class='ocrx_word' id='word_1_124' title='bbox 1053 3125 1323 3193; x_wconf 88' lang='lat' dir='ltr'><strong>benedictionem.</strong></span> <span class='ocrx_word' id='word_1_125' title='bbox 1337 3124 1485 3193; x_wconf 81' lang='lat' dir='ltr'><strong>Alexan·</strong></span> 
     </span>
     <span class='ocr_line' id='line_1_21' title="bbox 351 3231 1485 3303; baseline -0.001 -1"><span class='ocrx_word' id='word_1_126' title='bbox 351 3235 410 3303; x_wconf 88' lang='lat' dir='ltr'><strong>der</strong></span> <span class='ocrx_word' id='word_1_127' title='bbox 426 3243 459 3302; x_wconf 91' lang='lat' dir='ltr'><strong>et</strong></span> <span class='ocrx_word' id='word_1_128' title='bbox 474 3235 643 3302; x_wconf 82' lang='lat' dir='ltr'><strong>lohannes</strong></span> <span class='ocrx_word' id='word_1_129' title='bbox 659 3231 817 3302; x_wconf 79' lang='lat' dir='ltr'><strong>Canonici</strong></span> <span class='ocrx_word' id='word_1_130' title='bbox 832 3231 1059 3300; x_wconf 88' lang='lat' dir='ltr'><strong>Waradiensis</strong></span> <span class='ocrx_word' id='word_1_131' title='bbox 1075 3232 1223 3300; x_wconf 89' lang='lat' dir='ltr'><strong>Ecclesie</strong></span> <span class='ocrx_word' id='word_1_132' title='bbox 1247 3253 1306 3301; x_wconf 89' lang='lat' dir='ltr'><strong>suo</strong></span> <span class='ocrx_word' id='word_1_133' title='bbox 1322 3239 1355 3301; x_wconf 92' lang='lat' dir='ltr'><strong>et</strong></span> <span class='ocrx_word' id='word_1_134' title='bbox 1379 3231 1485 3301; x_wconf 85' lang='lat' dir='ltr'><strong>maio—</strong></span> 
     </span>
     <span class='ocr_line' id='line_1_22' title="bbox 350 3337 1485 3428; baseline -0.001 -17"><span class='ocrx_word' id='word_1_135' title='bbox 350 3343 396 3411; x_wconf 91' lang='lat' dir='ltr'><strong>ris</strong></span> <span class='ocrx_word' id='word_1_136' title='bbox 412 3364 452 3410; x_wconf 90' lang='lat' dir='ltr'><strong>ac</strong></span> <span class='ocrx_word' id='word_1_137' title='bbox 467 3341 609 3410; x_wconf 90' lang='lat' dir='ltr'><strong>sanioris</strong></span> <span class='ocrx_word' id='word_1_138' title='bbox 624 3342 728 3428; x_wconf 88' lang='lat' dir='ltr'><strong>partis</strong></span> <span class='ocrx_word' id='word_1_139' title='bbox 746 3337 889 3426; x_wconf 82' lang='lat' dir='ltr'><strong>Capituli</strong></span> <span class='ocrx_word' id='word_1_140' title='bbox 907 3338 1048 3424; x_wconf 88' lang='lat' dir='ltr'><strong>nomine,</strong></span> <span class='ocrx_word' id='word_1_141' title='bbox 1074 3347 1110 3406; x_wconf 91' lang='lat' dir='ltr'><strong>ut</strong></span> <span class='ocrx_word' id='word_1_142' title='bbox 1125 3338 1290 3427; x_wconf 84' lang='lat' dir='ltr'><strong>dicebant,</strong></span> <span class='ocrx_word' id='word_1_143' title='bbox 1314 3338 1349 3406; x_wconf 88' lang='lat' dir='ltr'><strong>in</strong></span> <span class='ocrx_word' id='word_1_144' title='bbox 1365 3345 1485 3410; x_wconf 80' lang='lat' dir='ltr'><strong>nostra</strong></span> 
     </span>
     <span class='ocr_line' id='line_1_23' title="bbox 349 3446 1484 3540; baseline -0.002 -22"><span class='ocrx_word' id='word_1_145' title='bbox 349 3471 549 3540; x_wconf 87' lang='lat' dir='ltr'><strong>proposuere</strong></span> <span class='ocrx_word' id='word_1_146' title='bbox 573 3449 738 3536; x_wconf 86' lang='lat' dir='ltr'><strong>presentia</strong></span> <span class='ocrx_word' id='word_1_147' title='bbox 755 3446 933 3530; x_wconf 86' lang='lat' dir='ltr'><strong>constituti,</strong></span> <span class='ocrx_word' id='word_1_148' title='bbox 959 3447 1048 3530; x_wconf 89' lang='lat' dir='ltr'><strong>quod</strong></span> <span class='ocrx_word' id='word_1_149' title='bbox 1072 3465 1145 3514; x_wconf 93' lang='lat' dir='ltr'><strong>cum</strong></span> <span class='ocrx_word' id='word_1_150' title='bbox 1160 3446 1237 3533; x_wconf 89' lang='lat' dir='ltr'><strong>ipsa</strong></span> <span class='ocrx_word' id='word_1_151' title='bbox 1251 3447 1402 3516; x_wconf 89' lang='lat' dir='ltr'><strong>Ecclesia</strong></span> <span class='ocrx_word' id='word_1_152' title='bbox 1420 3469 1484 3536; x_wconf 84' lang='lat' dir='ltr'><strong>pa-</strong></span> 
     </span>
     <span class='ocr_line' id='line_1_24' title="bbox 349 3554 1483 3643; baseline -0.004 -15"><span class='ocrx_word' id='word_1_153' title='bbox 349 3561 447 3628; x_wconf 90' lang='lat' dir='ltr'><strong>storis</strong></span> <span class='ocrx_word' id='word_1_154' title='bbox 464 3561 582 3628; x_wconf 90' lang='lat' dir='ltr'><strong>solatio</strong></span> <span class='ocrx_word' id='word_1_155' title='bbox 598 3557 773 3642; x_wconf 84' lang='lat' dir='ltr'><strong>destituta,</strong></span> <span class='ocrx_word' id='word_1_156' title='bbox 796 3555 897 3624; x_wconf 90' lang='lat' dir='ltr'><strong>iidem</strong></span> <span class='ocrx_word' id='word_1_157' title='bbox 911 3557 1105 3640; x_wconf 78' lang='lat' dir='ltr'><strong>Magistrum</strong></span> <span class='ocrx_word' id='word_1_158' title='bbox 1126 3555 1381 3643; x_wconf 79' lang='lat' dir='ltr'><strong>Primogcnitum</strong></span> <span class='ocrx_word' id='word_1_159' title='bbox 1396 3554 1483 3624; x_wconf 63' lang='lat' dir='ltr'><strong>Suis</strong></span> 
     </span>
     <span class='ocr_line' id='line_1_25' title="bbox 350 3663 1481 3751; baseline -0.004 -15"><span class='ocrx_word' id='word_1_160' title='bbox 350 3669 522 3737; x_wconf 87' lang='lat' dir='ltr'><strong>diaconum</strong></span> <span class='ocrx_word' id='word_1_161' title='bbox 538 3673 685 3734; x_wconf 89' lang='lat' dir='ltr'><strong>nostrum</strong></span> <span class='ocrx_word' id='word_1_162' title='bbox 711 3665 888 3750; x_wconf 85' lang='lat' dir='ltr'><strong>elegissent</strong></span> <span class='ocrx_word' id='word_1_163' title='bbox 904 3664 968 3732; x_wconf 90' lang='lat' dir='ltr'><strong>sibi</strong></span> <span class='ocrx_word' id='word_1_164' title='bbox 985 3663 1141 3730; x_wconf 84' lang='lat' dir='ltr'><strong>canonice</strong></span> <span class='ocrx_word' id='word_1_165' title='bbox 1155 3663 1189 3730; x_wconf 86' lang='lat' dir='ltr'><strong>in</strong></span> <span class='ocrx_word' id='word_1_166' title='bbox 1205 3671 1382 3751; x_wconf 85' lang='lat' dir='ltr'><strong>pastorem,</strong></span> <span class='ocrx_word' id='word_1_167' title='bbox 1407 3665 1481 3750; x_wconf 87' lang='lat' dir='ltr'><strong>qni·</strong></span> 
     </span>
     <span class='ocr_line' id='line_1_26' title="bbox 349 3771 1481 3864; baseline -0.007 -16"><span class='ocrx_word' id='word_1_168' title='bbox 349 3780 424 3848; x_wconf 92' lang='lat' dir='ltr'><strong>dam</strong></span> <span class='ocrx_word' id='word_1_169' title='bbox 441 3779 483 3846; x_wconf 91' lang='lat' dir='ltr'><strong>de</strong></span> <span class='ocrx_word' id='word_1_170' title='bbox 498 3775 648 3864; x_wconf 73' lang='lat' dir='ltr'><strong>capitulo</strong></span> <span class='ocrx_word' id='word_1_171' title='bbox 672 3781 748 3860; x_wconf 92' lang='lat' dir='ltr'><strong>post</strong></span> <span class='ocrx_word' id='word_1_172' title='bbox 763 3772 954 3840; x_wconf 83' lang='lat' dir='ltr'><strong>electionem</strong></span> <span class='ocrx_word' id='word_1_173' title='bbox 972 3771 1079 3858; x_wconf 86' lang='lat' dir='ltr'><strong>ipsam</strong></span> <span class='ocrx_word' id='word_1_174' title='bbox 1094 3773 1131 3837; x_wconf 92' lang='lat' dir='ltr'><strong>B.</strong></span> <span class='ocrx_word' id='word_1_175' title='bbox 1149 3771 1319 3840; x_wconf 79' lang='lat' dir='ltr'><strong>Lecturam</strong></span> <span class='ocrx_word' id='word_1_176' title='bbox 1335 3772 1481 3858; x_wconf 80' lang='lat' dir='ltr'><strong>Srigoni-</strong></span> 
     </span>
     <span class='ocr_line' id='line_1_27' title="bbox 349 3881 1482 3968; baseline -0.01 -8"><span class='ocrx_word' id='word_1_177' title='bbox 349 3909 460 3960; x_wconf 90' lang='lat' dir='ltr'><strong>ensem</strong></span> <span class='ocrx_word' id='word_1_178' title='bbox 490 3882 806 3956; x_wconf 86' lang='lat' dir='ltr'><strong>excommunicatum</strong></span> <span class='ocrx_word' id='word_1_179' title='bbox 829 3889 862 3948; x_wconf 92' lang='lat' dir='ltr'><strong>ct</strong></span> <span class='ocrx_word' id='word_1_180' title='bbox 885 3881 969 3948; x_wconf 88' lang='lat' dir='ltr'><strong>alias</strong></span> <span class='ocrx_word' id='word_1_181' title='bbox 1001 3881 1044 3948; x_wconf 90' lang='lat' dir='ltr'><strong>ad</strong></span> <span class='ocrx_word' id='word_1_182' title='bbox 1067 3881 1265 3968; x_wconf 88' lang='lat' dir='ltr'><strong>Episcopale</strong></span> <span class='ocrx_word' id='word_1_183' title='bbox 1290 3903 1371 3950; x_wconf 89' lang='lat' dir='ltr'><strong>onus</strong></span> <span class='ocrx_word' id='word_1_184' title='bbox 1395 3882 1482 3949; x_wconf 87' lang='lat' dir='ltr'><strong>indi-</strong></span> 
     </span>
     <span class='ocr_line' id='line_1_28' title="bbox 348 3989 1484 4086; baseline -0.006 -20"><span class='ocrx_word' id='word_1_185' title='bbox 348 4019 458 4086; x_wconf 78' lang='lat' dir='ltr'><strong>gnum,</strong></span> <span class='ocrx_word' id='word_1_186' title='bbox 474 3996 596 4080; x_wconf 83' lang='lat' dir='ltr'><strong>eligere</strong></span> <span class='ocrx_word' id='word_1_187' title='bbox 604 3996 882 4080; x_wconf 85' lang='lat' dir='ltr'><strong>presumpserunt,</strong></span> <span class='ocrx_word' id='word_1_188' title='bbox 899 3989 1050 4073; x_wconf 87' lang='lat' dir='ltr'><strong>idemque</strong></span> <span class='ocrx_word' id='word_1_189' title='bbox 1066 3989 1225 4057; x_wconf 89' lang='lat' dir='ltr'><strong>electione</strong></span> <span class='ocrx_word' id='word_1_190' title='bbox 1235 4009 1296 4057; x_wconf 91' lang='lat' dir='ltr'><strong>sua</strong></span> <span class='ocrx_word' id='word_1_191' title='bbox 1310 4009 1371 4078; x_wconf 86' lang='lat' dir='ltr'><strong>per</strong></span> <span class='ocrx_word' id='word_1_192' title='bbox 1381 4010 1484 4074; x_wconf 86' lang='lat' dir='ltr'><strong>quas·</strong></span> 
     </span>
     <span class='ocr_line' id='line_1_29' title="bbox 348 4095 1484 4187; baseline -0.006 -14"><span class='ocrx_word' id='word_1_193' title='bbox 348 4105 424 4173; x_wconf 85' lang='lat' dir='ltr'><strong>dam</strong></span> <span class='ocrx_word' id='word_1_194' title='bbox 439 4107 566 4173; x_wconf 85' lang='lat' dir='ltr'><strong>litteras</strong></span> <span class='ocrx_word' id='word_1_195' title='bbox 583 4099 794 4187; x_wconf 87' lang='lat' dir='ltr'><strong>surrepticias</strong></span> <span class='ocrx_word' id='word_1_196' title='bbox 820 4095 985 4165; x_wconf 87' lang='lat' dir='ltr'><strong>confectas</strong></span> <span class='ocrx_word' id='word_1_197' title='bbox 1000 4097 1132 4163; x_wconf 89' lang='lat' dir='ltr'><strong>nomine</strong></span> <span class='ocrx_word' id='word_1_198' title='bbox 1148 4095 1291 4184; x_wconf 78' lang='lat' dir='ltr'><strong>Capituli</strong></span> <span class='ocrx_word' id='word_1_199' title='bbox 1306 4117 1367 4184; x_wconf 89' lang='lat' dir='ltr'><strong>per</strong></span> <span class='ocrx_word' id='word_1_200' title='bbox 1382 4118 1484 4167; x_wconf 85' lang='lat' dir='ltr'><strong>vene-</strong></span> 
     </span>
     <span class='ocr_line' id='line_1_30' title="bbox 347 4204 1487 4292; baseline -0.004 -12"><span class='ocrx_word' id='word_1_201' title='bbox 347 4216 484 4282; x_wconf 87' lang='lat' dir='ltr'><strong>rabilem</strong></span> <span class='ocrx_word' id='word_1_202' title='bbox 499 4215 632 4281; x_wconf 81' lang='lat' dir='ltr'><strong>fratrem</strong></span> <span class='ocrx_word' id='word_1_203' title='bbox 647 4217 794 4278; x_wconf 89' lang='lat' dir='ltr'><strong>nostrum</strong></span> <span class='ocrx_word' id='word_1_204' title='bbox 811 4255 860 4274; x_wconf 90' lang='lat'><strong>...</strong></span> <span class='ocrx_word' id='word_1_205' title='bbox 878 4204 1089 4274; x_wconf 81' lang='lat' dir='ltr'><strong>Colocensem</strong></span> <span class='ocrx_word' id='word_1_206' title='bbox 1107 4205 1398 4292; x_wconf 84' lang='lat' dir='ltr'><strong>Archiepiscopum</strong></span> <span class='ocrx_word' id='word_1_207' title='bbox 1412 4207 1487 4276; x_wconf 88' lang='lat' dir='ltr'><strong>loci</strong></span> 
     </span>
     <span class='ocr_line' id='line_1_31' title="bbox 347 4311 1490 4410; baseline -0.008 -18"><span class='ocrx_word' id='word_1_208' title='bbox 347 4323 633 4410; x_wconf 84' lang='lat' dir='ltr'><strong>Metropolitanum</strong></span> <span class='ocrx_word' id='word_1_209' title='bbox 659 4335 831 4405; x_wconf 88' lang='lat' dir='ltr'><strong>perperam</strong></span> <span class='ocrx_word' id='word_1_210' title='bbox 855 4315 1053 4400; x_wconf 83' lang='lat' dir='ltr'><strong>confirmata,</strong></span> <span class='ocrx_word' id='word_1_211' title='bbox 1080 4311 1115 4379; x_wconf 91' lang='lat' dir='ltr'><strong>in</strong></span> <span class='ocrx_word' id='word_1_212' title='bbox 1139 4313 1276 4380; x_wconf 86' lang='lat' dir='ltr'><strong>candem</strong></span> <span class='ocrx_word' id='word_1_213' title='bbox 1291 4313 1490 4384; x_wconf 85' lang='lat' dir='ltr'><strong>Ecclesiam</strong></span> 
     </span>
     <span class='ocr_line' id='line_1_32' title="bbox 345 4421 1490 4522; baseline -0.004 -21"><span class='ocrx_word' id='word_1_214' title='bbox 345 4454 405 4522; x_wconf 89' lang='lat' dir='ltr'><strong>per</strong></span> <span class='ocrx_word' id='word_1_215' title='bbox 418 4431 570 4500; x_wconf 87' lang='lat' dir='ltr'><strong>laicalem</strong></span> <span class='ocrx_word' id='word_1_216' title='bbox 594 4425 775 4513; x_wconf 89' lang='lat' dir='ltr'><strong>potentiam</strong></span> <span class='ocrx_word' id='word_1_217' title='bbox 790 4423 914 4490; x_wconf 83' lang='lat' dir='ltr'><strong>iaciens</strong></span> <span class='ocrx_word' id='word_1_218' title='bbox 929 4441 966 4490; x_wconf 89' lang='lat' dir='ltr'><strong>se</strong></span> <span class='ocrx_word' id='word_1_219' title='bbox 981 4421 1112 4508; x_wconf 86' lang='lat' dir='ltr'><strong>intrudi,</strong></span> <span class='ocrx_word' id='word_1_220' title='bbox 1139 4429 1172 4489; x_wconf 91' lang='lat' dir='ltr'><strong>et</strong></span> <span class='ocrx_word' id='word_1_221' title='bbox 1187 4423 1490 4496; x_wconf 86' lang='lat' dir='ltr'><strong>amministrationi</strong></span> 
     </span>
     <span class='ocr_line' id='line_1_33' title="bbox 347 4527 1491 4620; baseline -0.008 -11"><span class='ocrx_word' id='word_1_222' title='bbox 347 4541 418 4610; x_wconf 90' lang='lat' dir='ltr'><strong>eius</strong></span> <span class='ocrx_word' id='word_1_223' title='bbox 433 4557 470 4606; x_wconf 88' lang='lat' dir='ltr'><strong>sc</strong></span> <span class='ocrx_word' id='word_1_224' title='bbox 485 4535 640 4620; x_wconf 78' lang='lat' dir='ltr'><strong>ingerens</strong></span> <span class='ocrx_word' id='word_1_225' title='bbox 655 4531 869 4618; x_wconf 87' lang='lat' dir='ltr'><strong>impudenter,</strong></span> <span class='ocrx_word' id='word_1_226' title='bbox 895 4537 1016 4598; x_wconf 90' lang='lat' dir='ltr'><strong>temere</strong></span> <span class='ocrx_word' id='word_1_227' title='bbox 1032 4527 1213 4617; x_wconf 85' lang='lat' dir='ltr'><strong>impedivit,</strong></span> <span class='ocrx_word' id='word_1_228' title='bbox 1229 4553 1271 4601; x_wconf 92' lang='lat' dir='ltr'><strong>ne</strong></span> <span class='ocrx_word' id='word_1_229' title='bbox 1287 4528 1394 4598; x_wconf 90' lang='lat' dir='ltr'><strong>dictus</strong></span> <span class='ocrx_word' id='word_1_230' title='bbox 1411 4533 1491 4600; x_wconf 63' lang='lat' dir='ltr'><strong>lla</strong></span> 
     </span>
    </p>
   </div>
   <div class='ocr_carea' id='block_1_8' title="bbox 0 0 1572 5150">
    <p class='ocr_par' dir='ltr' id='par_1_8' title="bbox 0 0 1572 5150">
     <span class='ocr_line' id='line_1_34' title="bbox 0 0 1572 5150; baseline 0 1"><span class='ocrx_word' id='word_1_231' title='bbox 0 0 1572 5150; x_wconf 95' lang='lat' dir='ltr'><strong> </strong></span> 
     </span>
    </p>
   </div>
  </div>
 </body>
</html>
