3148 5156
885 881 963 950 aas.
981 967 984 976 1

365 1065 422 1130 lt'.
439 1065 519 1129 Belo
539 1063 709 1166 ΔᾹνὶιιίῐριιιιΙι
724 1062 821 1150 Glup,
838 1087 876 1128 oz
894 1063 1001 1147 Atacj
1023 1064 1138 1128 certoz
1162 1069 1279 1128 tartocd
1291 1061 1400 1148 soldos
1423 1068 1489 1128 tcir-

363 1178 462 1257 qpnro'
486 1173 664 1258 udontdnya
688 1172 903 1251 Androaikus,
928 1171 1057 1256 Mesopota
1081 1173 1196 1257 saepest
1216 1177 1342 1258 prepost
1366 1178 1508 1279 tarem*

791 1285 945 1346 cremona.
959 1279 1056 1344 1258.

473 1477 582 1564 (Blela
595 1478 657 1544 Dei
674 1477 787 1562 gracia
802 1476 979 1562 Hungarie,
991 1477 1172 1563 Dalmacie,
1183 1476 1358 1563 Orowacie,
1375 1480 1489 1564 Rama,

364 1587 484 1671 Seruio,
496 1585 644 1674 Gallicis,
659 1586 862 1670 Lodornerie,
878 1585 1096 1672 (inmaniaque
1112 1587 1182 1654 Rex
1193 1586 1341 1654 omnibus
1356 1605 1489 1672 presen-

363 1701 413 1760 tes
429 1695 556 1761 litteras
579 1695 773 1782 inspecturis
789 1695 927 1761 salutem
941 1693 976 1760 in
991 1714 1067 1764 uero
1084 1695 1232 1764 salutari.
1254 1696 1360 1764 Justis
1374 1703 1489 1784 peten-

364 1803 448 1868 oium
465 1804 615 1888 precibus
631 1791 945 1889 fauoremimpertiri
955 1803 1151 1892 beniuolum,
1167 1805 1263 1888 uigor
1280 1805 1437 1890 equitatis
1455 1811 1491 1872 et

364 1910 443 1978 crdo
460 1911 563 1994 exigit
579 1910 741 1995 racionis;
767 1910 941 1978 dummodo
956 1910 1000 1995 id,
1018 1909 1105 1994 quod
1119 1911 1240 1997 petitur
1256 1911 1318 1980 iuri
1334 1932 1398 1980 uon
1415 1933 1489 1998 pre·

365 2019 485 2084 iudicet
501 2019 620 2086 alieno.
645 2017 784 2084 Proinde
798 2018 841 2085 ad
866 2019 1089 2088 uniuersorum
1105 2019 1259 2088 noticiam
1284 2028 1396 2088 tenore
1412 2040 1488 2108 pre·

365 2128 510 2194 sensium
525 2129 674 2195 uolumus
689 2129 878 2213 peruenire:
895 2127 982 2214 quod
991 2128 1196 2196 Andronicus
1210 2129 1313 2196 frater
1327 2130 1437 2198 dilecti
1455 2137 1491 2196 et

364 2233 470 2301 fidelis
495 2234 597 2302 nostri
611 2236 761 2320 Magistri
776 2236 910 2321 Mathye
924 2236 1088 2323 Propositi
1114 2235 1154 2302 de
1169 2237 1296 2325 Scypns
1322 2235 1417 2304 uobis
1439 2238 1490 2304 in-

365 2343 565 2412 stantissime
578 2345 764 2430 suplioauit,
781 2344 868 2430 quod
882 2351 1001 2414 terram
1012 2345 1121 2414 Castri
1130 2346 1232 2414 nostri
1245 2345 1287 2412 de
1296 2344 1490 2432 Abanyrrar

365 2453 451 2541 Glcp
466 2461 627 2540 uocatam,
643 2473 781 2521 uacuam
798 2462 830 2521 et
845 2455 1081 2523 habitatoribus
1107 2454 1306 2540 destitutam,
1332 2455 1396 2523 sibi
1411 2475 1490 2523 eon-

364 2562 449 2630 serre
473 2565 652 2631 liberaliter
676 2564 893 2652 dignaremur.
920 2563 1000 2632 Cum
1024 2565 1124 2648 igitur
1148 2565 1243 2632 iustis
1267 2563 1492 2652 peticionibus

364 2672 564 2740 subditorum
579 2671 742 2759 Principis
758 2673 886 2740 animus
902 2675 945 2740 sit
960 2673 1186 2741 fauorabiliter
1193 2672 1412 2760 inclinandus,
1428 2693 1491 2758 pe-

363 2781 514 2849 titionem
531 2781 609 2848 dicti
624 2782 801 2850 Andronici
818 2782 939 2850 iustam
956 2780 1171 2867 attendentes,
1188 2781 1349 2868 prefatam
1363 2788 1491 2850 terram

366 2889 451 2978 Glnp
468 2891 572 2958 eidem
589 2897 621 2958 et
635 2890 704 2957 suis
728 2891 901 2958 heredibus
926 2891 1118 2960 contulimus
1134 2897 1292 2978 perpetuo
1316 2891 1491 2978 possiden-

365 2998 451 3083 dam,
469 2999 538 3065 sine
553 2997 633 3065 iuris
648 2997 827 3084 preiudicio
843 2998 961 3082 alieni3
985 3007 1018 3066 et
1033 2998 1067 3064 in
1081 2998 1321 3085 possessionem
1337 2997 1491 3066 eiusdem

364 3113 448 3174 terro
463 3109 632 3194 pacificam
656 3127 715 3194 per
731 3107 923 3174 Michaelem
940 3107 1097 3176 Comitem
1113 3108 1155 3176 de
1169 3109 1263 3176 Zana
1285 3106 1416 3176 fidelem
1432 3129 1493 3176 no·

364 3225 465 3283 strum
481 3217 589 3302 ipsum
604 3217 739 3284 fecimus
755 3216 936 3302 introduci;
959 3217 1007 3284 ita
1022 3223 1141 3302 tamen,
1157 3216 1244 3300 quod
1258 3216 1346 3284 idem
1361 3215 1493 3284 Andro·

365 3327 468 3408 nicus,
495 3326 547 3391 uel
563 3325 698 3392 heredes
722 3327 781 3411 sni,
809 3324 864 3410 qui
879 3324 1040 3412 prefatam
1064 3332 1186 3392 terram
1210 3325 1426 3413 possederint,
1455 3326 1493 3392 in

365 3440 476 3500 nostro
493 3434 636 3500 exercitu
651 3454 723 3501 oum
748 3434 875 3502 duabus
890 3433 983 3501 nobis
1009 3440 1181 3501 teneantur
1197 3433 1361 3521 pancerijs
1379 3432 1495 3500 deser-

366 3541 447 3608 nirs.
472 3543 558 3609 Mete
574 3550 680 3609 autem
697 3543 843 3610 eiusdem
858 3547 954 3626 terre,
976 3543 1061 3610 sient
1075 3544 1109 3609 in
1125 3543 1246 3630 prefati
1260 3541 1409 3609 Mieaelis
1426 3539 1493 3610 Oo-

365 3651 454 3718 mitis
470 3651 612 3720 uidimus
627 3653 745 3720 litteris
764 3651 931 3736 contineri,
949 3652 1039 3718 cuius
1056 3650 1264 3737 inquisitioni
1284 3648 1493 3736 qualitatem,

366 3771 398 3827 et
415 3761 638 3844 quantitatem,
656 3767 689 3826 et
705 3768 809 3826 metas
825 3759 969 3827 eiusdem
980 3767 1064 3826 terre
1080 3759 1356 3842 commiseramus,
1371 3758 1491 3825 taliter

366 3868 603 3953 distinguntur:
627 3869 738 3936 Prima
753 3873 839 3935 meta
854 3867 968 3953 incipit
983 3887 1004 3932 a
1019 3873 1113 3953 parte
1138 3867 1287 3935 orientali
1306 3885 1406 3952 super
1421 3867 1495 3953 rip·

365 4001 441 4066 pam
457 3979 623 4063 Zeremch,
641 3979 696 4045 ubi
712 3984 786 4044 sunt
804 3977 867 4043 due
890 3981 974 4043 mete
989 3983 1113 4062 terree;
1139 3983 1171 4042 et
1194 3974 1372 4061 procedens
1394 3974 1496 4041 uadit

365 4111 424 4177 per
440 4089 664 4156 arundinetum
689 4105 786 4173 snper
802 4085 934 4153 arbores
950 4084 1136 4153 fructiferas
1160 4085 1321 4153 lrrctuum
1343 4083 1497 4152 diuerso·

365 4219 446 4286 rum,
472 4208 504 4266 et
519 4196 567 4263 ibi
583 4202 657 4264 sunt
672 4195 735 4262 dne
751 4203 835 4261 mete
851 4200 965 4278 terreo,
984 4192 1148 4278 inquibus
1172 4199 1248 4260 sunt
1263 4193 1327 4260 due
1350 4191 1497 4262 arbores

366 4307 485 4374 merasi
501 4313 533 4375 et
545 4309 726 4394 pymulolzcn
735 4331 748 4382 ;
772 4323 831 4390 per
847 4301 989 4370 medium
1005 4323 1141 4387 quarum
1157 4302 1319 4370 transiens
1334 4301 1430 4368 uadit
1448 4304 1499 4370 ad

366 4425 484 4486 metam
511 4417 677 4500 antiquam
701 4432 803 4500 prope
827 4412 915 4479 uiam
941 4413 1100 4498 positam;
1129 4419 1162 4480 et
1186 4409 1308 4478 cadem
1335 4407 1370 4476 iu
1396 4409 1497 4478 uiam

367 4537 501 4601 uertitur
517 4526 560 4592 ad
585 4525 787 4608 aquilonem,
813 4520 854 4586 de
871 4539 936 4606 qua
951 4521 1063 4588 exiens
1079 4541 1144 4588 non
1170 4521 1267 4604 longe
1290 4517 1430 4584 uertitur
1448 4520 1498 4586 ad

369 4643 576 4723 occidentem,
593 4633 755 4700 etcadens
769 4629 905 4697 inuiam
922 4628 1082 4714 erbosam,
1099 4628 1192 4695 iuxta
1202 4645 1298 4713 quam
1314 4631 1391 4692 sunt
1401 4633 1500 4696 mete
