3148 5156
582 279 733 378 epo-

196 476 289 542 Vnde
305 495 364 543 nos
380 477 476 563 plene
492 476 634 563 perlecto
650 482 760 544 tenore
775 475 907 544 illarum
928 481 960 542 et
975 475 1104 562 plenius
1123 475 1212 544 iutel-

107 589 184 668 leoto‚
208 590 329 650 terram
344 585 459 651 Monar
475 584 623 671 superius
647 585 847 652 nominatam
871 584 949 652 filiis
967 584 1157 652 Manehonis
1180 590 1212 650 et

106 695 168 780 filijs
182 692 272 778 Hyae
296 693 467 762 statuimus
492 692 587 779 pleno
612 692 681 760 iure
697 693 833 781 paoifiee
857 691 1099 781 possidendam,
1126 691 1210 758 siout

107 798 286 888 perintime
312 799 374 867 luit
396 801 543 869 restituta
569 807 783 887 memorat0s;
810 799 1013 869 deereuimus
1039 800 1151 884 seiam,
1177 803 1212 866 nt

106 893 174 992 ilta,
199 928 239 976 ne
254 909 330 995 ipsa
354 929 406 976 res
432 909 554 978 tociens
580 930 689 979 eoram
704 910 867 978 iudicibus
892 910 1051 978 uentilata
1077 929 1136 995 per
1158 927 1209 975 ea-

106 1015 250 1104 lompnias
266 1037 487 1087 suceessorum
497 1019 601 1105 possit
617 1021 808 1106 perturbari,
826 1019 855 1086 si
875 1019 930 1104 qui
940 1040 997 1106 per
1013 1017 1208 1102 jobagiones

106 1125 195 1192 Casiri
219 1126 390 1194 memorati
404 1145 485 1196 ausu
511 1128 682 1195 temerario
698 1128 953 1215 presumpserint
977 1127 1018 1193 de
1034 1132 1141 1194 cetero
1163 1131 1209 1191 at-

106 1239 255 1322 temptare,
288 1237 422 1322 dignem
448 1238 608 1324 resipiant
632 1239 814 1306 mercedem
841 1237 1142 1323 calumpniatorum.
1162 1237 1210 1300 st

107 1343 140 1408 ad
154 1345 292 1412 eiusdem
319 1347 366 1412 rei
383 1346 662 1415 oontirmaoionem
688 1347 814 1414 litteras
836 1349 1004 1432 presentes
1028 1341 1208 1428 sigillorum

106 1459 269 1520 uostromm
285 1455 464 1542 patrocinio
486 1455 697 1523 communitas
714 1455 866 1524 duximus
886 1451 1119 1522 concedendas.
1145 1454 1208 1518 Da-

106 1567 162 1626 tum
176 1560 302 1628 Posonii
328 1562 361 1628 in
386 1561 469 1630 sesto
495 1562 606 1630 Sauoti
623 1561 751 1630 Nieolai
778 1583 861 1630 auno
882 1561 1012 1628 Domini
1039 1562 1083 1628 ll⁰
1093 1558 1159 1626 00⁰
1169 1559 1207 1624 L·

105 1669 211 1750 quinto.

104 1851 222 1910 {Erodetie
236 1847 410 1918 bdrlmirtydrr,
433 1852 543 1918 melyrd'l
556 1868 573 1902 a
585 1850 632 1902 ket
644 1853 781 1904 kikuldutt
793 1851 851 1904 bird
874 1851 1002 1918 peesdtjei
1015 1851 1075 1901 zttld
1089 1851 1202 1914 selyem-

245 1941 371 1993 zsindron
385 1943 513 2008 liiggrrek.
528 1960 544 1993 a
557 1943 637 1995 humi
652 1944 702 1993 kir.
716 1945 838 1996 kamarai
855 1941 1045 2006 levdltlrban.)

522 2277 770 2289 -n———u

603 2771 679 2838 284.

107 2967 207 3033 (mods
215 2973 307 3058 pydri
317 2969 437 3056 pdspd'lr
452 2970 627 3056 Maonye'tjm
652 2969 730 3056 luopy
745 2971 823 3032 milet
838 2967 986 3032 lniltldso
1004 2968 1121 3054 idrdlye'
1136 2969 1202 3032 bird

104 3074 120 3136 ,l
123 3074 151 3138 V.
166 3078 238 3144 Bata
259 3078 423 3164 leirdlynale
442 3084 639 3164 puranrodro
659 3075 827 3164 Gydrppdt‚
848 3076 996 3162 Olpernelr
1011 3077 1076 3159 fluit
1105 3075 1198 3163 Upliu

102 3184 229 3251 rotaldi
246 3199 374 3274 superest
390 3187 468 3252 dltul
491 3186 624 3251 Odluurlr
633 3184 765 3270 fd‘lclnod
784 3185 940 3250 bo'rloldbu
959 3185 1076 3250 illatio.
1103 3183 1197 3248 1255.

207 3397 370 3466 Omodeus
397 3400 458 3467 Dei
484 3401 597 3484 graoia
622 3399 804 3487 Episcopus
829 3399 1007 3468 Jeurieusis
1038 3397 1199 3466 uniuersis

105 3502 204 3574 Christi
220 3506 368 3577 fidelibus
392 3517 557 3597 presentes
574 3509 698 3576 litteras
724 3509 916 3595 inspecturis
941 3508 1082 3574 salutem
1098 3508 1130 3572 in
1147 3527 1198 3573 sa-

104 3610 164 3680 lutis
186 3615 349 3702 largitore.
375 3617 491 3684 Vestra
515 3617 641 3686 nouerit
666 3617 869 3701 vnioersitas,
897 3615 981 3701 quod
1007 3635 1118 3682 ouma
1142 3613 1197 3681 do-

103 3719 171 3791 miuo
194 3731 302 3794 nostro
329 3723 408 3791 Bela
432 3725 493 3792 Dei
513 3727 626 3812 gracia
650 3727 771 3793 Illustri
795 3728 884 3810 Rege
908 3723 1074 3808 Hungarie
1099 3741 1196 3807 snper

104 3835 273 3903 reuocandis
289 3841 322 3902 et
337 3834 542 3902 restituendis
558 3837 664 3922 terris,
690 3859 711 3902 a
727 3835 842 3904 eastris
859 3834 1010 3902 videlieet
1031 3830 1193 3914 alienatis,
1295 3895 1299 3904 ,

103 3947 253 4019 pertotam
279 3951 422 4012 nostram
439 3945 626 4030 Dyoeesym
639 3945 740 4031 judex
768 3945 840 4013 siue
856 3942 1026 4026 inquisitor
1052 3959 1196 4008 essemus

104 4051 283 4132 entitatos,
303 4052 386 4118 inter
400 4058 510 4120 oetera
525 4051 680 4120 mandata
705 4054 848 4122 eiusdem
864 4049 987 4119 demini
1003 4047 1081 4114 Rele
1097 4047 1196 4132 Regis

105 4153 163 4223 uiua
176 4179 253 4227 uoee
267 4159 429 4246 primitus,
455 4169 488 4227 et
503 4159 706 4246 postmodum
732 4161 764 4228 in
786 4159 901 4228 litteris
926 4158 994 4225 suis
1017 4155 1195 4242 recepimus

103 4267 232 4356 speciale,
257 4277 292 4337 ut
306 4279 427 4337 terram
443 4269 601 4356 Stephani
625 4279 658 4338 et
675 4271 763 4338 Petri
786 4267 1048 4338 tubicinariorum
1074 4263 1189 4350 ipsius,

103 4371 226 4447 Oblanoh
249 4379 388 4464 nomine,
414 4378 512 4446 sitam
527 4378 560 4445 in
577 4379 741 4448 comitatu
767 4380 874 4447 (lustri
900 4375 1021 4460 Ferrei,
1045 4375 1194 4462 inspecta

104 4488 258 4574 quaudtate
289 4487 506 4572 etqualitate
539 4488 684 4558 eiusdem
715 4497 930 4558 statueremus
961 4484 1103 4574 Georgio
1126 4484 1193 4552 filio

104 4597 192 4687 Olpe,
216 4622 253 4670 ae
269 4604 343 4687 post
368 4615 441 4666 eum
457 4595 524 4666 suis
540 4597 721 4684 heredibus,
749 4621 789 4666 ex
806 4599 983 4670 donacione
1003 4597 1108 4680 Regia
1122 4611 1193 4681 per·
