3134 5158
581 251 734 354 joo-

110 473 172 520 vcro
185 452 365 520 medietate
382 451 485 539 ipsius
502 459 586 519 terro
602 473 674 520 cum
691 452 786 520 torris
803 451 984 520 arabilibus
1000 453 1159 520 existente
1175 450 1218 517 ab

111 561 219 644 orienti,
247 559 345 628 simul
361 579 434 628 cum
452 560 521 628 alia
546 559 719 628 medietato
740 559 884 648 predicte
907 559 990 629 silue
1012 561 1054 628 ad
1079 559 1216 627 eandem

111 675 213 736 terram
239 667 444 756 pertinentis,
476 675 615 755 aparte
640 669 793 738 videlicet
817 669 1021 737 meridionali
1047 667 1218 752 existento,

110 797 168 842 curn
181 777 332 845 omuibus
349 776 544 844 utilitatibus
569 785 601 844 et
626 778 834 864 pertineuoijs
859 778 926 846 suis
946 776 1145 862 quibuslibet
1169 794 1218 844 co·

109 886 192 952 teuto
207 893 242 952 ot
256 891 445 952 remanente
470 885 637 972 sspcdicte
653 886 782 952 domine
798 887 891 952 Ilana
916 890 949 952 et
964 885 1032 952 suis
1048 884 1218 969 posterita

108 992 181 1060 tibus
197 993 240 1058 ab
255 992 373 1060 eadem
383 991 662 1076 descendentibus,
679 991 827 1060 similiter
846 993 879 1058 in
895 997 1087 1080 perpetuum
1097 997 1130 1058 et
1144 991 1218 1058 irre·

109 1101 289 1169 uocabiliter
314 1098 514 1187 possidendo
530 1107 562 1167 ct
578 1097 740 1167 habenda.
767 1100 843 1185 Ipso
858 1107 967 1168 autem
984 1097 1113 1168 domine
1137 1099 1217 1166 obli·

109 1216 255 1294 generunt
265 1228 301 1276 se
317 1227 427 1276 coram
438 1207 544 1292 nobis,
564 1205 650 1290 qnod
661 1205 690 1273 si
700 1226 765 1290 qua
775 1207 930 1293 ipsarum,
948 1207 1001 1274 vel
1011 1205 1217 1292 posteritates

109 1316 284 1404 eorundem,
303 1315 575 1402 transgrediendo
586 1321 619 1382 et
633 1314 832 1403 prosiliendo
843 1321 983 1382 ueterem
994 1322 1135 1382 meatum
1151 1335 1219 1400 pre-

109 1428 177 1494 dicti
200 1425 296 1494 riuuli
321 1428 406 1494 inter
431 1427 523 1512 ipsas
549 1422 631 1492 duas
655 1425 828 1511 porciones
856 1433 941 1491 terre
967 1423 1161 1510 separantis,
1178 1422 1218 1490 de

108 1536 248 1621 porcione
262 1533 400 1600 alterius
416 1533 519 1618 partis
535 1531 569 1598 iu
586 1533 680 1598 terris
706 1531 887 1598 arabilibus
906 1531 1143 1616 quantumlibet
1159 1553 1218 1616 pro

109 1663 140 1710 se
153 1661 306 1727 usurpare
321 1640 478 1708 niteretur
494 1639 768 1725 quandocunque5
788 1639 848 1706 bec
863 1659 941 1726 pars
958 1638 1110 1707 violatrix
1131 1639 1218 1706 lacte

109 1749 266 1818 diuisiouis
283 1748 378 1816 alteri
393 1748 489 1834 parti,
506 1755 581 1816 aute
594 1747 661 1815 litis
677 1749 871 1832 ingressum,
890 1753 922 1814 et
938 1749 1061 1832 absquo
1080 1748 1218 1834 strepitu

106 1857 208 1944 jndioij
225 1857 375 1939 alicuius,
395 1854 507 1922 decem
524 1875 651 1923 marcas
667 1857 804 1942 pecunie
820 1856 898 1924 darc
915 1865 947 1924 et
972 1857 1159 1943 persoluere
1173 1862 1218 1924 te·

109 1973 219 2032 ocatur.
236 1966 288 2032 Ad
298 1964 389 2032 ouius
399 1964 445 2030 rei
456 1965 644 2032 memoriam
656 1971 848 2051 perpetuam
859 1971 891 2032 et
906 1965 1070 2034 munimen
1087 1983 1217 2052 presen-

110 2085 151 2142 tes
164 2075 286 2142 litteras
302 2073 520 2141 concessimus
536 2073 644 2158 sigillo
664 2080 774 2140 nostro
790 2073 969 2140 roboratas.
994 2075 1115 2140 Datum
1132 2094 1218 2141 anno

111 2185 146 2250 ab
159 2183 387 2252 lucarnacionc
397 2181 527 2250 Domini
544 2181 714 2249 millesimo
727 2180 792 2248 00⁰
802 2183 1071 2268 quinquagesimo
1087 2191 1215 2267 quarto.

111 2293 228 2358 Andrca
243 2294 377 2359 Decano
394 2299 427 2358 et
442 2291 601 2376 Gregorio
613 2290 765 2375 Custode,
782 2290 963 2376 ceterisque
979 2290 1134 2358 fnanibus
1151 2292 1216 2358 exi-

111 2401 265 2484 stentibus,
282 2407 316 2467 et
330 2400 500 2468 nobiscum
515 2400 585 2467 Deo
609 2398 842 2467 famulantibus
858 2398 1024 2466 humiliter
1039 2405 1072 2466 et
1088 2399 1215 2468 deuote.

46 2549 48 2556 v
111 2582 231 2641 (Ercdatie
244 2579 419 2648 bdrbairtyr'nn,
438 2581 549 2648 melyrdl
562 2598 580 2633 a
593 2579 724 2649 utpoalan
737 2581 855 2649 poesdtje
867 2578 1096 2647 hdrtyansinsgcn
1111 2580 1186 2646 ftlgg,
1201 2596 1218 2630 a

321 2671 415 2725 rumulo
437 2675 481 2740 hg.
496 2670 662 2740 Eszterbdny
676 2670 766 2726 csaldd
776 2664 985 2739 ¹levdltdraiban.)

524 2963 792 2975 m
840 2961 845 2972 c

616 3410 694 3477 ⁶268.

113 3591 226 3658 Ancona
239 3600 330 3659 udroa
344 3595 496 3678 tooooaqo
507 3593 649 3659 Goocona'
664 3595 754 3659 Moite'
766 3596 864 3658 odoni
873 3596 1053 3682 peludroole
1065 3595 1221 3682 enqedclyt

113 3700 154 3778 od,
176 3704 252 3788 boqy
275 3703 410 3787 raquzoi
424 3703 498 3787 lrcjd
516 3703 594 3765 cilici
612 3701 780 3766 czeooccleti
794 3702 1047 3768 looo'roaodoioc'oalr
1062 3702 1183 3788 fejcbea
1199 3727 1219 3766 a

111 3813 225 3893 royozao'
238 3810 471 3876 teratodtloel
495 3817 660 3896 ooyycoa'n
675 3811 833 3896 moydoolo
849 3811 946 3896 totileq
965 3811 1108 3896 eloyto'telt
1123 3809 1219 3874 caulod-

511 3921 670 3983 zd‘lbcaocn.
702 3905 798 3984 1254.

202 4119 240 4182 ln
265 4116 395 4182 nomine
411 4115 530 4181 Sancte
555 4121 587 4182 et
612 4115 783 4181 individue
799 4113 968 4180 Trinitatis
984 4115 1096 4183 Arnen.
1124 4115 1216 4184 Auno

112 4221 226 4289 Domini
238 4225 279 4290 Μ.
287 4223 349 4292 OG.
357 4225 438 4289 LIV.
453 4224 664 4291 Pontificatus
675 4223 796 4290 domini
807 4225 988 4291 innocentii
998 4227 1088 4310 Papo
1100 4225 1216 4309 quarti,

112 4329 272 4401 Indictiouc
284 4335 354 4399 Xll.
369 4332 500 4400 civitate
510 4333 641 4400 Ancone
653 4331 705 4400 die
714 4333 784 4399 XV.
798 4332 916 4398 mensis
928 4333 1138 4420 Septembris.
1149 4333 1218 4403 Nos

113 4437 284 4506 Gufferatus
301 4439 550 4524 Guarcignellus
561 4439 713 4508 Civitatis
728 4443 862 4508 Ausone
879 4443 1028 4509 Potestas
1045 4442 1105 4507 stb.
1123 4462 1218 4528 super

112 4547 239 4616 exhibita
264 4550 359 4619 uobis
376 4550 531 4634 petitione
558 4549 686 4617 domine
703 4548 926 4618 Bellavederis
947 4551 1056 4618 uxoris
1082 4553 1216 4618 Matthei
