3134 5150
853 269 897 336 34

790 357 952 371 ——u-

309 475 354 540 ad
368 493 428 540 nos
444 472 617 560 pertinent,
643 467 707 535 sibi
722 473 903 551 usurparet.
921 463 1001 529 Onm
1017 481 1097 545 ergo
1123 459 1218 528 nobis
1239 459 1463 527 constitisset

310 581 353 648 ad
370 581 512 667 plenum,
537 575 674 643 terciam
690 581 816 661 partem
832 569 1003 638 memorati
1020 567 1130 634 tributi
1146 567 1190 633 ad
1207 565 1448 635 monasterium

312 688 491 756 antefatum
505 684 689 773 pertinere,
715 679 822 748 eidem
839 677 991 744 duximus
1014 674 1259 755 restituendam,
1285 674 1356 740 iure
1370 695 1448 761 per-

310 803 410 884 petuo
426 795 534 878 quieto
559 799 591 858 et
606 789 742 876 paoifiee
758 789 802 854 ab
818 786 934 854 eodem
953 780 1196 869 possidendam.
1226 783 1270 848 vt
1285 801 1363 868 ergo
1379 803 1448 849 me

313 909 440 971 morata
455 901 633 983 restitucio,
659 897 807 982 legitime
823 894 922 978 saeta,
940 893 1034 958 salua
1053 909 1182 978 semper
1197 896 1230 954 et
1250 889 1452 956 inconeussa

314 1015 518 1096 permaneat,
542 1027 601 1074 nee
617 1005 725 1094 possit
741 1005 783 1070 ab
801 1005 911 1088 aliquo
927 1001 1142 1086 imposterum
1158 996 1223 1062 iam
1239 996 1364 1064 tooieus
1380 997 1449 1064 die-

315 1125 382 1183 tnm
407 1115 640 1184 monasterinm
664 1111 839 1197 inquietari
855 1129 954 1196 super
975 1108 1059 1194 ipso,
1086 1124 1145 1172 sen
1160 1105 1347 1188 molestari;
1373 1124 1450 1189 pre-

316 1229 426 1291 sentes
435 1225 469 1290 in
479 1229 673 1309 perpetuam
683 1221 730 1287 rei
745 1218 941 1300 firmitatem,
957 1215 1085 1281 litteras
1097 1212 1251 1280 duximus
1267 1211 1450 1278 oonoeden-

316 1331 388 1414 das,
414 1330 577 1418 duppliois
602 1329 704 1414 sigilli
718 1328 821 1412 nostrj
847 1325 1024 1392 munimine
1048 1321 1234 1408 perenniter
1261 1321 1451 1387 roboratas.

315 1443 438 1508 Datum
454 1439 496 1506 in
510 1439 625 1506 Zolnm
649 1457 734 1504 anno
760 1436 871 1519 gracie
896 1433 1069 1500 millesimo
1090 1429 1277 1497 OG⁰XXX⁰
1293 1428 1451 1513 septimo,

317 1549 427 1614 ΧΧΠο
439 1547 600 1614 kalendas
616 1544 816 1628 Deoembris,
833 1542 940 1626 Regni
964 1545 1073 1606 antem
1090 1537 1193 1604 nostri
1222 1556 1308 1602 anno
1334 1535 1452 1602 teroio.

539 1741 647 1807 (Knann
659 1739 777 1804 Nitndor,
797 1742 911 1806 Magyar
924 1740 989 1790 Sion
1001 1739 1038 1788 11.
1053 1738 1111 1786 lot.
1125 1737 1185 1785 43⁷.
1199 1733 1228 1800 Ι.)

762 2021 1017 2032 -—-.--——-

867 2469 921 2536 22.

331 2647 391 2712 IV.
408 2649 489 2713 Belo
513 2649 619 2734 kirtly
634 2649 812 2734 mopero'siti
827 2647 955 2729 Saulus,
977 2647 1080 2712 Jdaoa
1087 2647 1205 2731 fidtmlr
1230 2644 1464 2730 dirtokdtlupo·

806 2758 863 2816 idi.
886 2753 984 2816 1237.

441 2931 524 2997 Belo
547 2929 610 2995 Dei
635 2929 749 3014 graoia
763 2928 941 3013 Hungarie,
967 2929 1148 3013 Dalmaeie,
1175 2927 1321 3011 Oroaoie,
1346 2929 1464 3010 Reme,

334 3036 457 3120 Seruio,
476 3035 610 3121 Galioie,
628 3035 821 3104 Lodomerie
844 3033 1065 3120 Comanieqne
1080 3038 1150 3102 Rex
1175 3035 1323 3103 omnibus
1339 3034 1465 3101 Christi

335 3143 487 3210 fidelibus
503 3161 638 3229 presens
665 3144 819 3228 seriptum
836 3143 1034 3228 inspecturis
1059 3143 1199 3212 salntem
1214 3143 1248 3209 in
1263 3162 1313 3224 eo,
1339 3142 1393 3227 qni
1412 3149 1469 3208 est

336 3251 427 3318 salus
443 3251 594 3318 omnium.
614 3249 667 3315 Ad
682 3251 905 3316 uniuersorum
914 3251 1117 3336 presencium
1133 3271 1173 3316 ao
1187 3257 1390 3336 posterorum
1407 3270 1467 3316 no-

336 3358 446 3425 tioiam
462 3359 577 3424 harum
602 3358 687 3424 serie
702 3357 851 3425 volumus
867 3358 1045 3444 peruenire,
1069 3357 1156 3441 quod
1171 3359 1290 3424 Saulus
1305 3357 1391 3424 filius
1408 3357 1467 3423 Jo-

336 3465 455 3531 hannis
470 3463 512 3530 de
537 3465 652 3531 Insula
666 3465 710 3530 ad
724 3470 870 3532 nostram
887 3465 1046 3530 aoeedens
1062 3465 1276 3552 presenciam,
1296 3464 1470 3530 humiliter

337 3571 434 3637 nobis
450 3577 483 3637 ot
497 3571 657 3638 instanter
681 3571 895 3657 supplioando
916 3571 1090 3656 flagitauit,
1116 3579 1239 3638 uterum
1255 3570 1342 3637 idem
1366 3591 1470 3658 snper

338 3685 424 3746 terre
438 3695 497 3744 sue
509 3679 655 3763 negooijs
672 3699 730 3763 per
738 3679 870 3762 judiees
880 3685 1038 3746 terrarum
1054 3680 1088 3745 in
1099 3678 1262 3747 Comitatu
1271 3679 1468 3748 Posoniensi

337 3806 397 3873 por
411 3805 471 3854 nos
496 3786 688 3852 oonstitntos
704 3805 783 3871 sepe
799 3792 832 3851 et
857 3787 967 3872 sepius
993 3786 1110 3854 luisset
1125 3789 1328 3868 molestatus,
1353 3806 1467 3871 qnam,

337 3900 374 3960 vt
388 3889 530 3976 dicebat,
553 3898 674 3960 terram
690 3893 821 3978 abipso
837 3893 936 3976 ijdem
947 3893 1077 3978 judiees
1093 3893 1128 3960 in
1143 3915 1266 3979 magna
1281 3893 1472 3978 quantitate

338 4001 553 4085 abstulerant,
581 4005 614 4066 et
628 4007 736 4066 eastre
753 4000 978 4085 restituerant3
1005 4009 1135 4086 terram,
1158 4021 1255 4083 quam
1281 4000 1345 4066 sibi
1369 4000 1469 4068 relin-

340 4107 503 4192 quendam
528 4108 699 4192 duxerunt,
724 4128 766 4172 ne
782 4109 915 4174 ulterius
931 4109 1157 4176 molestaretur
1182 4129 1241 4196 pro
1258 4109 1385 4192 eadem,
1410 4128 1473 4175 no-

340 4213 416 4279 stris
432 4213 495 4280 sibi
510 4215 626 4282 litteris
643 4215 854 4299 dignaremur
868 4215 1068 4282 confirmare.
1086 4216 1156 4282 Nos
1169 4236 1247 4282 vero
1263 4215 1359 4282 solito
1376 4216 1472 4280 beni-

342 4317 476 4402 gnitatis
491 4328 602 4387 nostre
617 4323 729 4390 fanore
754 4322 858 4408 ipsius
873 4321 1080 4408 peticionem,
1098 4343 1161 4407 que
1171 4321 1339 4409 justiciam
1365 4323 1474 4388 eonti-

340 4427 452 4508 nobat,
472 4426 675 4496 intendentes
700 4429 884 4514 admittere,
907 4430 1036 4496 dilectis
1062 4437 1095 4498 et
1118 4431 1269 4497 fidelibus
1295 4429 1413 4498 nostris
1442 4431 1473 4496 I.

342 4533 512 4616 Prepesito
528 4539 561 4598 et
576 4534 615 4598 Α.
632 4532 750 4602 Comiti
765 4538 958 4604 Posoniensi
987 4537 1137 4606 dedimus
1154 4540 1187 4605 in
1204 4538 1368 4604 mandatis
1394 4537 1474 4603 dili-
