3134 5150
795 327 959 430 *aa*

317 551 459 615 unqnam
475 535 620 615 tempore
636 523 823 610 calumpnia
838 521 951 606 aliqua
963 519 1147 601 retractari,
1165 515 1384 584 concessimus
1400 511 1451 576 ad

316 639 378 708 hoo
393 643 560 722 presentes
576 637 703 702 litteras
720 629 898 698 munimine
912 637 1095 696 nostrorum
1117 625 1300 709 sigillorum
1315 621 1452 689 robora·

316 755 378 829 tas,
395 763 480 811 anno
497 742 629 810 Domini
646 743 691 807 Μο
702 738 767 805 0¹1⁰
778 737 964 805 XXX⁰VI⁰.

320 940 454 1005 (Erodetia
468 936 642 1004 blirhdrtyan,
656 954 673 989 a
682 933 908 1002 hdrtyazsinegsn
917 932 1026 998 tuggon
1039 929 1166 996 pacsdtek
1178 930 1323 990 slvcsatalr,
1336 943 1353 978 a
1364 925 1454 977 budai

703 1027 730 1076 k.
744 1025 866 1076 kamarai
878 1019 1071 1086 levdltdrlran.)

900 1255 1017 1262 ..—-..

862 1694 917 1761 lt.
982 1680 992 1702 ’

324 1881 461 1944 Kdzmtr
477 1876 646 1960 oesaprdmi
659 1876 788 1960 prepost
802 1875 833 1937 ds
848 1872 1006 1936 kikutdou
1022 1873 1195 1936 birdtdraoi
1210 1869 1457 1956 Zolomappdben

409 1982 536 2049 Hotold
553 1983 708 2046 morcesela
723 1980 1106 2068 birtolrjoposo'todnyoirdl
1123 1979 1247 2044 itttnek.
1271 1979 1368 2041 1236.

436 2175 621 2243 Oazmeriur
648 2174 836 2260 Propositus
861 2175 1126 2259 vesprimiensis,
1144 2173 1309 2239 Arnoldus
1335 2171 1457 2238 Comes

328 2285 545 2367 Zaladiensis‚
570 2281 770 2366 Rednaldus,
797 2283 918 2369 Trepk,
946 2285 1096 2366 Marcus,
1123 2282 1253 2348 Luchus
1279 2287 1310 2347 et
1335 2281 1458 2348 vitalis

329 2395 472 2462 Oomites
497 2390 659 2458 uniuersis
684 2409 819 2476 presens
850 2389 1008 2476 scriptum
1033 2389 1228 2474 inspecturis
1255 2389 1395 2456 salutem
1420 2391 1459 2454 in

329 2502 478 2570 Domino.
504 2499 557 2565 Ad
572 2499 796 2566 uniuersorum
822 2497 977 2563 noticiam
994 2498 1145 2562 nolumus
1161 2497 1343 2581 peruenire,
1367 2495 1459 2578 quod

316 2627 402 2680 ,curn
427 2625 487 2672 nos
503 2625 524 2670 a
540 2605 670 2672 domino
686 2604 767 2669 Bela
782 2605 906 2669 Illustri
921 2605 1012 2686 Rege
1032 2603 1068 2666 in
1085 2601 1249 2669 Comitatu
1266 2602 1460 2668 Zaladieusi

331 2731 428 2797 super
442 2713 537 2777 terris
552 2713 767 2778 castrensium
784 2710 1034 2777 uduornicorum
1050 2711 1160 2793 Regis,
1186 2711 1381 2796 populorum
1396 2711 1460 2777 Rc·

332 2820 417 2904 gina,
444 2819 643 2884 seruientnm
657 2819 767 2902 Regis,
785 2817 1007 2883 Ecclesiarnm
1033 2822 1065 2882 et
1088 2818 1228 2882 aliarum
1253 2816 1461 2882 diuersarum

333 2925 560 2992 condicionum
585 2924 708 2990 iudices
726 2931 759 2989 et
774 2923 986 3008 inquisitores
1011 2925 1160 2990 ueritatis
1177 2943 1323 2990 essemus
1340 2927 1460 2992 consti-

332 3031 403 3114 tuti,
420 3031 574 3098 sciuimus
590 3031 624 3096 in
640 3030 789 3112 ueritate,
807 3031 894 3115 quod
904 3029 1020 3097 Comes
1036 3031 1207 3098 Hoholdus
1222 3031 1321 3098 habet
1335 3040 1459 3099 terram

333 3138 455 3203 iustam
473 3145 506 3204 et
522 3138 702 3222 legitimam
727 3138 912 3222 emptioiam
929 3159 950 3202 a
966 3139 1042 3222 filijs
1058 3139 1186 3224 Bagya,
1202 3139 1223 3205 J
1226 3141 1351 3206 ohanne
1374 3139 1461 3206 scili-

335 3253 387 3312 cet
402 3253 435 3312 at
449 3245 585 3329 Jacobo,
601 3247 644 3312 ad
655 3245 718 3312 duo
734 3251 843 3311 aratra
859 3245 1082 3328 sufficientem,
1095 3248 1180 3312 inter
1196 3253 1317 3312 terram
1327 3245 1463 3332 Oluybyt

335 3351 521 3436 iobagionis
545 3353 663 3435 castri,
696 3358 728 3418 ct
752 3361 872 3418 terram
897 3353 975 3417 ville
999 3373 1082 3419 noue
1108 3354 1195 3418 curie
1221 3351 1461 3420 cruciferorum

336 3461 460 3526 Domus
476 3459 656 3544 Hospitalis
671 3460 851 3543 iacentem,
877 3461 1053 3544 agnitaque
1069 3461 1168 3544 plena
1184 3461 1322 3528 ueritate
1341 3468 1466 3528 terram

338 3565 477 3632 eandem
501 3566 586 3634 dicto
603 3564 719 3632 Comiti
739 3564 902 3647 Hoholdo,
929 3571 962 3630 et
985 3573 1101 3651 postea
1127 3567 1194 3632 suis
1219 3568 1467 3636 successoribus

337 3682 492 3759 perpetuo
508 3692 548 3739 ac
564 3675 699 3759 pacifice
713 3673 945 3758 possidendam
955 3675 1173 3759 permisimus,
1191 3676 1280 3742 nullo
1298 3676 1468 3744 mediante

338 3787 370 3848 et
386 3779 636 3847 contradicente.
653 3780 704 3846 Ne
719 3780 817 3864 igitur
832 3779 964 3845 labente
975 3787 1121 3864 tempore
1137 3781 1259 3848 iactum
1276 3783 1342 3847 talc
1358 3785 1467 3868 possit

338 3889 372 3954 in
387 3888 514 3954 irritum
538 3887 695 3972 reuocari,
724 3894 853 3952 nostras
871 3885 976 3953 eidem
992 3889 1032 3953 H.
1051 3887 1166 3954 coniri
1190 3890 1317 3956 litteras
1334 3910 1470 3958 conces-

340 3996 452 4081 simus,
469 3995 569 4080 sigilli
585 3995 686 4062 nostri
704 3993 879 4060 munimine
895 3995 1078 4061 roboratas.
1104 3997 1199 4063 Anno
1217 3998 1326 4079 gracie
1342 3999 1386 4062 Μ0
1399 3997 1471 4063 000

340 4102 449 4166 XXX⁰
465 4103 533 4168 VI⁰.

341 4277 478 4341 (Ersdatis
499 4277 673 4348 bdrhdrtydn,
692 4281 804 4347 melyrir'l
818 4283 833 4331 'l
848 4279 941 4346 pocsdt
963 4277 1186 4346 hairtyazsiuogen
1207 4282 1325 4348 tuggon,
1345 4283 1378 4333 de
1399 4285 1474 4334 ezok

342 4365 406 4415 kant
427 4367 493 4415 enak
514 4384 544 4418 az
558 4369 621 4428 elsii,
644 4385 662 4420 a
673 4367 809 4435 prdpost-6
831 4385 947 4434 megran
959 4366 1029 4434 mdg,
1049 4384 1066 4418 a
1080 4371 1162 4422 budai
1173 4371 1224 4421 kir.
1239 4372 1362 4422 kamarai
1384 4371 1471 4422 loudl-

844 4455 960 4524 ttrban.)
