3122 5154
325 1075 357 1140 A
374 1071 640 1156 sadkesfebewdri
664 1068 886 1156 kaetptalanook
901 1055 1164 1152 biaony‘scipleoale
1179 1089 1200 1129 a
1218 1063 1303 1142 Qasr
1325 1073 1461 1128 namnet·

326 1179 480 1267 stpbelielt
496 1180 527 1242 60
542 1176 637 1242 leot
652 1197 750 1241 eomes
765 1175 850 1238 lebeti
870 1173 1137 1258 epyeaetlensepak
1159 1169 1376 1258 kieqyeolitese
1392 1175 1461 1234 etr·

765 1283 900 1369 pydban.
920 1281 1017 1345 1237.

642 1459 1146 1528 ABODE

437 1655 608 1725 Vniuersis
623 1657 658 1721 in
673 1656 802 1723 Christo
827 1656 950 1722 renatis
967 1662 1034 1721 tam
1059 1651 1264 1740 presentibus
1290 1671 1388 1738 quam
1403 1671 1462 1735 po

330 1766 427 1834 steria
444 1771 627 1850 presentem
654 1764 812 1850 paginam
835 1762 1031 1850 inspecturis
1046 1762 1190 1828 Albense
1206 1759 1394 1846 Capitulum
1410 1778 1463 1825 sa-

330 1875 431 1940 lutem
457 1871 491 1937 iu
516 1871 633 1937 salutis
659 1879 800 1938 anetore.
827 1870 948 1938 Notum
967 1869 1011 1934 sit
1034 1877 1102 1934 tam
1128 1868 1334 1956 presentibus
1359 1886 1463 1950 quam

330 1978 473 2066 posteris
499 1982 683 2061 presentem
708 1977 865 2064 paginam
890 1976 1104 2062 inspecturis,
1134 1993 1194 2042 uos
1219 1975 1345 2042 litteras
1371 1973 1463 2040 Chao

333 2083 468 2150 Comitis
485 2082 716 2169 Suprunieusis
732 2083 793 2148 sub
809 2083 872 2149 hae
888 2082 993 2151 forma
1008 2082 1182 2168 recepisse.

442 2188 592 2276 Capitulo
612 2189 768 2255 Albensis
792 2190 941 2256 Eealesie
967 2189 1057 2256 Chne
1081 2188 1198 2256 Comes
1220 2187 1463 2275 Supruuiensis,

334 2299 479 2365 inolitum
497 2303 530 2363 et
555 2295 748 2363 famulatum
763 2295 870 2364 fidele.
896 2296 949 2362 Ad
964 2317 1023 2365 uos
1040 2299 1113 2363 lsae
1129 2296 1246 2363 Comes
1270 2294 1464 2380 etjobagio·

334 2425 393 2472 nes
411 2403 519 2471 (lustri
534 2404 766 2489 Supruuiensis
782 2403 910 2470 iverant
926 2424 984 2489 pro
1001 2405 1089 2472 laeto
1104 2413 1189 2470 terre
1203 2402 1315 2485 Mihal,
1339 2410 1373 2468 et
1388 2421 1464 2468 oum

332 2513 414 2600 ipsis
431 2515 516 2598 (lug,
534 2519 680 2580 nostrum
696 2512 797 2578 filiurn
814 2511 1017 2596 miseramus,
1043 2519 1078 2578 ut
1094 2531 1229 2578 eausam
1244 2509 1349 2596 ipsius
1365 2515 1463 2593 terre,

336 2619 505 2686 sientante
521 2640 580 2687 uos
597 2617 858 2705 compositafuit,
876 2623 1053 2704 enarraret,
1076 2617 1153 2704 quia
1162 2615 1307 2702 sigillum
1316 2623 1464 2682 nostrum

332 2743 433 2812 penes
460 2745 519 2792 nos
546 2746 611 2792 non
637 2725 822 2810 habuimus,
849 2731 881 2790 et
905 2746 964 2792 vos
989 2725 1020 2792 ei
1046 2713 1232 2792 fidemnon
1258 2721 1464 2790 adhibuistis.

338 2830 447 2910 Quare
464 2851 550 2898 nune
565 2831 687 2898 laetum
713 2833 816 2918 ipsius
833 2840 917 2898 terre
933 2833 967 2898 in
982 2832 1102 2900 nostris
1126 2831 1242 2900 litteris
1260 2830 1377 2898 uestris
1393 2851 1466 2914 pro·

338 2939 490 3024 palamus
505 2937 784 3022 universitatibus,
802 2938 1090 3022 quodjobagiones
1103 2937 1212 3004 Castri
1223 2937 1466 3024 Suprunieusis,

337 3043 514 3128 degenere
531 3042 628 3128 Quer,
645 3043 701 3128 qui
716 3050 793 3110 sunt
807 3044 937 3110 connati
951 3045 1057 3130 Paulj‚
1079 3044 1122 3110 ad
1138 3044 1213 3110 Isae
1230 3044 1390 3112 Comitem
1404 3065 1465 3132 pro

337 3149 441 3217 tribus
467 3151 616 3236 partibus
640 3157 726 3216 terre
750 3151 851 3217 llihal
875 3152 965 3235 loqui
985 3153 1019 3219 in
1038 3159 1150 3219 tenore
1174 3149 1273 3236 litigij
1299 3151 1465 3234 volebant,

339 3276 475 3341 quorum
494 3256 711 3342 jobagiouum
735 3258 868 3325 nomina
891 3257 953 3324 hee
969 3265 1063 3325 sunt:
1089 3257 1122 3323 S.
1139 3257 1281 3343 Symeon
1297 3264 1331 3324 et
1345 3259 1466 3340 Dama,

341 3371 373 3432 et
387 3363 446 3448 filij
464 3365 569 3450 Syrti,
585 3365 695 3450 ilique
711 3371 744 3430 et
758 3385 870 3432 omnes
888 3365 1122 3450 generaoiones
1139 3363 1236 3447 Quer,
1257 3366 1360 3448 etqui
1375 3364 1468 3452 ipsos

336 3472 532 3558 jobagiones
548 3471 581 3538 iu
598 3471 661 3538 hae
671 3491 773 3538 eausa
788 3471 997 3556 adiuvabant,
1015 3491 1126 3539 eorum
1136 3471 1312 3558 sororiarij,
1330 3491 1468 3556 quorum

341 3579 474 3645 nomina
488 3578 548 3644 hee
564 3583 657 3643 snut:
674 3578 707 3644 S.
723 3577 852 3643 Endere
868 3584 899 3642 et
914 3577 1042 3662 Valent,
1059 3583 1093 3644 et
1108 3577 1165 3662 filij
1182 3576 1323 3662 Andree,
1339 3580 1372 3646 S.
1388 3580 1469 3646 Fur·

341 3683 449 3750 casius
465 3689 497 3748 et
512 3682 744 3750 Clementinus.
760 3683 855 3748 Nune
865 3688 974 3749 autem
991 3683 1135 3750 omnium
1150 3683 1287 3750 istorum
1295 3684 1468 3752 voluntate

342 3795 374 3857 et
390 3808 550 3858 consensu
565 3797 641 3856 ante
659 3809 852 3876 responsum
866 3789 975 3874 litigij,
996 3795 1072 3856 ante
1087 3809 1152 3858 uos
1163 3809 1236 3857 aum
1250 3790 1326 3856 Isae
1341 3791 1470 3858 Gemite

340 3919 401 3986 pro
419 3898 509 3966 diota
522 3905 611 3966 terra
636 3897 888 3965 eonveueioueur
912 3897 1058 3964 fecerunt
1072 3900 1193 3982 talem3
1216 3897 1303 3982 quod
1318 3899 1393 3964 Isae
1410 3898 1471 3967 Co

340 4027 409 4076 mes
418 4005 515 4074 (listis
526 4005 763 4092 jobagiouibus
773 4006 868 4072 daret
881 4004 1122 4091 quinquaginta
1132 4023 1268 4089 mareas,
1285 4004 1471 4072 telitsmen

341 4133 436 4199 pena,
453 4121 488 4180 ut
503 4115 612 4180 nullus
636 4113 772 4180 istorum
782 4111 1006 4198 jobagionum,
1033 4130 1094 4177 neo
1109 4109 1227 4194 aliquis
1247 4111 1393 4197 ipsorum
1412 4131 1472 4196 po·

342 4225 552 4304 strenuorum,
578 4239 619 4286 ne
636 4219 725 4285 ullus
749 4217 880 4304 penitus
907 4218 1013 4302 ipsam
1037 4225 1158 4283 terram
1182 4215 1225 4282 ab
1249 4217 1323 4283 Isaa
1342 4217 1474 4286 Oomite

344 4332 456 4412 posset
469 4325 642 4409 inquirere,
668 4345 729 4391 nee
747 4345 768 4390 a
783 4344 842 4392 suo
857 4331 1021 4410 postremo
1046 4341 1150 4408 usqne
1172 4323 1283 4389 mundi
1308 4324 1474 4391 stabilita-

342 4438 419 4498 tem.
442 4431 484 4496 st
499 4429 616 4499 Comes
631 4433 706 4498 Isae
730 4449 890 4496 summam
915 4429 1035 4496 dietam
1050 4429 1188 4515 pecunie
1211 4429 1245 4496 in
1260 4437 1371 4498 nostro
1395 4451 1475 4499 aon·

344 4543 456 4625 speetu
480 4543 583 4602 totam
608 4535 765 4622 persolvit
779 4535 1015 4623 prenominatis
1035 4535 1280 4622 jobagionibus.
1304 4539 1386 4604 Item
1410 4559 1474 4624 pro
