3102 5160
774 339 925 440 234-

289 540 415 624 dosam,
431 558 490 626 per
505 556 603 624 quam
619 535 726 605 eundo
741 535 843 603 nimio
856 533 1059 619 longitudine
1069 535 1217 622 peruenit
1231 533 1274 602 ad
1290 535 1419 600 culmen

290 648 409 717 montis
436 648 611 732 Berzoncb,
637 665 767 733 semper
793 665 814 711 a
839 643 971 712 sinistro
990 644 1225 731 jobagionibus
1250 643 1358 710 Gastri
1385 649 1421 710 et

289 755 509 847 castrensibus
534 753 796 840 remanentibus,
821 753 898 819 hinc
923 759 1033 819 autem
1047 751 1153 818 tendit
1177 769 1292 818 versus
1312 751 1420 819 orien-

289 871 355 932 tem
371 865 478 933 eundo
493 886 553 952 per
569 864 707 931 eundem
724 869 865 932 montem
880 861 982 930 nimia
997 859 1200 945 longitudine
1215 859 1420 927 descendeus

289 973 500 1060 insuperiori
524 981 618 1059 parte
634 971 733 1040 vallis
758 971 897 1038 Valaule
914 970 1003 1037 venit
1026 967 1071 1036 ad
1096 989 1249 1055 maguum
1272 967 1419 1055 lapidem

289 1080 468 1166 invallem,
484 1080 540 1146 vbi
556 1079 622 1146 alie
638 1079 700 1146 due
717 1079 820 1145 valles
836 1100 909 1145 eum
925 1078 1040 1144 eadem
1059 1077 1314 1161 coniunguntur5
1340 1075 1419 1141 inde

290 1207 367 1255 vero
383 1189 529 1256 aseendit
539 1189 584 1254 ad
599 1193 750 1274 montem,
767 1187 823 1270 qui
832 1187 949 1252 dicitur
962 1185 1169 1252 Tulztinerch
1179 1185 1285 1252 eundo
1295 1203 1420 1268 magna

290 1296 494 1380 longitudine
508 1297 542 1364 in
558 1295 689 1364 sinistro
706 1303 791 1363 terre
816 1295 925 1379 Prybe
951 1293 1106 1380 emptieia
1128 1297 1332 1377 remanente5
1360 1291 1416 1358 de·

290 1405 449 1472 scendens
465 1404 644 1488 invallem,
662 1408 695 1470 et
710 1403 825 1470 iterum
840 1401 1023 1469 ascendens
1039 1401 1100 1468 sub
1117 1407 1226 1469 monte
1241 1397 1415 1484 Dragonis,

290 1511 325 1576 in
341 1511 433 1577 cuius
448 1511 549 1577 latere
565 1509 671 1577 eundo
686 1508 772 1576 bona
787 1506 991 1593 longitudine
1007 1509 1096 1574 venit
1110 1508 1154 1574 ad
1171 1507 1330 1591 semitam,
1355 1526 1418 1592 per

290 1635 387 1700 quam
403 1617 510 1686 eundo
533 1636 646 1684 versus
662 1616 829 1684 meridiem
855 1636 975 1700 magna
998 1615 1202 1700 longitudine
1217 1616 1250 1682 in
1273 1613 1418 1702 planicie

289 1725 417 1791 accedit
432 1725 476 1791 ad
491 1724 574 1791 duos
590 1728 712 1808 metas;
738 1723 815 1790 inde
838 1742 914 1790 vero
940 1722 1109 1790 deseendit
1125 1722 1246 1789 directe
1262 1741 1319 1808 per
1343 1742 1417 1808 par·

290 1853 366 1899 uam
382 1831 581 1915 valliculam,
607 1839 640 1898 et
655 1831 746 1897 vadit
770 1831 856 1900 bono
873 1831 986 1917 spacio
1011 1832 1046 1897 in
1072 1831 1192 1898 uallem
1218 1830 1262 1897 ad
1285 1831 1418 1896 vineam

290 1939 464 2026 quandam,
483 1939 543 2007 sub
563 1957 629 2024 qua
644 1947 694 2006 est
708 1939 806 2005 vinea
821 1939 951 2024 Prybe;
969 1943 1002 2004 et
1016 1938 1093 2004 iude
1102 1937 1245 2005 declinat
1260 1937 1303 2004 ad
1313 1937 1417 2004 aliam

288 2046 385 2130 viam,
410 2065 473 2129 que
489 2044 581 2112 vadit
591 2047 688 2130 juxta
703 2046 884 2132 predictam
902 2047 1033 2113 vineam
1047 2045 1251 2130 longitudine
1276 2045 1416 2114 duorum

283 2154 436 2238 jugerum
449 2158 482 2219 et
499 2151 677 2237 dimidium,
704 2160 737 2220 et
754 2153 924 2220 descendit
938 2174 997 2240 per
1011 2153 1105 2220 berea
1130 2173 1245 2221 versus
1269 2153 1417 2222 occiden-

287 2267 354 2328 tem
369 2259 491 2327 oadens
515 2261 559 2326 ad
574 2280 712 2346 paruum
737 2260 880 2348 fluuium,
907 2281 966 2348 per
989 2280 1085 2344 quem
1106 2260 1196 2327 vadit
1220 2259 1355 2328 inferius
1371 2259 1417 2326 ad

286 2375 389 2436 metas
403 2374 490 2436 terre
505 2369 657 2456 Ziatyna,
670 2368 905 2453 jobagionibus
921 2368 1030 2435 Castri
1046 2369 1080 2435 in
1095 2369 1226 2436 sinistro
1242 2389 1413 2436 remanen-

287 2478 394 2563 tibua3
410 2475 486 2543 inde
503 2494 580 2544 vero
598 2475 746 2542 ascendit
758 2474 803 2541 ad
817 2478 903 2562 berz,
920 2483 953 2542 et
968 2496 1082 2563 parum
1098 2477 1204 2545 eundo
1221 2475 1310 2543 cadit
1323 2475 1417 2542 iuxta

288 2584 413 2670 vineas,
430 2583 485 2650 vbi
500 2604 522 2651 a
537 2583 670 2651 sinistro
685 2589 771 2650 terre
786 2584 929 2667 Ziatyna
944 2589 994 2651 est
1009 2585 1072 2652 sibi
1087 2591 1320 2670 commetanea,
1340 2585 1417 2652 hino

284 2691 433 2778 peruenit
448 2690 492 2756 ad
503 2689 748 2776 Oztagouycha,
763 2691 804 2757 de
821 2693 1092 2778 quaparumiens
1109 2693 1198 2760 venit
1213 2693 1256 2759 ad
1272 2692 1415 2778 priorem

285 2805 415 2864 metam.
441 2799 523 2864 ltem
537 2799 645 2884 prima
661 2805 748 2864 meta
761 2805 849 2865 terre
864 2800 1022 2889 Tuplyoe,
1049 2819 1112 2883 que
1128 2805 1178 2868 est
1194 2801 1313 2886 Prybe,
1331 2800 1412 2867 inci·

284 2904 333 2992 pit
349 2904 392 2970 ab
409 2905 544 2987 oriente,
566 2903 622 2970 vbi
638 2903 755 2971 fluuius
770 2905 902 2973 Rascba
918 2906 1007 2973 eadit
1022 2905 1056 2973 iu
1071 2907 1287 2995 Tuplycham,
1305 2913 1338 2973 et
1353 2927 1415 2993 per

288 3014 396 3099 ipsum
410 3012 543 3079 Rasoha
556 3011 650 3078 vadit
665 3014 811 3099 superius
827 3012 1031 3098 longitndine
1047 3016 1141 3082 unius
1151 3015 1280 3101 jugeris
1302 3015 1415 3083 exiens

288 3121 431 3189 declinat
454 3141 568 3188 versus
598 3119 799 3190 occidentem
824 3122 867 3190 ad
893 3124 1043 3192 arborem
1067 3144 1204 3207 nucum3
1236 3125 1312 3192 inde
1337 3145 1414 3192 vero

287 3227 435 3295 ascendit
454 3229 497 3295 ad
508 3227 785 3315 Vidynagoricha,
797 3231 851 3298 vbi
868 3237 918 3299 est
933 3239 1020 3300 meta
1035 3239 1162 3318 terrea3
1179 3231 1255 3299 inde
1270 3231 1363 3299 uadit
1378 3233 1413 3298 in

287 3334 343 3401 via
359 3355 472 3402 versus
488 3335 675 3421 aquilonem
688 3357 747 3422 per
762 3338 909 3424 spacium
925 3339 1062 3406 duorum
1067 3343 1232 3427 jugerum,
1249 3361 1307 3426 per
1317 3339 1414 3406 berea

286 3442 489 3510 descendens
504 3443 595 3510 venit
614 3443 656 3510 ad
672 3443 806 3511 fluuium
817 3446 948 3512 Raseha
963 3455 1180 3534 pneumatum,
1196 3466 1293 3531 quem
1308 3451 1412 3516 trans·

284 3551 320 3636 it,
337 3549 421 3618 inter
445 3551 564 3617 multas
590 3552 725 3618 arbores
751 3573 994 3620 nucumversus
1020 3555 1204 3638 aquilonem
1230 3553 1411 3623 ascendens

283 3659 327 3727 ad
344 3665 495 3745 montem,
513 3659 547 3726 in
564 3662 654 3728 cuius
670 3662 792 3728 vertice
808 3671 858 3729 est
877 3669 965 3728 meta
980 3669 1096 3746 terrea,
1120 3661 1155 3728 in
1171 3663 1302 3730 sinistro
1313 3665 1409 3750 joba·

282 3769 396 3854 giones
413 3767 520 3836 Gaetu
546 3767 671 3836 habeus
696 3775 956 3856 commetaneos3
977 3770 1051 3837 bino
1067 3769 1237 3838 descendit
1251 3770 1295 3838 ad
1311 3791 1411 3837 unam

281 3877 449 3960 vallnlam,
475 3883 508 3943 et
524 3876 612 3942 cadit
638 3875 682 3943 ad
697 3877 785 3944 viam
802 3883 954 3961 veterem,
978 3897 1150 3964 perquam
1174 3877 1265 3944 vadit
1290 3877 1323 3944 in
1340 3899 1409 3946 ma·

280 4004 344 4068 gno
360 3985 472 4070 spacio
494 3985 537 4051 ad
551 3986 686 4053 rubeum
702 3985 864 4072 lapidem,
890 3984 967 4054 inde
982 3984 1088 4053 tendit
1105 4005 1220 4052 versus
1236 3985 1405 4072 orientem,

280 4091 473 4175 perueniens
497 4090 542 4157 ad
566 4097 687 4158 metam
710 4096 851 4159 terream
876 4089 1046 4160 descendit
1071 4093 1105 4158 in
1130 4091 1292 4178 superiori
1317 4101 1411 4176 parte

282 4197 451 4263 vinearum
467 4215 526 4282 per
549 4203 654 4262 metas
670 4199 833 4264 transiens
849 4197 948 4283 mam,
973 4204 1005 4264 et
1020 4199 1112 4265 venit
1128 4197 1171 4264 ad
1196 4197 1296 4264 aliam
1321 4199 1413 4267 viam

281 4307 435 4387 veterem,
453 4303 656 4371 descendens
670 4303 705 4370 in
721 4305 896 4393 virgultum
911 4325 1009 4392 super
1026 4307 1130 4392 beron,
1148 4313 1181 4372 et
1196 4305 1286 4372 veuit
1302 4305 1345 4372 ad
1362 4328 1412 4373 ar·

281 4410 392 4476 borem
408 4409 483 4494 piri,
509 4411 565 4476 vbi
591 4419 642 4480 est
666 4419 754 4480 meta
770 4420 886 4496 terrea,
912 4413 1037 4480 habens
1064 4433 1194 4501 semper
1216 4413 1250 4479 in
1275 4411 1409 4484 sinistro

279 4515 477 4600 jobagiones
494 4515 601 4585 Gustri
618 4520 682 4586 sibi
708 4529 966 4608 commetane0s;
993 4521 1070 4587 hinc
1084 4521 1189 4589 tendit
1206 4540 1319 4588 versus
1347 4543 1411 4589 me-

279 4621 406 4706 ridiem,
433 4625 465 4686 et
480 4622 574 4688 vadit
587 4644 647 4709 per
670 4625 804 4694 fluuium
819 4627 993 4716 Tuplyozo,
1022 4647 1124 4715 vsque
1142 4628 1227 4714 quod
1253 4627 1343 4697 cadit
1365 4627 1410 4697 ad
