3102 5160
848 287 1004 405 go

359 475 507 548 dedimus
531 482 699 567 presentes
713 478 840 544 litteras
866 477 967 562 sigilli
981 477 1085 545 nostri
1109 478 1286 548 munimine
1300 479 1485 546 roboratas.

358 591 453 656 Anno
468 587 601 656 Domini
620 588 664 654 ltl⁰
675 585 902 653 GG⁰XL⁰IX⁰.

355 784 495 851 (Eradetia
507 780 680 852 bdrbdrtydm
701 799 719 836 a
730 781 822 852 pecsdt
842 783 989 847 elvassett3
1011 797 1029 834 a
1041 779 1143 837 tombs
1163 783 1208 850 bg.
1229 779 1379 848 Battbydni
1392 775 1490 832 esaldd

817 870 1026 941 lesdltdrdban.)

877 1715 961 1785 206.

357 1919 466 1986 Iatoda
480 1917 652 1986 sclavonici
660 1915 784 1984 bannale
797 1920 877 1982 mint
890 1916 1008 2004 kirdlya'
1021 1913 1173 1983 leikdlddtt
1186 1915 1316 1984 birdouk
1325 1914 1492 2005 Podporia

562 2025 684 2094 odruck
698 2024 877 2091 tartozdkudt
891 2027 1040 2113 tdrpyazd
1053 2027 1158 2092 ttalea.
1179 2023 1276 2092 1249.

466 2221 649 2310 Stephanus
665 2221 777 2289 Banna
785 2221 890 2289 tocius
899 2221 1070 2290 &lenonie
1079 2221 1229 2290 omnibns
1239 2239 1375 2310 presens
1387 2221 1495 2309 scrip-

357 2338 425 2398 tum
450 2329 644 2417 inspecturis
669 2329 808 2398 sulutem
840 2329 874 2395 in
899 2349 976 2397 vero
1002 2329 1151 2397 soluturi.
1182 2327 1235 2395 Ad
1260 2329 1494 2397 uniuersorum

357 2437 510 2508 noticiam
535 2439 651 2505 harum
666 2437 752 2506 serie
776 2436 984 2524 presentibus
1010 2443 1043 2504 et
1066 2437 1184 2505 futuris
1198 2437 1347 2506 volumus
1370 2455 1491 2524 perne·

357 2545 447 2632 nire;
475 2545 561 2632 quod
578 2546 727 2614 dominns
751 2545 832 2612 Bclu
846 2544 987 2612 Illustris
1002 2547 1073 2612 Rex
1088 2547 1258 2632 Hungsrie
1283 2543 1493 2612 dedit-nobis

356 2653 393 2718 in
409 2652 584 2737 mandatis,
601 2660 637 2719 ut
651 2653 724 2720 ricc
749 2659 783 2720 et
796 2672 855 2738 pro
870 2669 1012 2738 persona
1027 2672 1088 2720 suu
1102 2658 1207 2720 terras
1227 2652 1336 2720 Oestri
1351 2671 1413 2739 per
1440 2662 1496 2722 to-

356 2766 425 2826 tam
440 2759 646 2827 Solanoniam
664 2779 685 2824 a
699 2765 846 2844 tempore
862 2757 1029 2828 Golomani
1054 2759 1153 2845 Regis
1168 2759 1273 2828 felicis
1292 2759 1451 2826 memorie
1471 2781 1496 2826 a

358 2866 474 2934 caseo
490 2866 652 2934 alienatas
671 2865 903 2954 judicaremus,
922 2876 955 2934 et
969 2867 1084 2936 (taetro
1099 2867 1343 2936 restitueremus
1366 2875 1494 2952 terres,

356 2993 440 3059 quaa
465 2973 622 3042 sciremus
646 2975 996 3044 contrabescam
1022 2983 1129 3044 antem
1151 2955 1414 3064 perne'nissemns
1442 2976 1497 3041 ad

355 3081 573 3168 Podgoryam,
596 3082 730 3150 tandem
745 3083 934 3156 Alexander
950 3083 1067 3153 Comes
1091 3081 1133 3150 de
1147 3082 1334 3169 Podgorya,
1358 3089 1392 3149 et
1417 3103 1497 3150 om-

354 3207 413 3257 nes
432 3189 629 3275 jobagiones
642 3190 760 3278 Oestri,
777 3195 809 3258 et
834 3198 1019 3260 castrenses
1035 3191 1076 3258 de
1090 3192 1266 3277 Pedgorya
1280 3191 1402 3258 multas
1419 3197 1497 3257 ter-

353 3317 409 3364 ras
434 3297 563 3365 nomine
578 3295 686 3363 Casti-i
711 3317 732 3362 a
757 3297 835 3383 dlijs
851 3304 884 3365 et
908 3299 1122 3383 generacione
1141 3299 1241 3368 Pribe
1263 3297 1498 3387 impedierunt

354 3402 459 3492 (lgy);
482 3405 568 3472 vnde
593 3425 653 3473 nos
676 3411 819 3492 temper
843 3406 1002 3474 occultam
1020 3407 1267 3494 inquisicionem
1294 3407 1499 3493 ajobagio·

352 3513 458 3598 nibus,
484 3533 581 3599 quam
606 3534 663 3600 per
687 3513 850 3601 publicum
872 3535 1010 3582 examen
1031 3515 1166 3602 judieij,
1191 3516 1368 3585 secundum
1393 3519 1498 3600 qnod

353 3623 529 3690 adomino
553 3623 643 3706 Rege
666 3622 867 3689 habebamus
891 3623 925 3689 in
951 3623 1134 3711 mandatis,
1168 3644 1209 3691 ex
1234 3623 1329 3690 terris
1354 3643 1376 3689 a
1401 3624 1498 3710 filijs

353 3738 385 3798 et
409 3753 430 3797 e
455 3732 669 3817 generatione
692 3733 805 3816 Pryba
829 3732 1058 3816 reambulatis‚
1088 3751 1170 3817 quas
1196 3732 1350 3799 sciuimns
1377 3730 1500 3806 fnisse

351 3838 469 3924 beatri,
497 3861 554 3908 eas
570 3841 685 3908 Castro
702 3839 899 3909 restituimus
926 3841 1022 3926 pleno
1032 3843 1127 3926 jure3
1152 3847 1258 3908 terras
1273 3847 1384 3906 autem
1398 3840 1497 3911 lilio-

349 3969 420 4016 rum
444 3949 574 4035 Pryba,
607 3967 688 4032 ques
721 3947 837 4015 Oomes
863 3949 1051 4016 Alexander
1074 3969 1214 4016 unacum
1240 3946 1498 4033 jobagionibns

350 4055 460 4124 (lustri
475 4063 508 4124 et
523 4055 743 4122 castrensibus
759 4055 807 4123 eis
822 4056 857 4122 in
869 4075 952 4154 pace
966 4055 1098 4123 nomine
1112 4054 1309 4122 hereditario
1319 4053 1502 4137 relinque-

348 4171 432 4252 runt,
458 4165 674 4252 personaliter
687 4165 941 4246 reambnlantes,
968 4165 1100 4234 nomina
1124 4183 1164 4229 ac
1182 4169 1286 4230 metas
1301 4181 1417 4229 earnm
1452 4163 1498 4232 in

346 4277 492 4340 tenorem
511 4271 716 4358 presencium
733 4271 893 4338 conscribi
918 4271 1108 4356 singillatim
1124 4269 1273 4337 faciendo
1297 4268 1345 4334 eis
1361 4270 1499 4338 confir·

347 4381 519 4465 manimue,
544 4381 751 4466 presentibus
767 4379 952 4447 Alexandro
973 4380 1098 4447 Oomite
1114 4385 1147 4446 et
1157 4377 1393 4466 jobagionibus
1417 4378 1501 4450 Ca·

347 4485 406 4552 atri
422 4491 455 4552 et
470 4487 703 4574 castrensibus,
729 4507 770 4554 ac
784 4487 819 4553 in
834 4489 924 4556 nullo
940 4487 1249 4571 contradicentibus,
1268 4506 1345 4573 ymo
1360 4485 1498 4556 fauen-

344 4590 432 4670 tibus
457 4599 490 4659 et
515 4594 797 4662 consencientibus
823 4593 957 4662 eisdem.
984 4595 1129 4676 Quarum
1156 4595 1287 4684 quidem
1311 4597 1503 4670 terrarum
