3148 5156
162 497 214 542 uas
229 485 344 564 metas,
362 479 418 545 sbi
437 499 517 565 opus
538 479 661 563 fuisset,
679 477 792 547 ordine
812 481 1028 570 infrascripto,
1052 485 1284 550 reamblatarn·

160 607 216 670 quc
231 595 264 654 et
289 586 477 654 distinctam
496 588 584 655 nullo
609 587 739 675 penitus
765 588 1009 658 contradicente
1035 591 1227 658 statuissent
1253 602 1285 660 et

159 695 361 781 reliquissent
384 695 450 782 ipsi
466 694 584 762 domiti
601 696 764 765 Autboleo
794 698 835 764 dc
852 717 972 782 genere
988 699 1169 767 Hermanni
1190 699 1284 768 fratri

158 805 274 871 llatbie
290 804 454 889 prepositi
479 804 519 871 de
535 805 659 890 Sccpus
674 813 834 892 perpetuo
851 807 1095 894 possidendam,
1115 807 1233 874 vicinis
1249 815 1284 874 et

156 911 384 979 commetaneis
393 911 462 979 suis
478 912 694 998 presentibus.
708 911 807 980 Cuius
822 914 954 998 quidem
968 915 1187 1002 possessionis
1198 921 1283 982 mete

156 1027 186 1087 et
209 1019 440 1087 distinccioues
465 1019 527 1089 boo
552 1019 667 1088 ordine
693 1025 911 1106 annotantur;
944 1021 1031 1107 qnod
1057 1023 1164 1108 prima
1196 1028 1282 1088 meta
1330 1093 1333 1100 ,

156 1129 296 1195 eiusdem
306 1135 394 1195 terre
409 1149 467 1196 seu
483 1128 704 1215 possessionis
715 1130 840 1196 Mesces
857 1129 972 1216 incipit
982 1149 1024 1195 cx
1039 1135 1133 1216 parte
1143 1135 1281 1216 septem·

155 1236 281 1305 tricnali
292 1237 386 1304 iuxta
395 1241 536 1304 montem
546 1237 674 1322 Magita
684 1257 725 1304 cx
737 1244 831 1323 parte
843 1237 1061 1322 meridionali,
1078 1239 1278 1323 iuxtaquan-

156 1343 325 1412 damviam
340 1365 381 1412 ex
397 1351 491 1432 parte
511 1343 673 1431 orientali,
692 1363 755 1428 que
770 1345 825 1412 ria
835 1345 947 1411 veniet
962 1346 1002 1412 16
1013 1345 1124 1430 Reuye
1140 1353 1173 1412 et
1189 1345 1281 1413 vadit

155 1455 186 1520 in
200 1455 334 1540 Mesccs,
351 1453 408 1520 ubi
424 1459 499 1520 suut
513 1461 581 1520 tres
597 1459 681 1520 mete
697 1452 828 1540 lapidee
844 1455 967 1540 pariter
982 1453 1090 1540 posite
1106 1452 1278 1539 capitales,

155 1581 214 1648 que
240 1561 421 1646 distingunt
445 1568 477 1628 et
493 1569 650 1647 separant
676 1566 796 1628 terram
819 1563 944 1629 Messes
970 1562 1011 1627 de
1034 1568 1122 1628 terra
1147 1561 1278 1645 Benye;
1388 1639 1390 1644 ¹

155 1669 270 1737 deinde
286 1669 380 1736 vadit
404 1669 525 1737 directe
545 1689 658 1736 versus
675 1669 832 1738 orientem
856 1670 1036 1756 estiualem,
1062 1675 1094 1736 et
1109 1670 1278 1755 perueniat

155 1779 194 1844 ad
208 1775 374 1864 quandam
399 1777 548 1846 arborem
566 1777 650 1844 ilicis
676 1797 748 1844 cum
767 1777 863 1861 siguo
887 1779 990 1845 crucis
1014 1778 1189 1863 signatam,
1215 1778 1276 1845 sub

155 1907 216 1971 qua
230 1893 308 1954 sunt
332 1884 396 1952 due
412 1889 497 1960 mete
513 1891 630 1970 terrec,
656 1905 721 1952 vna
736 1885 779 1951 ad
806 1886 963 1954 orientem
988 1892 1021 1954 et
1046 1885 1112 1953 alia
1137 1887 1179 1954 ad
1195 1886 1278 1954 ccci-

155 1995 299 2081 dentem3
327 1994 444 2061 exinde
459 1993 552 2061 vadit
568 1993 792 2079 adorientem,
820 2001 853 2060 et
869 1995 957 2062 cadit
972 1995 1006 2062 in
1022 1995 1143 2062 vallem
1164 1994 1276 2061 Burta·

155 2123 231 2188 mas,
247 2109 281 2170 ct
294 2103 328 2169 in
344 2101 417 2188 ipsa
426 2101 513 2168 valle
529 2099 757 2194 descendendo
774 2102 923 2190 peruenit
940 2101 982 2168 ad
992 2101 1088 2189 viam,
1109 2121 1172 2186 que
1187 2103 1276 2167 veuit

154 2213 191 2278 16
205 2209 325 2296 Patalr,
342 2215 375 2277 et
387 2210 478 2276 vadit
487 2229 601 2277 versus
617 2209 785 2294 Kerentur,
801 2211 895 2276 iuxta
910 2231 1008 2295 quarn
1020 2209 1108 2277 viam
1125 2227 1166 2276 ex
1182 2216 1276 2294 parte

153 2317 408 2405 septemtrionali
425 2317 516 2385 iuxta
532 2317 614 2384 duas
640 2317 775 2384 arbores
790 2317 852 2404 piri
869 2323 918 2384 est
935 2321 1021 2382 meta
1039 2314 1174 2403 lapidea
1189 2317 1274 2403 capi-

153 2427 237 2511 talis,
265 2447 329 2512 que
354 2431 487 2512 separat
511 2432 630 2492 terram
650 2425 775 2492 Mesoes
802 2425 842 2492 de
867 2431 955 2492 terra
979 2424 1158 2491 Tholcbwa
1182 2423 1274 2490 etde

152 2533 492 2620 terraLyzkaOlaay;
513 2533 808 2601 deiudedesceudit
823 2535 856 2600 in
867 2533 1273 2614 eademvalchurtamar,

154 2653 183 2712 ct
197 2645 327 2712 caditin
343 2643 475 2711 fluuium
487 2641 629 2728 Budrug,
646 2663 741 2728 quem
754 2643 887 2710 fluuium
903 2643 981 2710 salit
1000 2642 1083 2708 vltra
1096 2641 1218 2708 directe
1230 2642 1273 2707 ad

153 2751 231 2819 duas
248 2753 381 2820 arbores
398 2751 481 2818 ilicis
493 2773 564 2818 cum
580 2751 674 2836 signo
692 2752 797 2818 crucis
812 2751 970 2836 signatas,
981 2767 1118 2835 quarum
1134 2754 1274 2815 vuastat

153 2861 192 2926 ad
207 2859 384 2945 meridiem,
403 2867 435 2926 et
450 2859 518 2927 alia
533 2859 576 2927 ad
586 2860 763 2926 australem
780 2859 968 2944 meridiem;
988 2856 1107 2925 exinde
1126 2856 1274 2944 procedit

153 2967 192 3033 ad
208 2967 363 3036 orientem
373 2967 523 3034 iemalcm
536 2987 594 3054 per
610 2967 749 3053 syluam,
769 2973 801 3034 ct
817 2967 857 3034 de
872 2967 946 3054 ipsa
963 2967 1059 3051 sylua
1075 2965 1212 3033 exiendo
1230 2966 1273 3032 ad

153 3097 298 3164 campum
314 3076 482 3162 perueniat
505 3075 548 3142 ad
565 3075 729 3160 quandam
758 3075 908 3142 arborem
923 3073 1007 3142 ilicis
1029 3095 1093 3142 non
1119 3094 1273 3159 maguam
1373 3143 1374 3146 ,

153 3203 220 3250 cum
245 3185 340 3270 signo
367 3185 472 3251 crucis
498 3184 673 3269 signatam,
700 3184 760 3249 sub
781 3203 846 3268 qua
872 3203 911 3248 ex
937 3187 1030 3268 parte
1049 3181 1198 3248 orientali
1223 3186 1274 3247 est

152 3299 232 3360 meta
248 3298 375 3377 terrea;
393 3291 509 3359 exinde
520 3291 638 3359 transit
652 3311 710 3376 per
723 3309 873 3376 campum
885 3297 917 3357 et
932 3309 991 3376 per
1000 3289 1159 3377 piscinam
1172 3291 1273 3375 pisca-

150 3413 253 3466 rastoa
268 3405 490 3484 nuncupatam
507 3397 551 3463 ad
566 3405 694 3483 partem
711 3395 904 3463 orientalem
920 3395 1110 3480 estiualem3
1135 3401 1168 3461 et
1184 3393 1273 3480 (inde

150 3506 267 3596 reniet)
279 3505 323 3573 ad
334 3505 498 3592 piscinam
510 3518 646 3590 arnaco,
658 3503 701 3570 ad
711 3502 867 3591 (partem)
881 3502 1115 3570 occidentalem
1126 3509 1176 3570 est
1185 3508 1272 3569 meta

150 3625 251 3681 terrea
276 3613 448 3700 capitalis,
473 3631 534 3696 quc
559 3617 692 3696 separat
710 3616 828 3676 terram
844 3611 969 3677 Messes
986 3609 1027 3677 de
1052 3617 1139 3677 terra
1156 3611 1270 3696 Lyrba

152 3721 249 3808 Olazy
272 3729 306 3789 et
321 3722 362 3788 de
387 3727 476 3788 terra
492 3717 626 3785 Obenke
642 3755 685 3767 -
701 3755 745 3765 —
760 3755 805 3766 -
820 3755 864 3765 —
882 3717 925 3784 ad
948 3724 1073 3804 partem
1095 3717 1271 3784 australem

151 3829 392 3897 meridionalem
409 3827 594 3914 superlitas
610 3825 754 3892 eiusdem
773 3823 1029 3913 araaroa(vadit)
1046 3825 1089 3891 ad
1107 3824 1272 3909 quandam

151 3957 260 4004 renam
272 3960 450 4027 parapaerc
468 3939 697 4021 nuncupatam,
718 3955 781 4020 que
797 3937 866 4003 exit
883 3936 984 4002 16-
1000 3971 1043 3982 -
1059 3971 1103 3983 —·
1120 3971 1164 3982 -
1181 3931 1272 3998 radit

151 4065 258 4114 uersus
276 4043 448 4112 meridiem
464 4043 497 4109 in
523 4041 605 4111 locis
621 4043 773 4129 syluosis,
800 4043 887 4111 etde
904 4045 978 4130 ipsa
999 4045 1094 4130 sylua
1119 4041 1271 4130 ex(ieud0

151 4155 251 4222 reniet
267 4152 326 4242 ad)
352 4153 459 4240 ipsam
475 4169 603 4236 venam,
630 4170 672 4217 ex
698 4157 790 4237 parte
816 4153 968 4220 orientali
987 4160 1038 4221 est
1063 4159 1149 4219 meta
1173 4171 1273 4236 super

153 4263 258 4330 arbore
268 4263 354 4330 ilicis
365 4282 437 4328 curn
447 4261 542 4347 signo
555 4259 660 4328 crucis
672 4261 823 4348 signata3
841 4261 960 4330 deinde
976 4260 1112 4330 exiendo
1123 4266 1156 4327 et
1166 4259 1271 4327 eundo

154 4369 191 4435 ad
204 4377 327 4458 partem
344 4369 523 4437 australem
534 4367 779 4436 meridionalem
795 4371 965 4457 perueniat
985 4369 1135 4437 adunam
1150 4376 1271 4436 metam

154 4483 302 4565 terream
319 4475 539 4545 deindevadit
549 4495 662 4542 versus
675 4475 854 4562 meridiem,
871 4483 903 4545 et
918 4477 1003 4546 inter
1012 4477 1156 4564 piscinas
1162 4477 1271 4563 seque-

156 4596 224 4652 lelna
243 4595 333 4655 61-
350 4623 394 4634 -
412 4621 454 4632 -
470 4590 675 4669 nuncupatas
702 4591 776 4652 sunt
802 4589 866 4653 tres
886 4591 970 4652 mete
994 4585 1125 4670 lapidee
1149 4581 1270 4668 pariter
