3134 5158
829 243 981 342 „³3⁶-

352 447 463 508 nostro
481 439 619 507 fideliter
629 438 788 525 impendit
803 443 835 504 et
850 438 976 521 deuote,
993 446 1149 526 perpetuo
1172 439 1423 506 contulissemus
1445 443 1478 503 ct

352 546 573 616 donasscmus
598 545 838 635 possidendam,
864 565 904 612 ac
921 567 994 613 eam
1009 553 1119 614 nostro
1144 546 1316 633 priuilegio
1342 545 1478 613 lecisse-

353 675 423 722 mus
442 655 652 741 communiri,
676 654 880 742 postmodum
896 654 1002 741 ipsam
1017 661 1138 724 terram
1155 655 1268 723 Abbas
1283 653 1478 736 Monasterij

353 765 394 831 de
415 765 533 850 Telky,
562 771 594 832 et
609 765 789 850 Woywuda
814 765 1030 831 aciobannes
1046 763 1132 830 lilins
1157 764 1313 849 ejusdcm,
1339 761 1478 830 Patroni

353 874 543 958 Monasterij
560 872 725 958 antedicti,
741 875 783 941 ab
801 874 914 942 ecdem
930 874 1108 958 Seywredc
1126 873 1248 940 Gemite
1266 874 1479 960 repetierunt,

354 983 388 1048 in
403 981 523 1050 iudicio
540 1001 649 1050 eoram
675 983 769 1051 uobis
787 981 940 1069 dicentes,
966 981 1072 1068 ipsam
1088 988 1207 1048 terram
1229 981 1330 1049 luisse
1350 981 1480 1048 beredi-

354 1091 471 1158 tariam
495 1090 649 1176 ipsorum,
677 1100 709 1158 et
734 1091 775 1156 ob
801 1090 861 1156 bcc
886 1089 929 1155 ad
953 1090 1040 1176 ipsos
1066 1076 1181 1158 iterum
1205 1091 1322 1158 debere
1348 1087 1479 1172 redire,

354 1199 465 1265 Abbas
491 1219 617 1284 quoquc
641 1199 770 1266 dicebat
785 1200 818 1265 in
845 1199 959 1266 eadem
984 1219 1019 1264 se
1045 1205 1170 1285 partem
1196 1199 1317 1266 babere
1342 1199 1478 1265 racione

355 1307 543 1393 Monesterij
560 1309 611 1376 sui
627 1307 793 1375 antedicti.
811 1305 931 1374 Contra
947 1327 1027 1391 quos
1043 1307 1129 1374 idem
1144 1307 1339 1392 Seywredus
1357 1307 1477 1376 Comes

355 1415 531 1501 proposuit,
550 1415 636 1500 quod
646 1424 734 1482 terra
745 1421 924 1482 memorata
939 1415 983 1480 ad
993 1414 1156 1500 predictos
1167 1415 1298 1482 Petrum
1308 1416 1478 1483 ethban-

355 1543 430 1589 nem
448 1525 578 1610 proprie
595 1531 627 1591 et
644 1523 828 1611 specialiter
844 1523 1002 1608 pertinuit
1018 1523 1060 1590 ab
1077 1524 1223 1609 antiqno,
1246 1529 1279 1590 et
1294 1542 1315 1588 a
1332 1529 1479 1608 tempore

357 1634 449 1715 cujus
465 1651 530 1698 non
548 1639 638 1698 extat
654 1631 820 1715 memoria,
836 1631 1053 1716 predictorum
1068 1630 1157 1698 Petri
1178 1637 1211 1698 et
1226 1629 1388 1698 iohannis
1403 1651 1478 1716 pro-

358 1740 531 1823 genitores,
558 1748 590 1807 et
606 1740 669 1826 ipsi
685 1740 887 1808 solummodo
903 1761 962 1826 per
978 1739 1216 1808 successionem
1235 1739 1342 1826 ipsam
1356 1745 1479 1806 terram

359 1853 531 1912 tenuerunt
547 1858 580 1914 et
604 1848 826 1934 possederunt,
843 1847 966 1933 absque
992 1847 1249 1936 participatione
1272 1847 1480 1932 quusquam.

358 1956 427 2022 Nos
445 1974 532 2040 ergo,
549 1955 669 2022 auditis
685 1957 830 2042 parcium
846 1956 1139 2044 proposicicnibus,
1155 1956 1282 2040 utrique
1299 1954 1387 2040 parti
1403 1975 1478 2042 pro·

358 2061 526 2128 baoicnem
551 2063 702 2130 duximus
727 2063 950 2151 indicendam
980 2063 1038 2132 sed
1063 2085 1135 2132 enm
1160 2063 1314 2150 probacic
1340 2061 1479 2130 Comitis

360 2169 528 2257 Seywredi
544 2177 631 2238 essct
646 2172 744 2257 longe
760 2173 907 2260 superior
924 2180 957 2239 et
972 2174 1105 2258 meli0r;
1131 2173 1331 2241 decreuimus
1347 2179 1476 2240 senten·

360 2279 541 2367 oionaliter,
568 2280 654 2365 quod
669 2281 815 2366 prelatus
833 2280 947 2350 Comes
965 2280 1171 2369 Seywredus,
1188 2301 1254 2348 una
1268 2302 1341 2349 cum
1356 2279 1477 2364 Egidio

361 2395 392 2455 et
408 2387 544 2456 Nicolao
560 2399 798 2458 sacramentnm
822 2409 919 2479 super
935 2410 997 2458 sua
1013 2389 1197 2458 assertione
1220 2395 1366 2476 prestare
1383 2387 1479 2454 debe

361 2502 409 2563 ret
434 2516 542 2564 coram
566 2496 716 2584 capitulo
732 2499 906 2566 Wacicnsi.
933 2497 997 2576 Qui
1024 2498 1058 2564 in
1074 2497 1210 2567 termino
1226 2497 1274 2565 cis
1295 2496 1479 2584 assignato,

361 2611 456 2692 prout
471 2627 530 2693 per
555 2607 680 2676 litteras
696 2608 841 2694 eJusdcm
858 2607 1000 2694 Capituli
1021 2606 1202 2675 Waciensis
1219 2606 1337 2674 fuimns
1360 2605 1481 2688 edocti,

362 2721 599 2783 sacramentum
612 2717 831 2804 prestiterunt,
841 2719 925 2784 sicut
934 2737 991 2805 per
1001 2737 1060 2786 nos
1071 2715 1373 2784 fueratiudioatum.
1385 2711 1482 2781 Vnde

360 2843 419 2889 nos
435 2823 536 2891 tocies
552 2825 672 2894 dictam
688 2832 809 2893 terram
824 2825 923 2893 Keaw
939 2823 1103 2912 sepedicta
1120 2823 1237 2892 (domiti
1253 2821 1428 2908 Seywrcdo
1446 2827 1482 2887 et

360 2929 464 3017 ipsius
488 2932 660 3000 heredibus
686 2933 903 3018 heredumque
923 2933 1164 3002 successoribus
1189 2951 1246 3017 per
1266 2929 1480 2999 deffinitivam

363 3041 562 3108 sentenciam
578 3041 849 3128 adjudicauimus,
875 3042 1028 3130 predictis
1044 3038 1232 3128 chwode,
1259 3041 1389 3125 filioque
1408 3057 1481 3120 suo,

362 3155 395 3214 et
420 3165 529 3215 eorum
556 3149 806 3234 successoribus,
832 3169 972 3218 necnon
993 3148 1114 3216 Abbati
1130 3155 1196 3216 tam
1212 3145 1364 3235 presenti,
1381 3164 1480 3231 quam

362 3263 395 3322 et
420 3257 475 3339 qui
494 3277 551 3342 pro
578 3263 720 3344 tempora
743 3258 943 3344 successerit,
970 3264 1158 3343 perpetuum
1174 3273 1270 3342 super
1294 3253 1367 3340 ipsa
1391 3259 1481 3319 terra

363 3363 532 3431 silencium
557 3365 776 3452 imponentes,
801 3365 927 3434 litteras
954 3385 1050 3452 super
1075 3366 1135 3434 hoc
1160 3368 1289 3432 nostras
1314 3363 1373 3428 has
1398 3360 1480 3448 dup-

363 3471 458 3560 plicis
483 3472 584 3556 sigilli
608 3476 710 3543 nostri
725 3477 899 3542 munimine
925 3477 1096 3544 roboratas
1120 3473 1285 3561 sepedicto
1304 3471 1480 3557 Seywredo

365 3579 492 3666 Comiti,
509 3588 541 3648 ct
557 3583 627 3667 ejus
644 3584 885 3652 successoribus
901 3592 1056 3670 perpetuo
1075 3582 1287 3650 conserentes.
1307 3581 1428 3646 Datum
1445 3578 1479 3644 in

364 3689 490 3756 Waslua
514 3711 598 3760 anno
615 3693 744 3762 Domini
769 3693 949 3778 millesimo,
974 3691 1192 3760 ducentesimo
1209 3688 1479 3776 quinquagesimo

363 3797 486 3885 quinto,
503 3799 608 3886 Regni
623 3809 731 3869 autem
748 3800 850 3870 nostri
866 3821 951 3869 annu
967 3801 1136 3886 vigesimo.

552 3995 650 4062 (uanas
663 3992 810 4062 naJuanyr
823 3980 907 4048 lnam
920 3992 1033 4048 uentu
1046 3993 1302 4063 gyujrsmsnysuu.)

795 4279 1052 4298 ...uuna—uad·
