3198 5160
647 327 804 428 „err-

156 527 230 614 ipsa
247 548 267 592 a
283 531 430 612 tempore
447 523 665 610 preueniatur,
681 524 780 590 talem
797 522 892 589 duxit
907 523 1016 590 lacere
1032 521 1285 606 ordinacionem,

156 634 245 720 quod
271 634 380 701 dotem
406 637 550 700 suamet
575 651 626 697 ros
644 630 876 717 parelernales,
904 651 944 696 ac
960 649 1073 697 seruos
1099 636 1131 697 et
1147 629 1286 696 ancillas

156 762 266 810 secum
292 740 453 807 adductas
468 739 509 805 de
533 759 593 806 sua
608 740 696 808 bona
715 740 892 822 uoluntate,
919 746 987 804 tam
1004 738 1045 806 ob
1071 736 1285 804 dileccionem

156 846 277 917 sederis
304 846 500 934 coniugalis,
526 844 613 931 quod
629 867 703 914 cum
719 845 834 913 eodem
859 847 975 912 marito
992 865 1051 913 suo
1077 843 1237 930 protraxit
1253 851 1286 910 et

156 956 370 1044 protraheret,
398 955 501 1024 donec
517 955 653 1040 uiueret,
671 975 711 1021 ne
728 953 845 1040 ipsum,
871 973 966 1038 quem
982 951 1145 1019 uiuentem
1165 951 1284 1038 diligit,

155 1067 189 1132 in
204 1085 348 1152 persona
371 1063 506 1131 fratrum
523 1071 555 1131 et
571 1069 785 1149 cognatorum
809 1082 941 1130 suorum
959 1067 1118 1129 mortuum
1144 1061 1285 1149 dampno

156 1175 266 1260 aliquo
284 1178 512 1261 consequatur,
537 1191 634 1257 quam
651 1173 755 1239 eciam
770 1178 903 1258 propter
921 1171 1066 1240 fauorem
1083 1179 1115 1240 et
1131 1171 1284 1238 dileccio-

155 1300 231 1349 nom
256 1279 393 1351 fratrum
420 1280 498 1349 dicti
522 1280 656 1350 Comitis
672 1281 774 1365 Wgra
800 1279 909 1346 mariti
936 1279 986 1348 sui
1011 1285 1196 1348 reuerenter
1221 1279 1285 1346 sibi

156 1389 338 1476 inpensam,
363 1388 429 1475 ipsi
444 1387 561 1458 domiti
578 1388 679 1474 Wgra
697 1387 814 1455 marito
831 1407 890 1454 suo
906 1387 1082 1456 karissimo
1102 1388 1286 1455 relaxasset

156 1502 188 1562 et
204 1495 250 1562 ad
265 1497 399 1584 plenum
425 1497 606 1565 remisisset
622 1497 709 1563 omni
726 1497 776 1562 liti
792 1503 824 1562 et
840 1496 975 1582 accioni,
1002 1515 1064 1581 que
1080 1495 1115 1560 in
1140 1493 1285 1561 futurum

156 1611 431 1691 attemptarentur
455 1605 634 1688 susscitari,
661 1602 893 1688 renunciando,
920 1611 952 1670 et
968 1604 1098 1690 penitus
1119 1601 1229 1669 irritas
1245 1622 1285 1669 ac

155 1711 294 1778 friuolae
314 1711 512 1799 reputand03
538 1733 614 1798 ymo
631 1713 768 1779 eundem
785 1713 936 1778 maritum
957 1731 1050 1779 suum
1067 1729 1107 1778 ac
1123 1729 1199 1776 suos
1214 1727 1286 1778 suc-

157 1838 307 1886 cessores
334 1819 509 1886 reddendo
527 1819 696 1906 expeditos
723 1827 755 1887 et
771 1821 895 1906 pariter
921 1821 1100 1886 absolutos.
1127 1820 1170 1885 Vt
1185 1817 1286 1903 igitur

158 1925 255 1994 huius
273 1925 492 1995 ordinacionis
509 1931 540 1993 et
550 1927 767 1994 relaxationis
783 1927 883 1994 series
900 1931 973 1993 rata
983 1945 1112 2013 semper
1127 1933 1160 1992 et
1175 1927 1285 1992 incon·

158 2053 255 2102 cussa
266 2042 467 2122 permaneat,
485 2053 544 2100 nee
555 2053 709 2120 processu
719 2034 876 2119 temporis
893 2054 951 2122 per
967 2032 1154 2120 quempiam
1164 2034 1199 2098 in
1215 2033 1285 2098 irri-

158 2151 226 2211 tum
244 2142 350 2229 possit
375 2145 532 2226 reuocari,
559 2142 602 2207 ad
620 2143 814 2210 instanciam
835 2142 980 2230 predicte
1006 2139 1136 2210 domine
1160 2141 1285 2207 litteras

159 2258 290 2320 nostras
307 2251 525 2319 concessimus
542 2255 653 2318 nostro
671 2249 780 2336 sigillo
798 2249 885 2338 (lgy)
906 2251 1082 2316 munimine
1103 2249 1284 2316 roboratas.

159 2360 280 2428 Datum
297 2381 383 2428 anno
399 2359 529 2426 Domini
549 2359 719 2426 millesimo
737 2359 800 2425 00⁰
816 2358 1031 2441 sexagesimo.

157 2557 294 2622 (Eredetia
316 2555 484 2625 borhtrtytn
504 2573 520 2609 a
540 2555 772 2625 Csepestnyiddle
791 2555 1029 2642 gydjtcmdnybem
1051 2569 1068 2604 a
1087 2555 1121 2604 Μ.
1136 2553 1285 2609 Akaddmia

598 2645 848 2711 leniret-tiriban.)

682 3381 760 3448 385.

154 3569 186 3628 A
202 3559 381 3628 keresate'eck
395 3565 577 3648 ecaterqemi
591 3561 802 3646 konueatje'nek
817 3562 1086 3648 bizonyaa'qleoele,
1110 3565 1189 3648 hopy
1204 3562 1282 3627 Mete

153 3671 355 3755 Elusaalrfia
380 3669 507 3736 tiaeakdt
521 3669 740 3756 eke'rcpifitldet
756 3671 841 3735 Boea
856 3670 1020 3735 prosternet
1045 3670 1167 3735 cladott.
1189 3669 1285 3733 1260.

263 3869 379 3934 Frater
394 3865 539 3935 lacobus
556 3865 771 3933 miseracione
788 3863 910 3930 Diuina
926 3863 1084 3950 Magister
1098 3863 1284 3948 Hospitalis

153 3975 280 4041 Domus
297 3971 409 4040 Sancti
425 3973 584 4059 Stephani
601 3971 699 4056 Regis
716 3971 757 4038 de
772 3971 939 4056 Strigonio
957 3977 988 4036 et
998 3971 1185 4039 conuentus
1201 3971 1284 4039 eius·

153 4081 241 4167 dem,
269 4079 420 4146 omnibus
444 4087 613 4165 presentes
639 4079 765 4146 litteras
791 4077 985 4164 inspecturis
1011 4077 1149 4144 salutem
1169 4077 1203 4144 in
1219 4077 1282 4145 Do·

153 4188 244 4256 mino
261 4189 342 4257 Jesu
358 4185 497 4256 Christo.
522 4188 574 4258 Ad
590 4189 813 4256 vniuorsorum
829 4185 984 4254 noticiam
1000 4184 1147 4254 volumus
1170 4203 1283 4272 perue-

149 4297 234 4382 nire,
261 4293 348 4380 quod
374 4295 560 4364 constitutis
585 4316 696 4365 coram
721 4295 816 4362 nobis
832 4296 918 4364 Mete
943 4295 1010 4363 tilio
1032 4294 1111 4362 llius
1137 4293 1178 4360 de
1202 4293 1285 4362 uilla

149 4403 306 4472 Mortund
335 4403 404 4492 (de)
432 4405 611 4473 Parrochia
636 4403 809 4471 Huntiensi
836 4423 969 4470 exuna
994 4407 1106 4488 parte;
1139 4407 1172 4467 et
1195 4400 1283 4474 Been

150 4513 312 4597 magistro
339 4510 408 4578 lilio
424 4511 560 4580 Bitroldi
578 4513 757 4596 exaltem,
786 4511 872 4577 idem
889 4513 974 4577 Mete
991 4528 1175 4596 proponens
1195 4528 1282 4576 asse·

148 4621 220 4688 ruit
242 4619 321 4688 uiua
337 4639 436 4704 uoce;
464 4619 552 4703 quod
567 4625 642 4686 ante
668 4619 924 4690 destruccionem
950 4637 989 4684 ac
1014 4616 1278 4708 deuastacionem
