3122 5154
790 325 948 430 *28—

304 520 454 586 Ruhman
470 519 590 586 auferri
610 526 764 605 rogantes
777 523 824 588 -ab
840 520 972 589 eisdem.
991 523 1043 590 Ad
1059 525 1121 590 hoo
1147 523 1227 593 dieti
1242 527 1380 594 Laudan
1407 537 1440 596 et

306 625 483 713 Gregorius
499 647 564 695 non
588 626 863 714 contradixerunt,
889 631 1038 698 nolentes
1055 651 1127 698 oum
1153 634 1200 701 eis
1220 634 1289 703 litis
1315 637 1438 704 habere

304 755 511 821 processum,
538 734 659 802 dietam
688 741 808 803 terram
834 738 1025 824 Thusnapia
1049 739 1083 805 in
1112 740 1226 808 eadem
1252 744 1439 826 quantitate

305 863 376 911 eum
392 843 516 910 eisdem
531 844 626 912 metis
643 849 674 910 et
690 845 837 912 terminis
854 864 968 913 uersus
984 847 1149 934 Kolenda,
1170 855 1205 916 ut
1219 851 1437 939 prediximus,

306 951 523 1036 adiacentem,
548 951 632 1020 siout
647 952 690 1018 ab
706 952 829 1020 eisdem
843 955 1009 1041 Stephano
1026 961 1059 1022 et
1075 957 1145 1024 suis
1162 957 1310 1042 oognatis
1327 979 1441 1045 posse-

307 1062 432 1149 derant,
448 1059 572 1130 eisdam
589 1060 752 1147 Stephano
770 1071 804 1130 et
818 1064 975 1148 Adriano,
996 1070 1028 1130 et
1043 1064 1177 1150 Euaino,
1196 1072 1229 1132 et
1243 1067 1349 1133 Paulo
1366 1068 1441 1134 red·

307 1168 477 1256 dideruut3
493 1168 643 1238 similiter
657 1169 837 1238 Laudamia
853 1178 885 1238 et
902 1169 1081 1257 Gregorius
1092 1190 1186 1239 suam
1202 1180 1333 1258 terram,
1350 1175 1442 1243 ride·

305 1279 382 1348 lieet
391 1279 533 1348 mediam
541 1286 668 1367 partem
683 1282 939 1365 terreRnhman‚
957 1301 1054 1367 quam
1070 1282 1285 1369 prediximus,
1304 1285 1338 1352 in
1349 1287 1441 1354 bona

308 1388 414 1456 forma
428 1389 520 1475 paeis
537 1389 580 1456 ab
596 1389 645 1456 eis
660 1397 863 1475 receperunt.
888 1390 959 1458 Nos
975 1391 1075 1475 igitur
1091 1393 1181 1476 ipsas
1197 1398 1309 1478 partes
1326 1392 1442 1459 uiden-

307 1504 358 1566 tes
371 1497 456 1564 uelle
472 1496 535 1564 frui
552 1516 611 1564 suo
622 1497 696 1581 jnre
711 1497 831 1583 priore,
859 1496 950 1583 ipsos
965 1497 1009 1564 ad
1024 1517 1085 1564 sna
1096 1497 1174 1584 Jura
1188 1501 1324 1586 propria
1339 1501 1442 1568 intro·

307 1606 430 1673 eundos
446 1605 598 1673 iussimus
623 1625 681 1692 per
698 1605 803 1672 Filem
819 1613 964 1674 nostrum
989 1606 1196 1693 pristaldum.
1223 1609 1309 1675 Mete
1328 1615 1441 1676 autem

307 1722 394 1782 terre
408 1715 620 1800 Thusnapya,
646 1733 710 1799 que
735 1720 786 1780 est
802 1714 962 1802 Stephani
983 1721 1015 1780 et
1039 1716 1110 1782 eius
1135 1722 1358 1804 eoguatorum,
1390 1717 1443 1784 sio

307 1822 492 1908 inoipiunt:
518 1822 692 1907 Egreditur
708 1820 750 1887 de
766 1822 866 1890 fluuio
882 1823 955 1909 Ipul
973 1829 1103 1910 aparte
1128 1824 1277 1892 orientali
1294 1832 1328 1892 et
1347 1825 1445 1892 uadit

310 1931 353 1998 ad
368 1937 494 2017 partem
512 1928 765 2015 meridionalem,
782 1931 922 1999 tenendo
942 1937 1044 2000 metas
1061 1951 1132 1998 oum
1149 1935 1256 2000 Benee
1267 1940 1300 1999 et
1315 1931 1445 2019 Grego-

309 2039 378 2124 ri03
405 2039 499 2106 etsie
515 2038 621 2105 eundo
636 2039 755 2105 transit
769 2045 888 2106 terram
904 2041 1114 2126 Thnsnapya,
1132 2061 1195 2126 que
1211 2047 1261 2109 est
1276 2042 1445 2109 dietornm

310 2148 417 2215 Benoe
433 2153 465 2214 et
481 2145 650 2234 Gregorii5
667 2147 792 2215 atinde
808 2149 954 2236 proeedit
969 2155 1002 2216 et
1018 2149 1106 2216 eadit
1121 2150 1164 2216 ad
1181 2153 1359 2236 maclou,-
1386 2149 1445 2216 de-

310 2255 387 2323 inde
402 2255 493 2323 uadit
509 2255 552 2322 ad
569 2263 672 2324 metas
688 2255 858 2342 Homodei,
881 2263 915 2324 et
930 2257 977 2323 ibi
993 2264 1081 2325 tenet
1096 2263 1215 2325 metam
1232 2279 1304 2324 eum
1320 2259 1445 2325 Homo·

311 2362 364 2432 dei
380 2359 467 2453 (lgy)
483 2369 517 2430 et
532 2383 604 2430 eum
620 2363 701 2430 villa
716 2363 888 2440 Kalanda;
912 2363 1030 2430 exinde
1046 2363 1251 2450 procedendo
1268 2365 1360 2432 iuxta
1375 2371 1443 2432 ter·

310 2493 381 2538 ram
397 2471 556 2540 Homodei
572 2472 676 2541 tendit
691 2479 723 2540 et
738 2473 827 2541 eadit
843 2471 969 2559 adlpul
985 2473 1097 2558 berke,
1115 2479 1147 2539 et
1158 2474 1192 2540 in
1209 2474 1322 2542 eodem
1337 2475 1445 2544 fluuio

310 2582 386 2668 lpul
403 2579 494 2648 uadit
517 2582 669 2669 superius
685 2581 826 2648 tenendo
843 2588 947 2647 metas
973 2599 1045 2646 eum
1062 2579 1140 2646 villa
1159 2579 1282 2664 Vililra,
1309 2584 1447 2666 eonjun-

315 2689 400 2774 gitur
415 2688 515 2776 priori
531 2695 626 2773 mete,
644 2695 677 2755 et
691 2689 737 2755 ibi
753 2688 954 2756 terminatur.
981 2689 1024 2754 Vt
1038 2689 1137 2773 igitur
1153 2688 1249 2755 huius
1266 2689 1314 2755 rei
1337 2690 1447 2758 series

313 2802 386 2864 ratu
401 2804 433 2864 et
448 2798 577 2864 stabilis
592 2805 792 2884 permaneat,
819 2805 850 2863 et
866 2797 957 2863 nulla
972 2796 1160 2883 calumpnia
1177 2803 1275 2881 queat
1297 2796 1447 2885 interpo-

313 2904 377 2971 sita
392 2905 549 2990 reuoeari,
567 2911 693 2972 nostras
710 2905 928 2972 eoncessimus
954 2904 1080 2971 litteras
1096 2911 1207 2972 nostro
1222 2904 1332 2988 sigillo
1349 2907 1448 2973 robo-

315 3018 415 3080 ratas.
442 3015 562 3079 Datum
578 3033 662 3079 anno
678 3013 810 3081 Domini
836 3013 1008 3080 millasimo
1032 3011 1252 3080 dueentesimo
1278 3012 1449 3082 tricesimo
1482 3015 1489 3024 '

315 3127 440 3188 oetano.
456 3123 627 3208 Regnante
641 3121 773 3190 domino
790 3122 871 3189 Bela
886 3124 976 3207 Rege
992 3119 1145 3205 glorioso.

316 3319 350 3384 (A
363 3323 494 3388 poasonyi
507 3319 694 3387 kdptalannak
706 3321 817 3372 lars-ki
832 3321 941 3384 „dutum
954 3323 982 3371 in
992 3320 1036 3372 die
1048 3320 1131 3372 Beato
1144 3319 1292 3370 Katherino
1302 3319 1450 3386 Virginis“

315 3409 344 3462 es
360 3410 498 3476 „Andreas
510 3411 581 3462 filius
594 3411 739 3476 Laureneij
755 3410 854 3462 nobilis
868 3409 900 3460 do
913 3409 1094 3474 Thusuapya“
1106 3405 1231 3460 keresere
1241 3409 1351 3460 kiadott.
1361 3406 1452 3463 atita·

577 3497 651 3552 ttbdl
665 3517 682 3552 a
694 3499 777 3552 budai
790 3501 841 3551 lrir.
856 3499 980 3550 kamarai
993 3494 1181 3565 levelts'trban.)

743 3781 1014 3796 m
