3198 5160
677 807 756 878 852.

150 984 304 1070 Manfred
320 989 450 1050 tarentoc'
477 986 634 1072 fejcdelem
658 994 689 1052 e's
703 989 820 1054 saltas·
843 990 997 1078 hclytartd
1012 1017 1033 1059 o
1047 993 1138 1077 Bessi,
1160 995 1278 1092 Lcss‘aa

149 1095 275 1160 molletto'
290 1095 457 1160 dalmatiai
481 1095 614 1180 uzipetes
628 1096 695 1160 less
709 1109 793 1161 ssent
809 1096 973 1164 Szttoesar
995 1107 1027 1166 e's
1041 1101 1160 1168 Miletos
1173 1125 1278 1171 mono·

420 1207 517 1269 stordt
528 1202 720 1290 pdrtsopdso
735 1205 790 1270 ala
806 1209 896 1271 vesci.
912 1204 1011 1272 1258.

259 1397 446 1466 Maniredns
463 1399 541 1464 Diui
552 1399 693 1484 Augusti
710 1401 920 1486 Imperatoris
934 1401 1081 1471 cherici
1097 1404 1194 1490 filius,
1215 1405 1278 1474 Dei

148 1509 261 1591 gracia
272 1505 429 1593 Princeps
440 1506 585 1591 Tarenti,
597 1507 715 1574 Montis
729 1507 842 1576 Sancti
852 1509 968 1595 Angeli
978 1512 1148 1600 Dominus,
1160 1518 1193 1578 et
1202 1511 1277 1580 Illu-

149 1616 226 1682 stris
242 1613 343 1700 Regis
354 1613 496 1681 Conradi
506 1615 647 1681 Secundi
664 1614 697 1680 in
708 1616 822 1700 Regno
837 1616 948 1683 Sicilie
962 1617 1075 1685 Balius
1091 1615 1274 1704 Generalis,

148 1744 206 1810 per
215 1741 355 1808 presens
369 1721 525 1808 scriptum
538 1730 682 1790 nostrum
695 1719 836 1812 (notum)
847 1723 917 1791 lieri
933 1725 1082 1793 volumus
1101 1725 1275 1810 uniuersis,

149 1833 235 1920 quod
253 1831 450 1898 venerabilis
467 1831 580 1898 Abbas
607 1835 639 1896 et
655 1831 841 1898 Conuontus
867 1833 1056 1918 Monosterij
1082 1834 1276 1902 Sanctorum

148 1939 298 2008 Siluestri
315 1945 347 2006 et
361 1938 492 2006 Nicolai
509 1935 550 2004 de
568 1938 674 2004 insula
691 1939 770 2006 Buci
785 1940 1027 2025 Magnificentie
1045 1947 1153 2010 nostre
1168 1943 1273 2012 humi·

148 2051 220 2116 liter
247 2049 527 2135 supplicauerunt,
553 2055 587 2114 vt
603 2049 680 2134 quia
696 2047 728 2114 in
746 2049 860 2115 eadem
887 2049 996 2118 insola
1020 2049 1143 2137 degunt
1159 2050 1275 2118 denote

149 2161 286 2226 Domino
298 2157 502 2239 famulantes,
520 2153 642 2222 dictum
654 2155 816 2222 Abbatem
827 2163 859 2222 et
869 2155 1081 2244 conuentum,
1099 2180 1139 2226 ac
1148 2165 1272 2226 ceteros

147 2271 264 2336 iratres
278 2264 481 2350 monasterij,
507 2263 652 2336 eiusdem
668 2285 797 2350 quoque
812 2265 1001 2333 Monasterii
1021 2267 1178 2354 hominos,
1196 2287 1273 2354 pos-

146 2378 324 2458 sessiones,
350 2371 518 2456 animalia,
545 2392 597 2438 res
614 2393 736 2460 omnes,
763 2379 796 2438 et
812 2373 899 2439 bona
915 2391 1036 2460 corum,
1063 2393 1126 2458 que
1150 2377 1184 2438 in
1200 2391 1273 2460 pro·

147 2487 331 2553 sensianum
357 2480 442 2548 iuste
467 2479 635 2566 possident
662 2501 701 2546 sc
717 2479 750 2545 in
768 2486 866 2547 antea
891 2480 975 2548 iusto
1000 2480 1094 2548 titulo
1120 2486 1274 2567 poterunt

146 2593 297 2682 adipisci,
315 2590 374 2659 sub
390 2587 505 2672 Regia,
523 2595 699 2671 nostraque
710 2589 908 2674 protectione
925 2588 1072 2674 recipere
1091 2587 1271 2656 misericor·

146 2703 229 2770 ditor
258 2699 475 2784 dignaremur.
503 2695 571 2763 Nos
587 2717 666 2780 ergo
694 2697 899 2764 attendentes
925 2697 1096 2777 honestam
1120 2695 1223 2764 vitam
1240 2702 1273 2762 et

146 2811 337 2896 religionem
362 2825 482 2889 eorum,
508 2811 540 2869 et
565 2812 600 2871 vt
616 2805 648 2870 in
665 2805 780 2871 eadem
808 2805 916 2872 insula
940 2803 1068 2891 possint
1092 2803 1212 2892 quieta,
1239 2811 1271 2870 et

143 2916 323 3004 tranquilla
338 2911 492 2979 mentium
508 2909 682 2978 deuotione
697 2913 837 2979 Domino
854 2909 1023 2996 famulari;
1051 2909 1188 2978 eundem
1204 2909 1270 2975 Ab·

144 3030 263 3109 batem,
281 3024 493 3103 Conuentum,
517 3017 635 3084 fratres
652 3039 739 3105 suos,
756 3019 997 3105 Monasterium,
1022 3018 1180 3102 homines,
1201 3017 1268 3084 ani·

145 3135 256 3217 mulia,
281 3137 314 3196 et
329 3136 454 3196 ceteras
471 3145 535 3212 res,
564 3134 596 3192 et
612 3125 698 3192 bona
715 3145 824 3191 eorum
841 3125 874 3192 in
891 3125 1129 3211 presentiarum
1144 3124 1269 3210 habita,

144 3245 194 3310 rel
212 3243 246 3306 in
264 3244 361 3305 antee
376 3236 460 3302 iusto
476 3231 570 3301 titulo
587 3233 795 3318 acquirenda,
813 3231 986 3316 sanegio
1005 3235 1180 3318 nostraque
1196 3251 1269 3319 pro-

142 3351 284 3418 tectione
308 3341 482 3429 recipimus
508 3339 654 3428 speciali,
685 3341 829 3427 presenti
855 3338 1063 3426 prohibentes
1090 3339 1208 3427 e'dicto,
1236 3348 1278 3409 vt·

142 3460 252 3526 nullus
269 3458 411 3538 quietem
427 3470 539 3517 eorum
555 3449 743 3536 perturbare
769 3457 948 3534 presumat,
976 3450 1029 3515 vel
1045 3449 1135 3536 ipsos
1151 3451 1185 3516 in
1200 3469 1271 3536 per-

142 3567 233 3636 sonis
260 3569 317 3628 aut
332 3559 425 3628 bonis
452 3578 563 3624 eorum
587 3556 760 3642 offendere,
787 3557 841 3623 vel
864 3557 932 3626 suis
948 3557 1057 3642 rebus,
1084 3566 1117 3624 ct
1141 3575 1270 3624 suorum

142 3679 309 3744 homiuum
333 3669 492 3738 violenter
508 3665 641 3732 suffere.
668 3665 763 3744 Quod
779 3665 835 3748 qui
861 3651 1104 3750 presumpserit,
1131 3662 1269 3748 Regiam

142 3795 173 3854 et
200 3790 345 3850 nostram
369 3773 626 3860 indignationem
651 3793 688 3840 se
708 3773 835 3838 nouerit
859 3771 1071 3842 incursurum.
1097 3769 1151 3835 Ad
1173 3769 1270 3838 huius

141 3897 251 3977 itaquo
276 3883 486 3976 protectionis
502 3889 612 3950 nostre
638 3882 824 3947 memoriam
850 3888 882 3946 et
898 3879 1052 3946 stabilem
1076 3875 1272 3962 firmitatem,

141 4019 276 4090 presens
293 3995 449 4078 scriptum
465 3991 544 4074 fieri,
572 3997 605 4056 et
620 3989 730 4073 sigillo
750 3993 861 4055 nostro
888 3985 1041 4052 iussimus
1065 3983 1267 4052 communiri.

141 4115 262 4178 Datum
280 4103 432 4171 Panormi
458 4121 516 4188 per
532 4119 646 4165 manus
664 4097 822 4182 Gualterij
848 4095 888 4161 de
905 4093 985 4160 Orta
999 4093 1104 4176 Regni
1120 4091 1268 4160 Hieroso·

141 4215 280 4288 limitani
307 4218 340 4278 et
364 4210 475 4278 Sicilie
500 4207 696 4274 (lancellarii
723 4225 808 4273 anno
833 4202 1003 4271 Dominice
1029 4197 1268 4269 incarnationis

140 4334 183 4397 ll⁰
195 4329 261 4396 CC⁰
271 4327 312 4390 L⁰
323 4322 412 4388 VIII⁰
428 4340 540 4388 mense
556 4321 576 4386 J
579 4319 647 4404 unij
666 4317 770 4406 prime
786 4317 986 4412 indictionis.

386 4486 500 4550 (Lucius
513 4483 643 4534 Memorio
656 4481 777 4533 storiche
788 4482 834 4532 die
845 4481 918 4532 lieu
931 4479 993 4532 105.
1007 4477 1036 4543 1.)

579 4645 834 4659 m

1040 4681 1108 4741 32⁸
