3134 5158
580 317 726 418 „aa

114 515 140 574 el
153 513 403 596 recognicionem
427 515 599 582 eorundem
616 523 792 602 presumat,
819 515 921 582 donec
937 531 1034 600 super
1050 513 1125 580 allis
1143 513 1218 579 arti-

114 618 179 684 culis
194 638 252 705 per
269 620 436 688 dominum
451 625 575 707 Regem
591 622 645 690 vel
660 641 719 711 per
735 624 829 708 alios,
848 642 928 706 quos
945 621 987 687 ad
1003 623 1065 688 hoc
1084 623 1218 706 Regalis

113 725 305 796 ltxcellencia
316 729 505 816 specialiter
516 731 732 817 deputauerit,
750 729 956 817 presentibus
967 727 1113 816 partibus
1123 729 1219 796 fuerit

112 835 381 904 sentencionalitcr
397 838 573 905 definitum.
601 839 671 918 oue
688 840 797 907 omniu
813 838 861 905 ita
880 844 1082 905 seruaturum
1099 857 1217 904 memo-

110 950 183 1012 ratus
198 945 312 1013 Abbas
330 947 394 1013 lide
411 946 489 1014 data
505 947 662 1034 promisit.
688 948 979 1016 Pronunciauimns
996 949 1108 1033 eclam,
1131 945 1217 1030 quod

24 1101 25 1156 l
110 1053 230 1136 pistores
242 1054 402 1138 similitor,
420 1063 453 1122 et
467 1057 587 1125 lotorcs
600 1058 739 1123 vestium
750 1057 874 1138 altaris,
892 1077 952 1123 nec
971 1079 1035 1122 non
1051 1056 1217 1124 indumen·

109 1171 199 1228 torum
231 1162 483 1232 sacerdotalium
508 1188 572 1233 non
598 1166 641 1232 ad
665 1167 827 1253 ampliora
852 1167 991 1233 seruicia
1021 1169 1074 1232 vel
1105 1165 1217 1234 debita

108 1270 337 1356 compellantur,
355 1292 453 1356 quam
464 1280 496 1338 et
511 1273 664 1339 similium
672 1273 899 1341 condicionum
914 1273 1063 1341 homines
1076 1275 1215 1341 aliarum

107 1378 315 1450 Ecclesiarnm
339 1381 471 1447 racione
488 1380 714 1449 condicionum
731 1402 862 1448 suarum
878 1389 954 1448 sunt
969 1381 1127 1449 adstricti.
1151 1385 1215 1449 Da-

24 1511 25 1516 *
106 1492 161 1551 tum
176 1487 311 1556 sabbato
332 1489 478 1574 proximo
495 1497 571 1576 post
585 1489 702 1556 festum
719 1489 949 1575 Apostolorum
965 1489 1054 1556 Petri
1072 1498 1104 1556 et
1120 1489 1215 1555 Pauli

24 1599 25 1640 ³
106 1613 177 1660 anno
192 1595 325 1662 Domini
351 1595 523 1663 millesimo
544 1597 766 1666 ducentesimo
792 1596 1061 1683 quinquagesimo
1088 1603 1213 1681 quarto.

278 1794 417 1859 (Eredetis
429 1811 446 1846 a
458 1795 651 1862 pannonhulmi
665 1793 810 1864 ldupttsdg
822 1792 1025 1858 levtltdrrtban.)

513 2066 776 2077 m

633 2512 708 2580 262.

98 2690 210 2758 chcnd
235 2697 403 2782 ccczprc'mc'
422 2695 601 2782 pispdlrack
617 2693 1002 2780 bicocpsctplcccchcicua
1018 2694 1128 2757 Kceadc'
1147 2692 1210 2757 Do-

323 2803 449 2868 mockoo
463 2803 584 2888 ccjenek
599 2802 859 2888 vc'prccdclctetlil.
881 2799 976 2864 1254.

194 2998 339 3066 Zlandns
356 2999 419 3065 Dei
444 2999 557 3084 gracia
579 3001 763 3085 Episcopus
787 2997 1039 3084 vesprimiensis
1064 2998 1212 3065 omnibus

97 3105 207 3173 Christi
223 3105 375 3174 fidelibus
400 3113 467 3173 tam
483 3107 689 3192 presentibus
711 3127 808 3192 quam
834 3105 961 3191 suturis,
980 3113 1150 3192 presentes
1165 3107 1211 3171 in·

96 3216 257 3300 specturis,
275 3217 397 3282 tantem
407 3215 442 3281 in
452 3214 567 3281 salutis
579 3214 744 3300 largitore.
762 3215 814 3280 Ad
823 3213 1049 3282 uniuersorum
1058 3213 1212 3282 noticiam

95 3329 198 3392 tenore
211 3323 417 3411 presencium
428 3325 578 3390 uolumus
594 3323 774 3410 peruenire,
792 3322 878 3406 quod
890 3321 1006 3391 Comes
1022 3322 1212 3391 Dominicus

95 3430 169 3498 lilius
185 3433 240 3498 ll.
259 3482 268 3498 .
286 3485 293 3501 .
312 3434 353 3500 de
367 3435 467 3500 Kczw
492 3433 707 3520 personaliter
723 3433 766 3498 ad
782 3439 927 3501 nostram
954 3433 1115 3500 accedens
1140 3453 1212 3518 pre-

94 3541 239 3630 senciam,
254 3543 352 3610 nobis
367 3543 530 3610 humiliter
547 3543 732 3630 suplicauit,
749 3549 785 3609 vt
800 3543 963 3610 hominem
973 3549 1118 3610 nostrum
1134 3542 1211 3610 lide-

93 3648 218 3736 dignum
228 3653 429 3720 mitteremus
441 3672 514 3718 cnm
529 3652 654 3736 ecdem,
676 3671 784 3719 coram
802 3671 866 3736 quo
876 3653 1016 3720 domina
1025 3652 1128 3719 Maria
1143 3653 1211 3718 filia

94 3761 233 3846 llagistri
260 3761 445 3847 Jcachyni,
473 3763 652 3828 karissima
676 3781 806 3828 consors
834 3759 980 3838 eiusdem
1004 3762 1124 3830 nobilis
1148 3762 1210 3827 viri

93 3867 220 3938 Comitis
237 3871 413 3954 Dominici,
441 3890 534 3936 suum
551 3870 705 3938 conderet
729 3870 762 3936 in
778 3869 846 3937 suis
863 3869 1016 3936 extremis
1040 3875 1210 3936 testamen-

93 3987 163 4045 tum.
188 3979 256 4047 Nos
273 3999 362 4062 uero,
380 3987 477 4064 prout
493 3999 534 4044 ex
551 3977 662 4047 debito
686 3986 718 4045 et
734 3999 774 4044 ex
790 3984 866 4045 uoto
882 3975 926 4043 ad
950 3997 1059 4044 curam
1084 3977 1208 4043 anima-

92 4107 157 4152 mm
172 4097 328 4171 tenemur,
354 4088 505 4174 precibus
522 4088 588 4154 iam
606 4087 701 4154 dictis
718 4085 852 4156 Comitis
872 4085 1034 4152 Dominici
1051 4085 1208 4170 inclinati,

53 4239 57 4247 -
93 4215 160 4260 cnm
175 4194 385 4262 Benedictnm
410 4194 615 4281 Prepositum
641 4194 683 4261 dc
698 4195 760 4260 Vrs
776 4192 988 4275 misissemus,
1015 4191 1146 4258 tandem
1166 4193 1208 4259 ad

93 4324 147 4370 nos
164 4305 291 4372 rediens
308 4303 391 4370 dixit
406 4304 500 4371 nobis
517 4323 627 4372 coram
644 4303 784 4370 Martino
807 4301 976 4369 sacerdote
992 4301 1034 4368 de
1049 4299 1160 4386 Kczw,
1177 4307 1210 4368 et

93 4411 265 4481 laurencio
276 4412 345 4480 filio
360 4410 499 4498 predicti
508 4411 660 4496 Magistri
670 4409 834 4496 Joachyni
850 4407 950 4476 fratre
965 4407 1069 4494 ipsius
1080 4408 1210 4478 domine

92 4521 207 4604 llarle;
233 4529 268 4586 vt
283 4520 410 4604 cadem
439 4539 510 4586 oum
525 4521 559 4586 in
575 4521 660 4587 lecto
677 4517 871 4603 egritudinis
887 4518 996 4585 adhue
1016 4535 1074 4584 sue
1092 4519 1209 4588 mentis

94 4647 218 4716 compos
244 4629 408 4714 existeret,
434 4627 542 4697 dotem
570 4648 663 4695 suam
689 4635 721 4693 et
745 4645 796 4694 res
821 4627 1056 4714 parafernales,
1081 4629 1207 4713 prefato
