3102 5160
561 280 721 384 „m

100 475 173 543 eioni
187 495 249 542 non
268 475 440 542 annuimus
465 477 537 543 sine
561 475 680 544 litteris
696 477 819 544 domini
842 477 903 564 sui,
930 478 989 544 sed
1012 478 1129 548 iterato
1145 478 1209 546 sibi

98 581 255 649 terminum
271 583 469 668 prefiximus.
497 581 549 650 Ad
566 601 661 670 quem
676 603 760 650 unus
775 583 877 651 frater
902 586 1042 654 accessit
1060 585 1102 652 de
1117 587 1209 653 'I'em-

97 690 216 776 pieriis,
244 691 296 757 oui
322 711 394 758 oum
420 691 613 758 satisfacere
637 692 864 776 voluissemus,
895 692 1080 760 huiusmodi
1101 692 1210 759 intulit

98 799 197 882 uerba,
224 797 311 884 quod
326 819 386 866 nos
402 799 544 865 mediam
568 804 695 885 partem
710 799 796 866 dicte
811 805 896 866 terre
920 800 984 868 sibi
999 799 1209 882 traderemus,

98 905 267 992 etinsuper
281 907 455 990 sexaginta
480 907 605 992 iugera.
632 907 701 972 Nos
717 926 794 972 vero
815 907 884 974 eius
904 907 1057 994 peticioni
1082 905 1210 974 satisfa-

97 1031 158 1077 cere
181 1032 245 1078 non
261 1013 421 1098 ualentes,
447 1012 525 1095 quia
541 1031 612 1078 eum
639 1010 788 1080 dominus
803 1013 918 1081 Abbas
937 1014 1095 1082 voluisset
1114 1012 1210 1100 justi·

97 1119 168 1184 ciam
181 1117 290 1184 faeere
312 1119 445 1205 populis
459 1118 592 1204 Regino,
619 1120 685 1205 ipsi
701 1121 881 1206 noluerunt,
909 1127 941 1188 et
957 1122 1004 1188 sic
1019 1121 1133 1208 populi
1148 1123 1209 1188 Re-

96 1224 158 1310 gine
182 1225 332 1310 inspecta
355 1224 523 1310 injusticia
548 1223 688 1292 aduerso
713 1227 817 1310 partis
842 1246 902 1294 nos
927 1227 1147 1314 proibuerunt,
1177 1231 1211 1292 et

96 1333 192 1399 taliter
215 1332 342 1402 iustiori
366 1333 453 1418 parti
477 1331 671 1400 satisfacere
696 1333 913 1418 nequiuimns.
939 1337 1058 1402 Verum
1083 1333 1161 1418 quia
1176 1333 1209 1400 in

95 1439 273 1506 terminibus
289 1435 378 1526 (lgy)
396 1439 564 1525 premissis
589 1439 623 1504 in
647 1440 694 1505 eis
710 1439 779 1506 fore
804 1441 928 1507 nullam
953 1441 1115 1510 iusticiam
1140 1461 1209 1526 per-

95 1548 260 1632 speximus,
287 1547 424 1614 consilio
441 1547 579 1632 Collegii
594 1547 763 1616 Nobilium
779 1554 810 1614 et
826 1567 964 1616 assensu
980 1548 1023 1614 ad
1037 1567 1210 1634 personam

94 1657 248 1741 propriam
264 1654 379 1740 Magni
394 1655 545 1740 Magistri
561 1661 690 1723 nostras
706 1655 832 1722 litteras
847 1655 1096 1740 transmisimus,
1121 1662 1157 1723 ut
1172 1677 1209 1724 se

95 1769 194 1830 nostro
226 1763 415 1849 conspectui
447 1769 652 1849 presentaret
683 1762 900 1830 satisfaciens.
939 1763 1044 1846 Igitur
1080 1763 1209 1833 domino

93 1871 210 1938 Abbate
237 1877 445 1955 comparente
471 1869 729 1954 cumfratribus,
755 1871 827 1956 ipse
846 1891 911 1938 non
936 1870 1126 1957 comparuit,
1148 1871 1210 1946 ,sed

91 1979 152 2044 loco
167 1997 226 2044 suo
243 1977 379 2044 fratrem
395 1997 488 2045 suum
499 1977 608 2064 misit;
626 1977 683 2063 qui
699 1977 800 2044 frater
817 1978 899 2044 dura
909 1979 1036 2045 ceruice
1056 1979 1210 2064 existens,

93 2083 181 2150 etad
205 2083 382 2169 collegium
405 2085 572 2152 Nobilium
600 2092 632 2152 et
647 2091 753 2153 locum
778 2085 992 2170 assignatum,
1017 2085 1143 2152 scilicet
1167 2084 1211 2151 ad

94 2191 256 2258 ecclesiam
274 2193 393 2259 Sancte
408 2192 617 2276 Margaretbe
632 2193 744 2259 venire
761 2192 973 2279 contempsit;
1000 2192 1149 2260 similiter
1163 2211 1211 2260 se-

95 2301 194 2384 quenti
211 2301 267 2368 die
283 2299 327 2366 ad
343 2301 515 2369 ecclesiam
526 2301 647 2369 Sancte
664 2300 776 2368 (lruois
793 2301 833 2368 de
843 2302 935 2368 Bana
950 2308 1085 2368 vocatus
1102 2300 1211 2369 venire

94 2412 278 2499 denegauit3
304 2421 336 2479 ot
352 2415 401 2480 sic
415 2414 538 2480 nnllam
553 2413 719 2480 iusticiam
735 2413 892 2480 intereos
908 2410 1017 2476 facere
1035 2411 1210 2494 potuimus.

92 2521 185 2590 Huius
210 2521 292 2588 sacti
307 2540 370 2588 nos
393 2527 494 2589 testes
510 2541 621 2588 sumus
638 2527 670 2588 et
690 2520 911 2589 testimonium
935 2519 1152 2605 perbibemus,
1179 2520 1211 2580 et

91 2629 142 2696 has
156 2630 286 2696 litteras
303 2629 422 2712 sigillis
441 2629 642 2712 quorundam
658 2627 818 2696 Comitum
834 2625 1060 2710 sigillauimos,
1085 2622 1212 2689 scilicet

90 2739 162 2822 Apa,
179 2738 341 2823 Marcelli,
362 2737 522 2824 Obepani,
538 2737 700 2823 Dionisij;
728 2736 805 2821 quia
819 2753 930 2804 omnes
946 2732 1081 2820 propria
1099 2729 1211 2816 sigilla

91 2866 144 2912 non
158 2846 328 2914 babemus.

92 3043 219 3106 (Eredetie
233 3040 410 3110 bbrbrlrtyln,
430 3060 447 3095 a
458 3042 652 3110 pannonbalmi
671 3038 815 3108 litapttslg
834 3037 1027 3092 lovtltartbarr.
1050 3037 1083 3088 V.
1097 3043 1122 3088 b.
1136 3035 1211 3086 Posti

90 3135 193 3200 Frigyss
212 3132 404 3200 lrltalornbnybt
417 3149 433 3184 a
446 3135 562 3199 Magyar
574 3131 725 3183 Akadbmia
740 3131 853 3182 litor-ki
871 3114 1082 3194 Ilrtesitbjbben,
1100 3131 1169 3178 tbrr.
1183 3121 1212 3174 bs

459 3227 521 3274 tbrt.
537 3228 602 3274 osat.
615 3221 650 3271 11.
664 3221 720 3272 lrbt.
736 3221 795 3271 151.
806 3220 836 3287 l.)
