3102 5160
557 335 711 437 Q

105 521 153 580 tate
173 513 306 582 omnium
332 519 547 596 cognatorum
573 529 702 578 suorum
714 561 723 596 ,
750 511 902 578 videlicet
927 513 1028 600 Arad,
1054 515 1194 600 Andree,

102 623 165 704 Jrle,
179 626 207 687 et
220 627 515 689 commetaneorom
532 638 653 702 eoram,
670 618 796 686 scilicet
810 619 968 706 Stephani
984 641 1006 688 a
1021 629 1114 708 parte
1133 621 1193 690 ori-

100 729 171 812 entis,
184 729 265 796 Petri
280 728 340 813 filij
357 727 476 811 Briccij
495 735 625 814 aparte
642 727 800 813 meridiei,
823 729 957 796 Forrow
973 730 1192 815 possessionis

101 835 194 902 donini
208 837 304 922 Regia
321 859 342 903 a
357 843 452 922 parte
476 836 653 904 occidentis
669 837 886 922 personaliter
906 837 1099 922 astancium,
1118 859 1193 908 ren·

99 943 229 1012 didisseat
244 945 369 1014 Jacobo
394 952 427 1011 et
442 946 573 1012 lwance
589 945 668 1032 filijs
684 945 807 1012 Mathia
831 945 888 1032 filij
905 944 1041 1032 Ragach
1060 945 1102 1014 de
1117 948 1192 1014 Sce-

98 1073 142 1138 pas
162 1052 327 1120 antedictis
343 1073 402 1139 pro
419 1058 493 1121 octo
509 1053 627 1120 marcis
652 1053 708 1118 fini
726 1055 864 1140 argenti,
890 1054 982 1141 ipsis,
1009 1060 1041 1120 et
1056 1075 1117 1140 per
1134 1074 1191 1123 eos

98 1159 212 1244 ipsoram
227 1159 411 1242 heredibus,
437 1159 655 1246 heredumque
670 1180 801 1228 suorum
818 1163 1062 1231 successoribus
1077 1181 1190 1247 perpe·

97 1272 136 1334 tao
151 1269 216 1354 jare
237 1276 270 1336 et
293 1267 553 1335 irreaocabiliter
576 1268 714 1354 pacifice
737 1269 989 1358 possidendam,
1014 1289 1078 1353 que
1101 1276 1191 1335 terra

96 1383 131 1442 est
144 1385 269 1461 quatuor
285 1381 488 1459 aratrorum;
518 1382 550 1443 et
566 1377 658 1463 ipsas
674 1385 746 1445 octo
763 1397 891 1446 marcas
908 1378 995 1445 idem
1015 1379 1142 1445 Ohazar
1157 1383 1191 1442 et

95 1481 157 1549 tlias
171 1483 310 1551 eiusdem
327 1503 349 1549 a
364 1485 490 1551 Jacobo
506 1491 539 1550 et
554 1484 693 1552 Iwanka
707 1485 877 1571 premissis
903 1485 1045 1552 confessi
1061 1490 1137 1552 sant
1152 1503 1189 1550 se

94 1589 210 1674 plenarie
224 1591 400 1678 recepisse.
428 1589 527 1657 Gaias
544 1599 628 1659 terre
645 1591 751 1677 prima
775 1599 863 1658 meta
877 1592 993 1678 incipit
1014 1611 1111 1678 super
1126 1592 1188 1680 rip-

92 1717 147 1782 pam
168 1697 252 1784 flaaij
269 1699 407 1765 Hamad
430 1701 474 1766 ab
490 1719 555 1764 vna
581 1699 688 1783 dvmo,
714 1719 778 1784 qne
800 1701 967 1784 wlgaritcr
990 1701 1188 1786 ctipkebotor

91 1805 263 1894 appellatam
291 1807 367 1874 trino
390 1809 480 1873 venit
505 1827 619 1875 versas
636 1807 749 1874 villam
773 1809 918 1889 Forrow,
943 1813 977 1874 et
1000 1806 1046 1872 ibi
1072 1806 1188 1893 incipit

92 1919 175 1979 tenere
190 1921 309 1980 metam
334 1933 407 1980 cum
424 1913 498 1998 ipsa
514 1914 594 1982 rilla
612 1914 764 1997 Fortem,
792 1913 868 1980 hinc
885 1913 980 1999 redyt
994 1913 1037 1980 ad
1063 1914 1187 2001 predic-

91 2027 139 2084 tam
152 2020 288 2104 linaium,
306 2026 339 2088 et
354 2021 400 2087 ibi
416 2027 467 2088 est
483 2029 569 2088 meta
584 2043 649 2088 vna
664 2023 761 2104 nigra
776 2021 886 2104 arbor,
912 2020 967 2105 qai
983 2019 1070 2108 (tgy)
1086 2041 1186 2107 popu·

89 2127 327 2213 denominatur,
348 2129 424 2196 hinc
433 2127 551 2196 transit
566 2127 698 2196 fluuium
709 2127 752 2194 ad
768 2133 906 2214 pratum,
923 2125 1010 2212 quod
1021 2128 1184 2213 kechyou·

32 2245 33 2260 *
89 2233 145 2318 lyci
158 2243 299 2320 vocatur,
316 2241 349 2302 ct
363 2236 410 2302 ibi
425 2243 515 2304 tenet
531 2243 649 2303 metam
665 2255 737 2303 cum
753 2243 842 2302 terra
857 2236 1014 2320 Stephani
1032 2235 1074 2303 de
1088 2234 1185 2322 Bynd

31 2399 32 2428 ἶ
88 2363 164 2427 usqne
179 2343 220 2410 ad
236 2365 393 2430 magnam
409 2351 564 2429 stratam;
587 2343 704 2411 dehinc
719 2344 834 2430 incipit
849 2351 959 2410 tenere
976 2351 1096 2410 metam
1111 2365 1184 2412 cam

87 2459 151 2518 tarra
164 2456 250 2520 laan
276 2453 336 2538 filij
352 2453 516 2537 Symonis,
542 2460 575 2520 et
592 2452 686 2537 rcdyt
710 2451 753 2518 ad
776 2451 915 2538 primam
932 2456 1062 2534 metam,
1089 2459 1122 2518 et
1138 2451 1184 2517 ibi

30 2567 31 2616 l
85 2561 255 2628 terminatur.
275 2563 415 2647 Insopor
430 2561 526 2646 ydem
538 2560 665 2626 Chazar
680 2566 713 2626 et
728 2558 914 2644 Stephanus
929 2559 1015 2626 filins
1031 2557 1178 2625 eiusdem

85 2669 113 2733 de
123 2672 214 2754 llynis
225 2669 409 2756 supradicti
421 2669 607 2755 obligarunt
616 2687 652 2736 se
664 2670 789 2738 Jacobo
805 2671 977 2736 etlwance
992 2666 1178 2753 sepedictis,

84 2782 107 2839 rt
118 2776 139 2842 si
153 2779 335 2863 quicunque
350 2775 441 2863 ipsos
457 2776 587 2844 racione
604 2783 691 2843 terre
711 2774 876 2844 antedicto
895 2776 1093 2860 molestaret,
1124 2781 1181 2841 aut

83 2883 105 2947 in
117 2883 193 2952 litem
208 2890 361 2970 attraret,
378 2904 434 2951 eos
451 2892 484 2952 et
499 2903 610 2974 eorum
624 2883 759 2952 heredes
775 2883 967 2970 indempnes
986 2901 1180 2952 conseruare

82 2997 245 3060 tenerentur.
263 2992 311 3059 Ut
322 2997 431 3059 autom
443 2991 594 3060 huiasrei
612 2991 714 3059 series
724 2998 915 3078 perpetuam
930 2991 1040 3077 capiat
1050 2991 1180 3057 firmita-

82 3103 137 3180 cm,
152 3100 191 3166 ad
204 3100 405 3167 instanciam
421 3102 524 3185 partis
540 3100 707 3184 vicinoque
722 3106 852 3166 nostras
862 3118 962 3186 saper
976 3100 1038 3166 hoc
1054 3097 1180 3164 litteras

80 3209 277 3275 concessimus
298 3209 440 3274 omnium
451 3207 587 3276 fratrum
598 3215 780 3276 nostrorum
791 3227 964 3292 consensa,
974 3205 1181 3293 presentibus

79 3321 162 3382 tanen
179 3317 321 3386 Nicolao
339 3317 520 3403 Proposito,
547 3317 644 3386 Petro
663 3316 815 3403 (lentore,
836 3316 931 3401 Oyka
950 3315 1082 3400 Gustde,
1103 3315 1180 3380 Far·

80 3421 151 3490 tasio
174 3432 206 3492 et
220 3425 385 3494 Ladialao
400 3425 659 3504 Archidiaconis,
686 3425 851 3492 Demetrio
871 3431 904 3490 et
918 3422 1100 3490 Laurencio
1116 3422 1175 3488 Ca-

78 3531 186 3620 nonicis,
198 3539 231 3599 ct
241 3533 321 3618 aliJs
333 3532 453 3599 maltis.
465 3531 617 3600 Glorioso
629 3531 798 3616 Hangarie
807 3531 897 3614 Rege
908 3529 999 3613 Bela,
1013 3529 1181 3615 Stephano

78 3637 284 3724 strigoniensi,
300 3641 477 3707 Benedicta
494 3638 664 3709 colocensi
680 3638 956 3727 Archiepiscopis,
977 3637 1109 3706 domino
1125 3657 1179 3704 no-

77 3747 125 3812 tlrc
146 3745 323 3833 lamperto
341 3748 513 3830 Agriensis
529 3747 677 3816 Ecclesie
698 3746 862 3835 Episcopo
887 3745 1068 3830 existente,
1094 3763 1179 3811 anno

76 3852 162 3930 grato
177 3856 223 3921 ll⁰
233 3853 302 3920 00⁰
312 3855 385 3922 XL⁰
396 3856 465 3922 ΥΡ.

140 4053 187 4116 {Aa
199 4055 260 4120 egri
275 4049 467 4121 ltdptalannalr
483 4055 592 4106 llos-tt
606 4052 762 4114 attractati,
777 4071 794 4105 a
808 4055 890 4106 budai
903 4053 955 4102 lrir.
968 4051 1090 4101 kamarai

525 4143 691 4196 levdlta'rrban
702 4141 713 4214 )

488 4449 523 4456 ...-
546 4450 625 4456 Δ----.
686 4449 738 4456 -..0-
