3122 5154
575 303 734 408 ,th

113 501 200 591 nmd,
224 521 282 569 nec
296 503 361 571 alio
377 505 476 572 modo
501 505 536 570 in
551 505 695 590 aliquam
723 523 898 591 personam
918 507 1138 575 transferendi
1153 529 1219 576 non

113 611 213 678 haheat
236 609 444 700 facultatem,
476 611 620 681 fanetum
645 614 749 681 eciam
774 615 986 702 septuaginta
1010 615 1160 700 iugerum
1185 614 1220 682 iu

113 721 207 788 eadem
217 727 309 808 terra,
327 729 361 790 et
376 722 538 810 piscinam
554 743 626 790 cum
639 725 710 792 loco
726 725 904 811 piscature,
918 724 1006 809 quod
1020 725 1107 811 wigo
1121 735 1217 814 toque

115 827 219 914 dcitur,
234 836 266 896 et
282 831 424 897 insulam
441 851 643 900 communem
667 851 740 898 enm
756 831 832 918 alijs
848 834 969 918 multis,
995 835 1052 900 nbi
1069 839 1143 900 sunt
1158 834 1220 900 uir-

114 935 186 1018 roo
196 942 226 1004 et
239 937 354 1023 viginti
378 947 504 1026 septem
520 942 655 1008 arbores
671 940 735 1027 piri
751 941 921 1026 siluestris,
945 942 988 1008 ab
1004 941 1072 1008 illis
1099 942 1217 1009 castris

115 1051 258 1132 exemptas
281 1043 389 1113 eidem
414 1047 560 1114 Ecclesia
584 1047 799 1132 contulimus,
832 1049 900 1115 iure
925 1031 1083 1136 perpetuo
1114 1050 1217 1135 possi·

114 1150 225 1219 dendas.
248 1152 392 1220 Nomina
416 1175 492 1222 uero
509 1155 771 1240 supradictorum
794 1157 1012 1222 castrensium
1028 1164 1104 1224 sunt
1134 1157 1213 1223 hec:

114 1256 209 1346 Bothe,
224 1260 289 1348 Cel,
306 1263 448 1348 Tyscon,
465 1263 616 1349 Pincusd,
629 1264 750 1350 Bugar,
767 1262 893 1349 Boxud,
906 1263 989 1332 Hete
1005 1264 1216 1332 etNieolaus.

114 1366 146 1431 Vt
157 1365 244 1452 igitur
257 1371 353 1440 huius
378 1378 489 1440 nostre
506 1372 726 1441 concessionis
743 1371 843 1438 series
863 1371 957 1439 salua
974 1377 1007 1438 et
1022 1373 1218 1440 inconeussa

114 1485 298 1566 permaneat,
325 1485 509 1565 presentem
534 1480 689 1566 paginam
706 1479 847 1565 duplicis
872 1479 975 1564 sigilli
989 1481 1095 1547 nostri
1117 1479 1220 1555 muni-

113 1581 182 1648 mine
204 1584 355 1654 duximus
370 1585 599 1654 roborandam.
626 1588 746 1653 Datum
763 1585 854 1652 Bude
880 1606 966 1654 anno
982 1587 1154 1654 Dominiee
1173 1587 1220 1654 ln-
1355 1621 1360 1629 ·

114 1691 294 1762 amotionis
309 1693 356 1760 hi⁰
368 1692 553 1760 00⁰XXX⁰
569 1715 664 1780 nono,
683 1692 826 1760 secundo
842 1713 946 1760 nonas
962 1693 1087 1780 Mareij,
1113 1694 1219 1780 Regni

113 1807 202 1864 auhn
214 1803 317 1871 nostri
334 1822 423 1869 anno
447 1809 573 1886 quarto.

307 2001 415 2067 (Runa
427 1997 545 2064 Ndudon
558 2003 674 2068 Magyar
689 2001 756 2054 Sion
767 2001 804 2052 11.
817 1999 875 2052 ket.
888 2001 949 2052 itt.
967 2001 997 2066 1.)

34 2981 35 2986 ἵ
112 3003 158 3068 IV.
173 3003 251 3072 Boo
267 3003 374 3092 berch
384 3003 505 3072 anrtdt
520 3005 552 3068 ec
566 3002 713 3070 rokoooit
728 3025 750 3068 a
765 3003 945 3089 eacqozdrdi
953 3005 1089 3090 apotadp
1104 3003 1222 3070 azobcd

380 3111 557 3200 Jobbdpyui
570 3111 665 3176 boam
676 3131 813 3176 oorozzu.
834 3111 930 3175 1239.

215 3311 298 3376 Bela
322 3309 385 3376 Dei
410 3309 524 3394 gracia
549 3307 705 3392 Vugarie,
732 3306 911 3391 Dalmaoie,
938 3304 1083 3391 Oroaoie,
1109 3307 1221 3391 Reme,

34 3391 35 3400 ἦ
112 3413 219 3502 Seruie,
236 3415 373 3503 Galicie,
390 3415 595 3500 Lodomerie,
613 3415 832 3497 Cumanieque
848 3416 917 3481 Rex
937 3413 1086 3479 omnibus
1102 3411 1224 3480 Christi

34 3571 35 3578 ι
113 3520 251 3593 idelibuu
271 3543 407 3610 presens
432 3522 587 3608 scriptum
602 3519 797 3608 inspecturis
821 3521 961 3587 salutem
977 3519 1010 3585 in
1027 3539 1076 3604 eo,
1103 3520 1159 3605 qui
1175 3527 1226 3587 est

112 3633 189 3700 sulus
205 3631 348 3699 omnium
372 3631 406 3698 in
423 3649 459 3697 se
475 3628 690 3698 eredenoium.
715 3627 786 3695 Etsi
803 3631 904 3696 nimus
924 3627 1069 3713 quelibet
1085 3648 1144 3696 sno
1160 3649 1225 3696 non

113 3739 218 3808 debeat
234 3741 359 3828 premio
384 3735 592 3824 defraudari,
618 3737 760 3804 fidelitas
776 3741 886 3804 tumen
911 3755 949 3803 eo
975 3734 1226 3802 habundancius

113 3857 153 3914 eut
173 3847 354 3917 attollenda
377 3846 578 3935 premiisque
602 3845 835 3931 temporalibus
856 3845 1051 3931 propensius
1077 3859 1225 3927 compen-

34 3947 35 3980 ³
112 3957 216 4042 anda,
232 3963 355 4040 quanto
379 3956 455 4042 ipsa
470 3961 595 4022 ceteras
611 3954 749 4021 uirtutes
773 3953 926 4038 politicas
950 3947 1123 4034 antecedit,
1150 3948 1227 4014 licet

112 4085 229 4134 omnem
251 4064 479 4151 temporalem·
497 4061 703 4129 affluenciam
733 4081 798 4128 non
825 4057 975 4125 inmerito
1007 4054 1225 4122 transcendat.

34 4155 35 4170 ³
112 4169 185 4240 Hinc
200 4181 261 4261 est,
277 4173 364 4259 quod
379 4173 424 4239 ad
439 4173 663 4239 uniuersorum
678 4167 833 4235 noticiam
846 4163 1050 4252 presencium
1067 4182 1107 4230 ac
1123 4171 1227 4248 poste·

112 4301 213 4350 rorum
228 4284 344 4350 harum
362 4289 476 4348 tenore
493 4278 643 4346 uolumus
658 4274 840 4364 peruenire,
858 4273 945 4358 quod
964 4292 1037 4340 oum
1052 4270 1157 4339 fidelis
1173 4293 1227 4340 no·

111 4395 170 4458 oter
184 4390 305 4458 (lberto
322 4409 342 4456 a
357 4388 513 4477 primeuis
528 4386 672 4474 puericie
688 4389 799 4452 nostre
818 4387 850 4449 et
860 4400 918 4450 suc
934 4377 1135 4471 temporibus
1156 4399 1228 4447 con

111 4505 227 4566 stanter
252 4497 349 4568 nobis
375 4495 535 4564 adherens
560 4493 780 4562 indesinenter
804 4495 837 4557 et
863 4487 1027 4557 indefesse
1051 4487 1174 4554 utiliter
1190 4507 1228 4551 ac

111 4607 290 4697 fideliter,
280 4631 314 4674 nn
330 4609 442 4692 Regno
468 4615 501 4673 et
488 4611 620 4673 tentra
635 4607 794 4690 Regnum,
820 4599 962 4667 maxime
987 4617 1059 4663 eum
1083 4601 1228 4676 tempore

1028 4711 1066 4762 5*
