3112 5148
624 863 680 932 92.

94 1047 138 1114 As
151 1048 335 1134 nsterpami
358 1045 517 1133 kdptulan
539 1065 577 1108 aa
602 1043 786 1129 easterpami
810 1043 990 1108 ndroetdren
1015 1041 1084 1106 leod
1109 1038 1218 1104 deleuit

222 1152 366 1219 Herbold
381 1155 413 1217 ds
428 1151 452 1216 I
451 1153 509 1216 bnr
523 1148 745 1236 polpdroleoalr
760 1147 849 1214 derbe
864 1148 952 1235 adju.
968 1148 1066 1212 1243.

184 1348 381 1436 Capitulum
406 1345 631 1430 Strigouiense
651 1343 810 1410 uniuersis
836 1348 1003 1428 presentes
1026 1343 1152 1410 litteras
1169 1342 1214 1408 iu·

91 1459 245 1545 spectaris
262 1457 403 1524 salutem
419 1454 453 1520 in
464 1453 614 1522 Domino.
632 1452 685 1518 Ad
699 1451 923 1518 uniuersitatis
934 1456 1042 1518 vestre
1059 1449 1214 1516 noticiam

9 1607 10 1660 ᾗ
92 1565 232 1633 uolumus
243 1563 428 1650 peruenire,
442 1560 529 1646 quod
544 1581 604 1628 nos
616 1559 745 1626 dilectis
758 1557 879 1626 nostris
889 1558 1059 1626 Herbordo
1070 1563 1103 1624 et
1113 1555 1213 1638 Ybur,

9 1751 10 1756 ἵ
92 1672 163 1739 filiis
177 1671 344 1757 quondam
360 1667 529 1756 Stephani,
541 1667 667 1734 ciuibus
684 1665 974 1752 strigoniensibus,
992 1667 1138 1734 looamna
1158 1665 1214 1732 do-

9 3853 10 3888 r
81 3841 133 3888 nee
148 3819 335 3889 heredibus
351 3818 496 3904 ipsorum
520 3819 619 3886 lioeat
634 3818 776 3888 vendere
794 3821 848 3886 uel
865 3821 1011 3886 alienare
1031 3819 1211 3904 predictam

91 1801 171 1846 mum
185 1784 333 1847 nostram
348 1776 513 1864 lapideam
532 1795 604 1842 oum
622 1774 712 1842 ouria
729 1773 988 1856 oiroumiaoente,
1005 1773 1102 1840 sitam
1115 1788 1213 1858 super

90 1888 189 1955 iorum
199 1886 407 1971 Strigouiese
418 1905 521 1971 prope
536 1885 701 1971 palacium
711 1884 826 1968 Heraia,
842 1883 1011 1967 longitudo
1025 1882 1115 1949 onius
1126 1881 1214 1948 ourie

89 2003 136 2062 est
147 1994 360 2081 septuaginta
370 1993 559 2075 cubitorum,
576 1991 631 2078 qui
641 1992 741 2076 uulgo
751 1991 960 2078 appellantur
969 1989 1053 2078 seps,
1073 1987 1212 2056 latitudo

91 2122 162 2168 nero
187 2099 411 2187 quadraginta
427 2099 569 2166 etunius
587 2099 724 2166 oubitns.
750 2101 833 2164 Item
849 2097 1011 2182 quandam
1031 2097 1155 2164 ouriam
1173 2116 1214 2162 ex

90 2211 261 2295 posteriori
289 2215 383 2293 parte
399 2207 485 2273 diote
501 2207 613 2273 domui
628 2208 758 2294 lapidee
775 2206 983 2291 continguam
1001 2225 1116 2273 uersus
1134 2205 1213 2272 San-

87 2325 170 2383 ctum
185 2315 406 2382 Laurentium
431 2314 573 2400 quadam
588 2314 645 2380 via
661 2313 865 2381 solummodo
889 2312 1096 2396 intermedia,
1121 2314 1213 2378 euius

87 2422 254 2508 longitudo
281 2427 333 2487 eat
357 2421 651 2508 trigintaquinque
677 2420 869 2504 cubitorum,
896 2419 1035 2488 latitudo
1058 2437 1136 2483 nero
1160 2419 1213 2483 tri-

87 2532 173 2614 ginta
197 2537 339 2614 quatnor
355 2529 554 2614 oubitorum;
581 2549 694 2617 prose
711 2537 743 2596 et
761 2529 937 2596 heredibus
961 2528 1029 2596 suis
1045 2525 1212 2610 legitimis,

88 2645 115 2704 et
128 2657 193 2704 nou
210 2637 392 2722 extraneis,
409 2645 567 2723 perpetuo
582 2637 809 2724 possidendas.
826 2639 897 2703 Hoe
908 2643 1004 2722 paeto
1021 2636 1124 2720 ethys
1140 2655 1213 2702 oon-

88 2745 270 2813 dioionibus
285 2743 591 2828 interuenientibus,
617 2744 703 2829 qaod
718 2743 856 2831 predioti
872 2743 1059 2811 Harbordus
1075 2749 1107 2809 et
1122 2743 1214 2809 Ybur

86 2859 252 2919 eteorum
278 2850 419 2917 heredes
452 2857 623 2918 teneantur
648 2851 743 2918 nobis
770 2851 899 2918 solvere
929 2852 1098 2917 annuatim
1130 2851 1212 2918 duas

87 2978 211 3026 mareas
239 2957 372 3041 argenti
397 2955 563 3043 prodicta
587 2957 683 3026 domo
708 2958 853 3044 lapidea,
882 2965 914 3024 et
932 2979 1030 3024 unum
1055 2959 1213 3026 fertonem

84 3087 135 3150 pro
150 3065 245 3132 diota
261 3065 363 3148 eur-ia,
391 3063 522 3132 nomine
538 3065 706 3151 pensionis
722 3084 826 3147 usque
842 3064 885 3130 ad
907 3065 1092 3148 quindecim
1108 3085 1212 3135 annos

84 3175 252 3260 videlieet3
285 3173 471 3260 quindeeim
497 3173 591 3240 annis
617 3193 694 3241 uero
722 3173 891 3260 eompletis
917 3173 1059 3240 debeant
1084 3174 1212 3242 soluere

84 3282 220 3367 singulis
239 3281 339 3347 annis
355 3281 506 3365 usquein
522 3290 715 3368 perpetuum
729 3289 796 3349 tres
812 3301 940 3348 mareas
951 3283 1081 3366 argenti
1100 3288 1132 3348 et
1148 3282 1212 3348 dio·

83 3399 142 3454 tun
158 3389 347 3475 fertonem;
374 3387 512 3474 primam
530 3391 706 3474 partemin
723 3387 807 3456 festo
824 3389 937 3455 Sancti
953 3389 1136 3473 Michaelis,
1164 3408 1212 3457 se·

82 3495 220 3564 eandm
249 3503 377 3582 partem
402 3495 436 3562 in
452 3495 626 3563 Dominiaa
651 3495 758 3581 prima
782 3494 1051 3581 Quadragesime‚
1076 3495 1212 3563 terciam

83 3612 206 3689 partem
233 3604 272 3670 in
296 3603 381 3672 festo
397 3603 510 3670 Sanoti
536 3601 698 3670 Johannis
714 3603 872 3688 Baptista.
898 3606 940 3671 Et
959 3605 1019 3671 heo
1044 3605 1214 3673 attendere

82 3715 276 3798 promittunt
290 3712 352 3779 snb
367 3730 454 3796 pena
470 3711 571 3797 dupli.
589 3711 649 3776 Est
664 3712 768 3778 eeiam
780 3712 953 3796 adiectum,
970 3713 1059 3796 qnod
1074 3735 1136 3782 nee
1151 3715 1210 3797 eis,

79 3925 219 4012 domum,
238 3945 347 4010 neque
358 3925 539 4012 predictam
557 3927 693 4011 auriam,
710 3926 773 3995 uisi
790 3945 891 3994 eausa
902 3925 1109 3994 necessitatis
1125 3925 1212 4012 ipso-

9 4077 10 4104 r
78 4056 161 4122 rnm;
190 4041 228 4103 et
246 4041 324 4100 tune
348 4034 389 4100 de
416 4038 528 4102 nostra
551 4033 689 4101 lieenoia
716 4035 871 4121 speciali3
899 4033 995 4102 aliter
1020 4053 1097 4102 nero
1123 4033 1213 4101 laeta

9 4187 11 4260 l

79 4144 229 4212 nendinio
246 4143 303 4208 nel
326 4141 488 4208 alienaoio
504 4162 569 4210 non
585 4143 704 4226 valeat,
730 4151 763 4210 et
778 4141 808 4209 si
824 4142 1040 4228 uendiderint,
1065 4143 1119 4209 uel
1136 4142 1213 4209 alie·

9 4319 11 4332 ‚
77 4252 242 4333 uenerint,
272 4254 399 4336 emptor
414 4249 584 4317 nobiseum
608 4250 650 4318 de
665 4269 750 4318 novo
770 4249 945 4318 conuenire
971 4249 1091 4317 debeat
1115 4269 1213 4337 snper

9 4341 11 4360 t

9 4367 11 4400 i

76 4360 236 4443 pensione
266 4356 362 4424 uobis
377 4355 607 4442 persoluenda.
634 4357 670 4424 Si
685 4378 748 4442 que
763 4376 842 4426 vero
868 4355 1024 4426 hedifieia
1046 4359 1082 4426 in
1098 4357 1214 4428 eodem

77 4463 172 4534 tundo
189 4460 427 4532 edificaverint
452 4462 583 4550 lapidea
599 4465 652 4534 uel
669 4465 779 4552 lignes
795 4463 838 4532 de
853 4485 950 4552 nouo,
968 4483 1008 4533 ea
1027 4487 1086 4553 pro
1102 4469 1213 4535 volun-
