3134 5158
890 865 967 937 stt.

362 1048 422 1113 IV.
441 1049 519 1114 Belo
538 1049 641 1135 Irirdlp
656 1049 899 1133 amperieitiPtii
913 1048 1152 1136 orozdpbironalr
1169 1047 1273 1133 [priris
1292 1047 1415 1132 helyee'p
1437 1043 1488 1108 ho·

546 1157 831 1243 tdrozobdlyordadt
845 1161 996 1244 tdrqpazo
1011 1157 1184 1222 etinte'ze'oo't.
1205 1154 1303 1220 1255.

470 1352 552 1418 Belo
566 1351 628 1419 Dei
644 1351 758 1437 graoia
768 1352 920 1436 tingatis,
936 1351 1116 1436 Dalmaoie,
1128 1351 1397 1436 Groaeie,Rame‚
1415 1348 1485 1415 Ser-

361 1461 414 1529 uie
424 1513 433 1547 ,
458 1461 616 1546 Gallioio,
642 1460 853 1542 Lodomerie,
873 1459 1093 1546 (inmanieqoe
1112 1463 1182 1529 Rex
1201 1460 1350 1528 omnibns
1365 1457 1487 1526 christi

361 1570 512 1638 fidelibus
522 1578 705 1658 presentem
724 1569 880 1656 peginam
895 1569 1089 1656 inspecturis
1104 1569 1242 1636 salutem
1258 1570 1290 1636 in
1307 1588 1386 1635 nero
1402 1567 1486 1634 salu·

361 1680 432 1746 tari.
459 1680 548 1746 Solet
563 1700 585 1746 a
599 1679 752 1766 Principe
776 1678 970 1763 confirmari,
1000 1678 1087 1762 qood
1102 1679 1136 1746 in
1160 1687 1335 1765 conspeetu
1363 1677 1488 1761 geritur

361 1789 517 1872 aliornm3
534 1788 761 1854 ineonoussum
777 1787 897 1872 qnippe
912 1793 1091 1873 permanet,
1108 1786 1195 1872 quod
1206 1785 1309 1872 Ragie
1325 1785 1487 1852 Serenita-

360 1899 403 1963 tis
419 1896 566 1984 presidio
583 1895 763 1964 roboratur.
789 1893 841 1961 Ad
857 1896 1082 1964 vninersornm
1107 1896 1206 1982 igitur
1225 1895 1379 1964 noticiam
1398 1895 1489 1962 voiu-

362 2025 434 2070 mus
450 2004 565 2070 harum
581 2003 667 2070 seria
682 2003 861 2090 peruenire,
888 2005 976 2088 quod
991 2004 1185 2072 aecedentes
1202 2006 1234 2070 in
1254 2009 1399 2071 nostram
1416 2025 1488 2091 pre·

361 2113 505 2180 sentiam
515 2113 716 2198 janulatores
741 2113 845 2181 nostri
870 2114 911 2180 de
927 2113 1008 2180 villa
1023 2113 1132 2199 Igrioh
1158 2114 1192 2180 in
1210 2114 1370 2181 comitatu
1390 2113 1488 2179 Zala-

363 2221 479 2307 diensi,
504 2221 669 2288 humiliter
693 2229 802 2288 nostro
826 2221 1043 2307 Magnitudini
1070 2222 1278 2310 snpiioarnnt,
1305 2231 1341 2289 nt
1364 2229 1487 2289 statum

362 2339 446 2398 terre
460 2331 604 2418 ipsorum
622 2329 717 2396 certis
735 2329 828 2396 metis
845 2331 986 2414 undique
1001 2332 1205 2416 oontignate‚
1229 2332 1322 2398 iuxta
1337 2337 1485 2398 tenorem

364 2441 545 2507 litterarum
571 2437 678 2505 fidelis
703 2439 806 2508 nostri
823 2439 919 2506 Pauli
934 2438 1061 2507 Judiois
1077 2439 1241 2526 qnondam
1260 2438 1357 2506 Gnrie
1373 2446 1486 2506 nostre

364 2557 397 2615 et
413 2547 548 2615 Comitis
564 2547 772 2616 Zaladionsis
787 2556 897 2616 nostro
916 2549 1088 2636 priuilegio
1104 2549 1256 2632 inserere,
1283 2554 1316 2614 et
1330 2547 1487 2616 insertum

361 2657 570 2742 dignaremur
592 2657 794 2742 benignitate
826 2657 925 2724 solita
950 2660 1151 2726 confirmare.
1184 2657 1328 2735 Quorum
1355 2657 1487 2741 quidem

361 2767 541 2834 litterarum
557 2775 650 2834 tenor
666 2766 694 2832 is
711 2774 782 2833 est:

469 2877 539 2944 Nos
555 2877 678 2942 Paulus
694 2875 802 2943 Jndex
818 2875 901 2943 Aule
926 2878 1028 2963 Regia
1045 2877 1108 2944 stb.
1131 2875 1345 2964 (tovetkezik
1362 2875 1424 2941 Pal
1439 2899 1488 2944 or-

361 2986 582 3070 antgbtronnk
599 3005 676 3052 eron
693 2985 1018 3070 hattrsnabtlyontst
1042 2991 1198 3071 ttrgyaao
1217 2985 1355 3052 1251-ki
1371 2987 1487 3051 otrmt-

361 3113 437 3180 nya,
461 3095 541 3161 mint
555 3095 686 3161 ientebb
703 3095 777 3162 229.
796 3115 840 3164 sn.
857 3093 904 3180 a.)

468 3201 537 3269 Nos
563 3202 684 3286 itaque,
709 3200 766 3286 qni
791 3221 831 3268 ex
848 3199 955 3268 officio
981 3201 1123 3288 suscepti
1145 3201 1315 3286 regiminis
1338 3207 1489 3268 tenemur

363 3308 541 3394 inuigilare
555 3309 708 3393 remedijs
725 3309 938 3392 subditorum,
955 3309 1171 3394 predictorum
1181 3309 1396 3378 ioculatorem
1415 3330 1488 3396 pre·

361 3419 453 3486 oibns
477 3417 636 3500 inclinati,
653 3423 774 3483 statum
798 3423 885 3484 terre
903 3417 1078 3486 eorundem
1099 3417 1224 3503 prefate
1249 3416 1290 3484 de
1314 3417 1415 3483 uerbo
1442 3418 1488 3484 ad

362 3526 495 3594 uerbum
511 3524 687 3592 seeundum
699 3524 936 3592 continenciam
954 3525 1133 3592 litterarum
1150 3524 1287 3612 predioti
1297 3526 1333 3592 P.
1348 3525 1488 3593 Comitis

361 3637 529 3721 insertam,
546 3633 751 3719 presentibus
761 3634 953 3702 anctoritate
963 3634 1069 3718 Regia
1084 3635 1321 3702 oonfirmamus.
1339 3633 1375 3698 In
1392 3633 1489 3698 onius

361 3745 407 3811 roi
422 3742 641 3810 testimoninm
658 3751 826 3828 presentes
843 3743 1062 3811 conoessimos
1077 3743 1205 3810 litteras
1224 3740 1364 3828 duplicis
1382 3740 1489 3826 sigilli

361 3852 464 3919 nostri
481 3850 656 3916 munimine
673 3849 852 3920 roboratas.
878 3851 997 3916 Datum
1014 3869 1072 3936 per
1089 3869 1204 3916 manns
1229 3846 1380 3934 Magistri
1395 3849 1488 3914 Sma-

360 3958 456 4043 ragdi
472 3957 625 4026 Albensis
649 3957 797 4025 Eoolesie
822 3958 926 4025 Eteoti
951 3959 1026 4026 aule
1050 3965 1159 4026 nostre
1183 3957 1486 4043 Viae-Oanoellarij,

360 4087 445 4134 anno
461 4065 628 4132 Dominioe
644 4065 886 4133 Inoernaoionis
902 4065 1074 4135 millesimo
1091 4065 1313 4134 ducentesimo
1329 4067 1489 4152 quinqua-

360 4175 485 4260 gesimo
503 4175 623 4261 quinto,
640 4175 744 4260 Regni
760 4183 868 4243 autem
884 4176 987 4244 nostri
1004 4197 1090 4244 anno
1107 4176 1277 4261 vigesimo.

358 4373 496 4440 (Erodetie
508 4371 681 4442 birhtrtyam
703 4391 721 4426 a
732 4371 905 4442 sarge-vitriis
924 4375 1151 4442 salyamastnoron
1164 4374 1278 4445 tnggott
1296 4373 1392 4441 posset
1413 4375 1485 4428 elvo-

615 4471 692 4527 snett,
705 4481 722 4517 a
734 4465 816 4516 budai
828 4467 879 4518 kir.
893 4467 1015 4518 kamarai
1028 4463 1217 4531 lsreltirban.)
1242 4529 1247 4538 ὑ
