3102 5160
559 371 712 473 geo—

80 574 132 653 lor,
155 570 322 650 Zourado,
350 569 484 637 Matheo
500 575 532 636 et
547 569 705 638 Miroslou
730 569 961 654 iobegionibus
977 569 1082 636 Oastri
1107 571 1199 636 Trin-

81 679 255 762 ebiuiensis,
284 673 457 761 quandam
474 675 577 762 ipsius
593 684 679 745 terre
698 675 892 762 particulam
908 677 953 745 ad
969 697 1036 761 eos,
1063 683 1098 742 ιιι
1114 675 1197 744 (liee-

79 785 153 870 bant,
168 785 241 852 iure
258 783 458 852 hereditario
474 783 689 870 pertinentem
705 785 773 851 suis
788 783 975 852 nitebantur
994 783 1106 851 usibus
1122 802 1197 852 uen-

78 893 185 960 dieare.
202 893 277 960 Nos
292 890 397 977 igitur
411 891 534 958 auditis
550 890 625 959 hino
641 898 674 958 et
689 889 767 958 inde
782 891 931 978 parcium
953 891 1139 978 propositis,
1156 890 1199 958 ad

79 999 273 1068 fundandam
290 1008 325 1068 et
343 998 555 1066 astruendam
570 998 786 1066 intencionem
812 999 955 1084 ipsomm
969 1003 1071 1066 testes
1086 999 1200 1066 indixi-

78 1127 136 1175 nus
151 1105 412 1196 produeendos;
438 1106 554 1192 quibus
569 1107 708 1174 termino
723 1105 887 1194 productis
903 1107 1083 1191 assignato,
1106 1114 1139 1176 et
1153 1127 1199 1176 rs·

78 1219 169 1304 ceptis
185 1217 336 1304 ipsorum
353 1214 632 1299 attestaeiouibus,
658 1216 737 1298 quia
752 1214 847 1282 nobis
863 1220 895 1282 et
911 1235 1021 1282 eorum
1037 1213 1133 1284 dictis
1158 1216 1199 1283 ds

7 1365 8 1372 κ
78 1325 192 1394 meritis
219 1344 322 1392 cause
337 1323 462 1410 liquido
487 1343 551 1391 non
576 1322 721 1411 patebat,
749 1323 792 1390 ad
811 1341 948 1390 examen
964 1322 1064 1390 duelli
1088 1331 1199 1410 partes

7 1477 8 1482 κ
77 1431 274 1499 decreuimus
295 1430 510 1516 iudicandas3
535 1432 582 1498 ita
606 1439 642 1498 ιιι
667 1449 724 1518 per
750 1431 1028 1499 concertacionem
1052 1430 1199 1518 pugilum

7 1587 8 1650 ,
76 1541 112 1606 ab
125 1547 267 1626 utraque
282 1547 378 1628 parte
393 1541 630 1628 productorum,
648 1559 711 1625 que
728 1541 873 1626 ipsarum
890 1541 924 1606 in
945 1539 1097 1608 habenda
1113 1548 1199 1608 terra

7 1659 8 1672 ¹
75 1647 135 1732 illa,
151 1665 253 1736 super
272 1669 340 1732 qua
355 1645 577 1716 controuersia
601 1647 718 1733 luerat,
743 1645 857 1733 pocior
881 1645 1049 1730 habeatur,
1070 1645 1198 1716 euiden-

75 1757 137 1822 eius
152 1755 360 1824 decernatur.
375 1753 534 1822 Adductis
550 1755 652 1840 igitur
667 1755 720 1821 die
736 1753 779 1821 ad
795 1755 856 1822 boe
880 1759 1000 1822 statuto
1025 1753 1199 1840 pugilibus,

7 1927 8 1950 ,
78 1862 192 1950 inipso
210 1881 392 1948 congressu
416 1861 509 1949 pugil
534 1861 714 1950 supradicti
729 1859 860 1928 Beoend
876 1859 1012 1928 Comitis
1037 1859 1071 1926 in
1098 1861 1200 1929 duelli

7 1951 8 2020 Ὗ
77 1970 223 2038 examine
240 1969 415 2037 uictoriam
441 1970 588 2053 obtinuit,
616 1969 728 2058 pugile
754 1969 858 2056 partis
884 1967 1019 2036 adverse
1035 1969 1198 2036 miserabi-

7 2101 8 2142 ι
75 2077 144 2144 liter
159 2077 401 2146 suceumbente.
429 2075 522 2144 Vnde
541 2097 599 2145 nos
626 2075 820 2163 prephatam
845 2084 964 2143 terram
990 2075 1119 2143 Becend
1139 2077 1197 2145 Oo-

77 2185 139 2251 miti
157 2183 426 2252 adiudicauimus
443 2181 621 2272 sepedicto,
646 2182 852 2268 presentibus
868 2183 988 2250 nostris
1004 2181 1198 2267 Baronibus,

75 2293 207 2378 quitum
226 2292 382 2376 aderant,
399 2291 493 2359 alteri
508 2291 595 2376 parti
610 2290 779 2358 sileneium
795 2289 1009 2376 imponentes,
1036 2299 1068 2358 et
1087 2311 1197 2358 secuu-

75 2399 144 2465 dum
159 2399 269 2485 Regni
286 2399 386 2466 nostri
406 2395 670 2468 consuetudinem
687 2417 773 2484 pena
795 2397 887 2485 dupli
911 2397 1197 2484 condempnantes.

75 2509 111 2573 Et
125 2525 167 2573 ne
183 2504 289 2590 narijs
315 2513 440 2573 etatum
464 2505 662 2593 temporibus
689 2505 737 2571 rei
753 2513 845 2590 geste
870 2506 972 2572 series
998 2505 1032 2571 in
1057 2503 1199 2570 recidiue

76 2614 254 2698 questionis
271 2613 458 2698 serupulum
483 2613 675 2699 elaberetur,
700 2619 846 2680 nostrum
863 2610 968 2679 eidem
991 2610 1198 2697 priuilegium

74 2719 292 2789 concessimus
307 2719 341 2787 in
357 2719 545 2788 memoriam
561 2725 772 2806 posterorum.
789 2719 911 2806 Elapso
928 2717 1060 2786 tandem
1075 2723 1197 2807 tempo-

73 2831 111 2896 ris
127 2828 292 2896 ourrieulo
319 2827 407 2895 idem
423 2827 553 2896 Becend
578 2828 622 2895 ad
637 2835 784 2896 nostram
809 2827 970 2895 aeoedens
994 2825 1198 2913 presenciam

72 2935 162 3004 nobis
179 2935 346 3003 humiliter
362 2935 568 3022 supplicarit,
593 2943 629 3002 ut
647 2955 720 3004 oum
736 2935 945 3022 priuilegium
964 2931 1045 3002 illud
1062 2954 1140 3002 casu
1156 2934 1200 3002 sit

73 3045 239 3127 amissum,
265 3061 308 3110 no
322 3043 455 3129 aliquod
471 3043 533 3111 sibi
559 3041 772 3131 preludieinm
799 3047 911 3130 posset
926 3043 1127 3130 inposterum
1144 3063 1198 3128 ge·

71 3151 186 3236 uereri,
213 3157 360 3217 nostrum
384 3150 593 3236 priuilegium
619 3147 683 3218 sibi
698 3147 878 3219 concedere
905 3147 1115 3236 dignaremur
1141 3149 1198 3218 ite-

7 3295 8 3340 ,
70 3267 157 3343 rato;
186 3265 219 3325 et
234 3257 314 3324 lieet
338 3264 472 3344 propter
498 3257 576 3326 lacti
592 3257 803 3327 retinenciam
828 3277 1015 3345 processum
1037 3277 1135 3327 cause
1160 3279 1200 3326 ac

7 3407 8 3468 ,
71 3365 187 3434 seriem
213 3365 399 3434 memoriter
424 3363 629 3450 haberemus,
654 3365 734 3452 quia
752 3375 862 3434 tamen
879 3367 965 3434 idem
993 3367 1199 3454 priuilegium

7 3479 8 3570 }
71 3471 217 3562 Capituli
231 3471 408 3541 Nitriensis
424 3473 468 3540 ad
483 3471 698 3542 remouendos
722 3471 827 3542 tocius
844 3473 1066 3559 ambiguitatis
1081 3473 1197 3559 nodos,

7 3583 8 3678 l
70 3583 94 3648 si
110 3581 221 3666 aliqui
237 3581 449 3666 exstitissent,
465 3585 575 3650 nostro
591 3583 778 3668 conspectui
794 3581 1005 3669 presentauit,
1026 3583 1113 3668 quod
1129 3583 1185 3668 qui

7 3679 8 3686 '
72 3689 140 3756 dem
157 3709 263 3777 super
287 3707 442 3777 processu
468 3689 572 3757 toeim
597 3689 726 3774 negoeij
753 3685 888 3756 euidens
914 3688 1005 3755 dabit
1030 3709 1200 3774 argumen-

68 3803 139 3884 tum,
166 3805 203 3866 et
218 3818 261 3865 ne
276 3815 336 3884 per
351 3795 426 3864 illos
442 3815 501 3864 seu
527 3797 691 3881 quoslibet
706 3795 790 3865 alios
816 3797 848 3864 in
874 3802 1039 3884 posterum
1065 3797 1201 3863 oriretur

7 3969 8 3984 ι
75 3907 247 3996 scrupulus
257 3903 401 3974 recidiue
416 3903 605 3989 questionis,
619 3905 662 3970 ad
678 3903 904 3972 certitudinem
916 3905 1056 3973 omnium
1068 3903 1201 3989 premis.

68 4037 176 4085 sorum
202 4017 320 4084 iterato
346 4013 475 4082 litteras
500 4021 629 4082 nostras
657 4013 886 4096 concessimus,
914 4011 1075 4098 duppliois
1102 4009 1204 4097 sigilli

69 4125 168 4192 nostri
177 4123 373 4191 muniminer
383 4124 546 4190 oboratas.
563 4123 684 4189 Datum
695 4141 780 4188 anno
796 4120 908 4205 gracie
919 4121 963 4186 Ιιιο
974 4116 1039 4188 000
1050 4119 1121 4188 XL⁰
1131 4137 1202 4206 sep·

67 4234 136 4302 timo
153 4233 201 4301 X⁰
220 4229 387 4298 kalendas
403 4229 494 4315 Julij,
511 4229 616 4314 Regni
632 4235 741 4299 autem
756 4228 860 4297 nostri
883 4247 969 4296 anuo
1002 4227 1202 4296 duodecimo.

77 4416 215 4478 (Ercdetie
228 4409 406 4480 bdrbtrtydu,
420 4411 532 4476 melyrdl
546 4408 720 4478 vitriis-sdrge
743 4411 967 4476 selyemuslnoron
981 4407 1101 4476 abirdly
1114 4411 1203 4463 kettds

68 4504 240 4572 pousdtjdnek
253 4503 384 4570 negyobb
405 4499 478 4552 rdsne
491 4499 553 4568 meg
575 4503 651 4568 sltgg,
675 4516 691 4551 a
715 4516 803 4556 nemu.
821 4516 944 4551 muscum
957 4482 1200 4552 kbziratttrtban.)

510 4723 767 4736 *uu-fl*
