3112 5148
561 317 711 423 Ψ.

72 525 309 588 mteecssornm
334 527 521 588 nostrorum
535 517 660 604 Regiae
680 518 829 587 Coronae
848 518 1003 586 exhibere
1027 536 1199 586 consueve-

71 637 133 696 runt
141 627 326 714 indefesse,
342 633 550 696 occurrerunt
561 627 655 696 nobis
672 627 851 694 iiiariteret
866 626 1002 694 iocunde
1023 645 1094 693 eum
1112 626 1199 694 omni

70 743 227 824 sppsrctn
242 733 354 803 iendis
367 742 401 803 et
415 735 641 821 solemnitatis,
659 740 692 802 et
702 735 888 802 obtulerunt
897 732 1062 801 humiliter
1078 735 1198 822 omnic,

70 865 145 930 quse
169 846 331 913 honorem
350 851 495 912 nostrum
515 842 686 930 decebant,
703 863 759 912 ore
774 850 807 910 et
823 863 921 930 opere
935 849 1082 910 nostrum
1097 842 1199 910 domi·

72 954 152 1019 nium
169 957 382 1039 reuerentes,
410 955 466 1036 qui
495 951 594 1019 etiam
613 972 672 1020 nos
697 957 765 1019 tam
788 951 963 1021 honorifice
977 957 1148 1036 susceptos
1164 951 1199 1017 in

69 1060 130 1128 eris
144 1059 402 1144 municionibus,
429 1058 526 1128 simul
545 1080 618 1126 cum
643 1060 763 1126 nostris
778 1058 937 1146 pluribus,
957 1057 1013 1144 qni
1029 1059 1070 1126 de
1085 1063 1198 1145 Regno

70 1167 258 1252 Hungurice
273 1165 858 1236 etScleuoniueeiecieTsrterorum
873 1167 1063 1252 effugerent,
1080 1165 1199 1234 diutius

70 1275 259 1360 detinentes,
276 1275 588 1343 administrcuerunt
611 1276 705 1343 nobis
729 1276 832 1343 multe
847 1281 880 1342 et
894 1295 959 1343 non
976 1275 1104 1344 modice
1123 1273 1201 1340 deli·

71 1383 188 1452 cturum
205 1403 341 1470 genere,
366 1386 416 1452 ite
431 1383 518 1468 quod
536 1385 663 1469 ubsque
687 1385 847 1471 parcitate
864 1387 980 1451 ennete
996 1383 1199 1468 exhibentes,

71 1513 129 1560 nen
145 1492 256 1559 solum
271 1492 378 1577 nobis,
404 1511 516 1559 verum
532 1491 703 1576 uniuersis,
731 1491 785 1574 qui
801 1491 969 1561 nobiseum
986 1490 1199 1577 aduenerant,

72 1607 159 1666 mute
174 1599 386 1668 liberalitatis
398 1620 499 1686 operc
513 1599 749 1688 impenderunt,
767 1599 930 1684 quodiam
940 1599 1056 1666 merito
1071 1621 1136 1668 non
1151 1619 1200 1668 so·

71 1707 132 1774 lum
147 1707 276 1793 fideles,
303 1706 362 1775 sed
381 1707 563 1776 fidelissimi
579 1715 729 1795 poterunt
745 1707 917 1794 appellari.
941 1708 1011 1775 Nos
1026 1708 1138 1793 itaque
1151 1715 1200 1776 tot

70 1823 98 1882 ct
111 1815 217 1884 tentis
232 1815 378 1902 ipsorum
401 1815 547 1900 seruicijs
563 1821 597 1884 et
619 1815 777 1884 fidelitate
799 1815 907 1904 potius
923 1813 1140 1900 considerate,
1158 1835 1199 1882 ex

71 1925 172 2011 Regis
195 1924 418 1993 munificentie
443 1921 612 2011 prouidere
637 1922 852 2012 intendentes,
880 1931 947 1991 tum
963 1923 1042 2009 quio
1066 1928 1199 2010 propter

73 2055 179 2102 eorum
204 2031 373 2102 fidelitatis
399 2031 548 2100 meritum
575 2031 737 2116 quaedam
757 2031 881 2100 iisdem'
897 2032 1024 2100 ciuibus
1049 2032 1092 2098 ab
1108 2037 1198 2098 unte-

75 2141 258 2212 cessoribus
280 2139 403 2210 nostris
426 2139 556 2208 inerunt
570 2160 737 2226 concesse,
761 2146 829 2206 tum
847 2140 924 2226 quie
940 2141 1074 2209 affectus
1100 2147 1133 2207 et
1148 2161 1199 2208 vo·

75 2249 178 2316 luntas
204 2248 335 2333 gratioe
357 2253 490 2316 nostrae
505 2265 586 2331 erge
602 2247 690 2333 ipsos
707 2246 791 2316 cdeo
807 2247 996 2334 incaluerat,
1019 2249 1105 2333 quod
1121 2268 1201 2315 mer-

75 2357 150 2424 cede
175 2356 290 2424 debite
313 2375 424 2423 carere
448 2375 513 2424 non
529 2361 688 2443 peterent,
714 2353 799 2422 sicut
821 2373 881 2422 nec
907 2355 1053 2440 decebat,
1079 2354 1201 2423 eisdem

74 2465 309 2534 libertatemnb
320 2465 581 2534 antecessoribus
597 2465 716 2534 nostris
733 2483 931 2548 concessam,
948 2465 1032 2532 sicut
1046 2463 1121 2549 ipsc
1135 2463 1199 2548 pri-

75 2574 193 2658 uilegic
218 2574 435 2658 metebantur,
461 2572 612 2640 duximus
631 2569 900 2657 concernendam,
931 2570 1144 2638 concedentes
1169 2576 1202 2638 et

75 2683 215 2752 imeres
231 2703 291 2771 per
306 2689 455 2751 sanctem
472 2702 599 2750 crucem
616 2687 648 2749 et
663 2687 873 2750 sacrosancte
883 2679 1067 2765 Euangeliou
1082 2677 1200 2764 omnin,

75 2813 153 2877 quse
177 2791 428 2875 subsequuntur,
456 2789 643 2874 diligentius
659 2791 846 2858 observare.
872 2786 1034 2856 Videlicet
1049 2787 1137 2872 quod
1152 2787 1200 2856 tir·

77 2921 158 2967 marn
174 2917 302 2986 paoem,
319 2904 440 2965 sutum
456 2897 680 2964 ctiibertctem
697 2896 840 2983 ipsorum
850 2895 1012 2981 integram
1029 2913 1199 2964 conserua·

76 3009 188 3092 bimus,
204 3007 407 3074 eticciemus
417 3004 544 3090 abniijs
554 3005 759 3090 conseruari3
776 3003 977 3090 Episcopum
987 3002 1198 3088 etGomitem,

78 3136 166 3202 quem
182 3114 300 3182 (iterus
316 3120 350 3180 et
363 3113 504 3200 populus
520 3111 561 3179 de
577 3111 738 3179 communi
754 3129 915 3180 consensu
930 3110 1110 3197 ellegerint,
1136 3117 1200 3180 stu·

78 3225 221 3294 debimus
235 3223 435 3292 confirmare.
451 3219 678 3307 Etlegcipsos
688 3220 867 3305 antiquitus
883 3220 1138 3290 constitutscum
1148 3220 1202 3288 Ju-

78 3334 142 3401 dice
158 3333 309 3419 ipsorum
332 3330 380 3398 uti
395 3331 628 3418 permittemus,
654 3350 765 3398 eorum
781 3329 814 3398 in
830 3331 919 3398 nullo
936 3326 1202 3398 consuetudinem

78 3443 303 3526 infringentes.
331 3439 481 3507 Ceterum
500 3439 667 3524 rollumus,
693 3440 780 3524 quod
796 3438 971 3508 secundum
988 3439 1202 3527 approbatum

77 3551 217 3638 ipsorum
244 3547 510 3616 consuetudinem
535 3547 576 3614 de
600 3547 740 3634 tributis,
766 3567 830 3632 que
846 3547 886 3615 de
902 3547 1132 3616 mercatoribus
1149 3565 1202 3614 en·

77 3658 197 3726 trsneis
213 3657 249 3724 in
265 3656 421 3744 portubus
437 3665 470 3722 ct
486 3655 589 3742 portis
605 3655 755 3723 Ciuitatis
771 3655 975 3743 proueniunt,
992 3656 1077 3724 duee
1092 3663 1203 3742 partes

76 3767 166 3836 nobis
190 3764 408 3851 recipiantur,
434 3763 531 3830 tertie
556 3784 633 3832 vero
659 3783 737 3850 pare
763 3761 891 3848 comiti,
921 3770 954 3830 et
975 3763 1102 3830 decime
1125 3783 1203 3849 pers

77 3877 241 3962 Episcopo
253 3871 405 3940 Ciuitatis
421 3870 546 3956 ubsque
556 3869 770 3939 diminutione
781 3872 928 3958 qualibet
945 3871 1126 3955 colligetur,
1144 3869 1204 3938 sed

77 3985 161 4050 ciues
175 3981 286 4069 ipsius
303 3979 453 4047 Ciuitatis
470 3983 511 4047 ab
528 3980 615 4046 amni
631 3979 807 4046 exaccione
832 3978 946 4046 tributi
962 3977 1055 4046 liberi
1070 3977 1136 4046 sint
1149 3998 1204 4065 pe·

74 4091 157 4158 nitus
174 4095 207 4156 ct
224 4087 379 4173 exempti
396 4085 445 4154 Ad
462 4087 524 4154 hoo
540 4087 654 4154 cumin
666 4085 865 4174 praedictum
886 4084 1060 4152 Ciuitatem
1075 4105 1134 4171 pro
1150 4073 1211 4152 ne·'

74 4201 170 4283 gotijs
181 4193 291 4281 Regni
306 4193 487 4262 tractandis
503 4195 555 4260 vol
571 4213 650 4262 casu
660 4195 806 4278 quolibet
821 4192 1064 4276 accesserimus,
1081 4191 1204 4259 nemini

73 4307 189 4372 ciuium
201 4304 254 4371 vis
271 4301 441 4369 domorum
451 4319 583 4369 suerum
592 4321 650 4390 per
666 4303 852 4390 quempiam
868 4321 910 4368 cx
926 4299 1095 4370 nobiscnm
1108 4297 1204 4368 sdve-

73 4413 239 4481 uientibus
254 4411 426 4496 inferatur,
452 4411 510 4478 sed
535 4411 580 4496 hy
599 4417 725 4478 tentum
740 4412 883 4498 ipsorum
900 4409 1015 4480 domos
1030 4407 1203 4493 introeunt,

74 4545 152 4608 quos
168 4541 283 4590 eorum
293 4519 426 4588 dileetio
436 4518 566 4588 duxerit
575 4519 802 4588 admittendos.
821 4519 927 4588 Nobis
937 4518 1036 4586 etiem
1047 4519 1204 4585 cutBunu

12 4709 13 4712 Ἴ
73 4655 127 4720 pro
143 4642 295 4718 tempore
321 4627 496 4696 constituto
519 4627 600 4694 nihil
627 4628 669 4696 ab
692 4629 775 4716 ipsis
793 4627 920 4694 ciuibus
939 4625 1069 4694 nomine
1094 4623 1203 4692 tributi
