3112 5148
772 339 926 442 joe-

284 540 434 608 omnibus
450 539 566 607 diebus
593 539 660 606 suis
676 538 772 607 nobis
787 537 928 606 fideliter
944 537 1121 621 seruiendi‚
1140 556 1201 604 nos
1217 537 1249 604 ei
1262 537 1296 604 in
1311 556 1424 604 remu·
1545 533 1548 574 ³

282 649 488 718 neracionem
504 668 562 716 sue
576 647 744 716 fidelitatis
760 653 792 714 et
807 645 937 731 seruicij
963 644 1130 730 quandam
1144 652 1267 714 terram
1282 645 1422 715 Meffrilr
1540 643 1548 686 ³

284 759 355 828 sine
370 757 489 825 herede
516 754 713 841 decedentis,
731 755 891 824 Rakouch
904 755 1046 840 nomine,
1070 755 1169 822 sitam
1185 755 1219 822 in
1243 754 1424 842 prouincia
1541 755 1548 796 -'

285 864 520 934 Thurochiensi
530 864 734 948 contulimus,
756 863 862 931 sibiet
876 863 1423 952 persesnisheredibusperpetuo
1547 863 1549 908 ³

284 971 529 1060 possidendam.
548 974 586 1039 ln
600 970 692 1038 cuins
708 976 793 1038 terre
803 971 1041 1056 possessionem
1057 991 1117 1058 per
1132 969 1260 1039 fidelem
1269 976 1424 1037 nostrum

286 1081 409 1158 Thetus
425 1079 585 1150 Comitem
609 1081 717 1166 ipsum
732 1078 869 1147 fecimus
885 1078 1058 1148 introduci.
1084 1077 1185 1147 (luins
1201 1085 1286 1146 terre
1308 1077 1424 1164 prima

286 1194 375 1256 meta
389 1188 503 1274 incipit
518 1208 539 1254 e
554 1192 649 1275 perte
664 1186 839 1273 aquilonis,
865 1187 922 1254 vbi
938 1184 1028 1254 cadit
1042 1187 1216 1254 Blatnicha
1231 1185 1265 1251 in
1280 1184 1424 1252 fluuium

288 1295 414 1381 Torch3
440 1295 517 1363 inde
541 1315 619 1364 vero
647 1293 795 1364 ascendit
818 1314 878 1381 per
904 1293 1044 1362 eundem
1068 1293 1201 1362 flnuinm
1225 1293 1269 1361 ad
1288 1300 1425 1380 partem
1543 1309 1549 1348 '1

288 1401 480 1470 orientalem
505 1420 608 1486 vsqne
624 1399 667 1468 ad
693 1400 828 1468 fluuium
853 1401 956 1486 Ribc3
982 1408 1015 1468 et
1033 1420 1092 1488 per
1117 1400 1255 1468 eundem
1280 1400 1424 1468 fluuium
1544 1425 1550 1464 r

288 1509 436 1579 ascendit
461 1509 505 1577 ad
520 1515 645 1596 partem
661 1508 917 1594 meridionalem,
945 1515 977 1578 et
993 1508 1039 1576 ibi
1054 1517 1104 1577 est
1119 1515 1207 1577 meta
1230 1514 1339 1577 terrea
1352 1509 1424 1576 snb

288 1616 430 1704 quadam
446 1616 564 1684 arbore
579 1621 668 1684 virdo
677 1615 781 1705 scapi
796 1623 933 1702 vocata;
950 1615 1028 1684 inde
1045 1636 1121 1685 vero
1137 1617 1180 1684 ad
1195 1622 1321 1704 partem
1333 1617 1423 1684 oeci·
1547 1637 1550 1680 r

290 1727 466 1811 emonem,
491 1731 524 1792 et
538 1724 584 1792 ibi
601 1730 651 1792 est
666 1730 754 1792 meta
769 1725 830 1792 sub
846 1724 964 1794 arbore
980 1727 1070 1812 borsa
1085 1731 1220 1810 vocata3
1245 1725 1323 1792 inde
1337 1743 1425 1794 nero
1549 1753 1550 1792 l

289 1831 394 1902 tendit
408 1833 452 1900 ad
467 1851 565 1900 vnum
581 1832 793 1900 monticulum
812 1835 929 1902 iradelc
944 1842 1113 1919 voeatnm;
1135 1839 1167 1900 et
1182 1830 1259 1900 inde
1272 1832 1359 1900 cadit
1373 1831 1426 1900 ad
1549 1863 1550 1900 1

291 1939 412 2008 dictum
427 1939 562 2007 fluuium
578 1941 696 2024 anch,
722 1947 755 2008 et
770 1941 818 2008 sie
843 1941 1034 2010 terminatur
1059 1941 1103 2009 nd
1120 1941 1261 2029 priorem
1286 1947 1423 2008 metam.
1547 1981 1550 2011 ;

290 2051 333 2116 Vt
348 2055 458 2116 autem
474 2047 534 2115 hec
549 2053 663 2116 nostre
679 2044 819 2116 donacio
835 2049 931 2118 seina
946 2069 1073 2138 semper
1089 2055 1122 2117 et
1137 2050 1331 2118 inconcussa
1346 2066 1425 2134 per·
1549 2079 1551 2114 r

291 2163 433 2242 maneat,
458 2174 519 2222 nec
534 2155 601 2223 vllo
617 2173 759 2239 vnqnam
775 2162 922 2244 tempore
939 2157 1044 2244 possit
1063 2157 1097 2224 in
1113 2158 1239 2227 irritum
1259 2157 1424 2244 reuocari,

291 2271 460 2352 presentes
486 2261 593 2331 eidem
609 2263 829 2332 concessimus
854 2265 982 2334 litteras
1009 2266 1171 2354 dupplicis
1196 2266 1299 2352 sigilli
1317 2267 1426 2335 nostri

291 2371 470 2442 munimine
486 2370 667 2439 roboratas.
692 2374 787 2441 Anno
803 2374 914 2458 gracie
929 2373 1062 2442 Domini
1081 2373 1255 2442 millesimo
1271 2374 1426 2442 ducente·
1548 2411 1551 2452 2

291 2483 373 2551 simo
398 2479 648 2568 quadragesimo
672 2486 787 2564 quarto
813 2483 854 2551 X.
884 2479 1046 2550 kalendas
1066 2481 1281 2568 Nouembris,
1313 2483 1426 2568 Regni
1549 2519 1551 2560 ;

294 2597 403 2659 autem
418 2589 521 2660 nostri
538 2609 624 2658 anno
642 2587 777 2658 decimo.

295 2785 473 2854 (Hitelesitett
484 2786 652 2850 mdsolatbdl,
662 2789 733 2856 moly
742 2791 798 2842 tek.
808 2790 947 2858 Beniealry
957 2787 1063 2842 Mirton
1072 2787 1260 2844 levdltdriban
1271 2789 1426 2844 Pribdcson

643 2879 748 2932 Turdca
761 2879 912 2948 megydben
925 2877 1073 2948 drintetilc)

819 3611 896 3680 loc.

296 3793 319 3857 Ι
324 3791 356 3858 V.
375 3792 455 3859 Boia
479 3793 584 3879 lrirrily
599 3791 668 3859 Feta
683 3795 816 3878 adprdbi
824 3799 954 3881 propert
967 3803 998 3860 e'a
1014 3800 1148 3863 ramera
1173 3799 1321 3864 szdordro
1339 3822 1426 3887 orep-

403 3903 507 3968 erdsiti
521 3925 542 3966 a
556 3898 679 3988 Heprse
689 3901 821 3969 btrekoc
829 3903 913 3968 sclao·
920 3901 1196 3991 jopositodrrpolrat
1216 3905 1313 3971 1244.

401 4095 441 4164 In
457 4096 587 4166 nomine
603 4097 724 4166 Sancte
736 4097 908 4166 finiatis
924 4104 958 4167 ot
973 4097 1148 4167 indiuiduo
1164 4101 1315 4171 Vnitstis.
1341 4102 1428 4171 Bela

296 4205 359 4272 Dei
375 4205 488 4290 gracia
502 4203 680 4292 Brugetia,
706 4205 887 4292 Dalmaeie,
905 4205 1051 4293 Oroade,
1068 4208 1181 4292 Rame,
1205 4209 1329 4295 Seruio,
1346 4207 1426 4278 (ial-

295 4311 382 4396 licie,
407 4310 601 4380 Lodomerie
616 4310 837 4400 Gumanieqne
862 4315 933 4383 Rex
948 4315 1109 4384 vniuersis
1126 4314 1247 4384 Christi
1271 4315 1426 4385 fidelibus

295 4439 432 4510 presens
446 4420 600 4507 seriptum
615 4421 810 4510 inspecturis
825 4423 965 4492 salutem
980 4431 1013 4492 et
1028 4444 1124 4492 omne
1140 4425 1269 4494 bonnm.
1296 4427 1427 4493 Tenere

296 4527 500 4615 presencium
509 4530 670 4599 vnlnersis
680 4533 829 4601 volumus
838 4533 908 4600 fieri
920 4531 1137 4620 manifestum,
1148 4533 1235 4620 qnod
1245 4553 1318 4602 cnm
1328 4552 1426 4620 qnas-

298 4633 375 4702 dam
399 4634 634 4720 possessiones,
660 4655 722 4720 qne
738 4639 781 4708 ob
796 4657 949 4724 magnam
963 4647 998 4710 et
1012 4641 1172 4713 notoriam
1196 4639 1423 4712 infidelitatem
