3134 5158
768 383 778 396 .
826 288 975 393 ..sm

339 486 380 554 de
396 485 534 572 Teluly,
552 485 640 558 tilius.
652 485 811 571 siluestri,
837 495 870 554 et
885 487 945 573 filij
962 486 1115 552 Martelli.
1132 488 1170 553 In
1187 486 1280 554 ouius
1305 486 1355 552 rei
1379 485 1471 552 testi-

340 596 480 663 monium
495 601 663 681 presentes
679 595 802 662 eisdem
817 595 974 662 fratribus
995 596 1217 664 concessimus
1232 595 1362 662 litterus
1378 594 1472 678 sigil-

338 703 442 769 lorum
467 708 647 770 nostrornm
672 702 849 768 munimine
879 701 1061 768 roboratas.
1094 704 1215 769 Datum
1240 723 1326 770 anno
1352 703 1471 787 gracie

338 809 677 896 M⁰cc⁰L111⁰‚ssxt0
694 811 855 878 kalendas
872 810 973 896 Junij,
1000 830 1085 877 anno
1102 817 1211 878 antem
1228 811 1334 894 Regni
1359 811 1470 877 nostri

337 919 463 986 decimo
486 923 612 986 octauo.

336 1116 472 1182 (Eredetie
485 1114 663 1183 bb'rhdrtyaln‚
683 1118 824 1184 melyrdlu
843 1115 933 1184 kirdly
951 1115 1126 1184 peesdtjbnelr
1139 1114 1267 1170 toredelre
1286 1114 1469 1183 verbs-suirgn

479 1207 703 1274 selyemusindrou
717 1209 793 1274 sugg,
806 1223 824 1259 a
836 1209 916 1260 bndai
930 1209 982 1259 lrir.
996 1209 1118 1259 kamarai
1128 1203 1317 1274 levdltdrbau.)

764 1487 1027 1500 m

861 1945 937 2012 245.

333 2123 393 2189 IV.
419 2123 497 2188 Belo
519 2123 624 2209 la'rdly
648 2129 821 2210 aceperdsr'tt'
846 2125 930 2191 Burs
954 2125 1183 2191 lrdlvdrosdnulr
1211 2125 1464 2211 prt'oilepo'urrrcit.

846 2232 943 2297 1253.

448 2428 530 2495 Belo
554 2427 616 2494 Dei
642 2429 755 2514 gradu
770 2427 947 2514 Hungarie,
964 2427 1143 2515 Dalmatis,
1170 2425 1316 2512 Groaeie,
1341 2426 1460 2506 Reme,

330 2537 454 2622 Seruis,
471 2535 612 2605 Gallicis
629 2536 820 2605 Lodomerie
836 2535 1058 2618 Cumanieque
1073 2537 1143 2603 Rex
1163 2537 1311 2602 omnibus
1328 2553 1461 2620 presen-

330 2653 395 2711 tem
411 2647 568 2732 paginam
592 2643 786 2730 inspecturis
802 2643 941 2710 salutem
957 2643 991 2710 in
1006 2642 1149 2712 omnium
1168 2645 1342 2711 salumore.
1375 2639 1461 2708 Ornr

331 2753 365 2818 in
375 2753 581 2819 multitudine
592 2751 698 2836 plebis
715 2751 817 2818 bonor
825 2749 925 2836 Regis
936 2756 970 2817 et
984 2751 1090 2836 gloria
1098 2751 1303 2836 attendatur3
1320 2749 1461 2833 dignum

331 2866 391 2943 est,
408 2864 442 2924 et
457 2859 544 2927 omni
560 2859 713 2927 conuenit
722 2859 855 2946 rosioni,
873 2857 921 2925 sie
935 2858 979 2924 ad
995 2858 1071 2926 illos
1087 2879 1220 2926 manum
1232 2857 1460 2926 misericordie

330 2966 515 3052 extendere,
534 2971 568 3033 ut
583 2966 725 3053 populns
741 2967 806 3034 sibi
821 2967 966 3034 seruiens
986 2985 1119 3033 numero
1136 2985 1265 3052 semper
1283 2970 1316 3032 et
1330 2965 1460 3032 viribus

330 3083 499 3160 augeatur.
527 3073 580 3140 Ad
605 3074 828 3143 uniuersorum
853 3073 952 3159 igitur
977 3073 1134 3142 noticiam
1160 3084 1227 3142 tam
1251 3074 1459 3162 presencium

329 3201 427 3266 quarn
442 3181 620 3248 futurorum
643 3182 758 3248 herum
783 3181 867 3249 serie
882 3181 1030 3248 volumus
1046 3181 1228 3268 peruenire,
1253 3180 1340 3264 qnod
1364 3199 1460 3248 uece-

328 3291 442 3358 dentes
453 3291 486 3357 in
497 3298 640 3358 nostram
656 3291 860 3378 presencium
877 3289 1021 3376 hospites
1041 3291 1143 3364 nostri
1158 3291 1192 3358 in
1207 3291 1360 3359 suburbio
1370 3290 1457 3358 Bors

329 3398 516 3482 existentes,
533 3400 699 3482 conquesti
714 3406 791 3466 sunt
806 3397 911 3482 nobis,
939 3403 972 3464 vt
987 3417 1061 3466 cum
1076 3399 1284 3484 priuilegium
1307 3399 1456 3484 ipsorum

327 3524 425 3592 super
440 3504 544 3572 forme
556 3505 715 3574 libertatis
732 3509 887 3593 ipsorum,
906 3505 1037 3574 anobis
1053 3511 1129 3573 ante
1145 3507 1323 3575 aduentum
1337 3507 1460 3574 Tarta-

327 3631 435 3679 rorum
451 3631 650 3698 eoncessum,
668 3621 813 3700 tempore
828 3612 1068 3700 persecucienis
1083 3615 1295 3684 Tartoromm
1318 3613 1353 3681 in
1372 3612 1458 3698 lnge

327 3723 395 3788 ism
403 3727 565 3790 vetustate
581 3731 806 3807 consumptum
816 3721 940 3789 eisdem
957 3741 1115 3789 renouare
1130 3721 1350 3806 dignaremur.
1368 3721 1457 3801 Quo-

325 3851 396 3898 rum
408 3851 466 3898 nos
476 3830 692 3915 peticionibus
707 3831 803 3898 iustis
814 3829 1006 3897 satisfacere
1016 3831 1173 3916 solentes,
1190 3830 1310 3898 dictum
1320 3829 1460 3918 priuile-

327 3939 417 4022 gium
432 3939 511 4006 moti
522 3937 745 4006 misericordia
760 3937 911 4006 duximus
921 3937 1150 4008 renouandum.
1169 3939 1270 4008 cuius
1285 3938 1455 4026 priuilegij

324 4054 418 4114 tenor
432 4045 511 4112 talis
534 4051 603 4113 est:

432 4151 514 4219 Belo
524 4153 587 4222 stb.
604 4149 818 4241 (ktretkenik
835 4153 1045 4240 abiralynalr
1057 4153 1193 4226 tatoli
1208 4153 1454 4242 privileginma,

325 4259 406 4327 mint
420 4260 553 4328 ientebb
569 4264 623 4328 65.
639 4281 684 4328 sn.
700 4259 748 4345 a.)

433 4367 477 4434 Ut
492 4367 591 4452 igitur
616 4367 677 4437 bec
694 4369 919 4439 renouacionis
945 4369 1046 4440 series
1072 4377 1228 4458 perpetue
1246 4372 1344 4439 robur
1367 4370 1455 4439 obti-

325 4479 403 4539 neat
417 4473 589 4556 firmitatis,
605 4485 779 4563 presentes
789 4478 913 4546 litteras
929 4481 1150 4548 concessimus
1170 4479 1330 4566 dupplieis
1345 4481 1454 4563 sigilli

324 4581 427 4648 nostri
451 4583 628 4653 munimine
653 4586 833 4658 roboratas.
859 4590 980 4657 Datum
1006 4611 1093 4658 anno
1112 4590 1245 4658 Domini
1270 4590 1447 4656 millesimo
