<?xml version="1.0" encoding="UTF-8"?>
<!DOCTYPE html PUBLIC "-//W3C//DTD XHTML 1.0 Transitional//EN"
    "http://www.w3.org/TR/xhtml1/DTD/xhtml1-transitional.dtd">
<html xmlns="http://www.w3.org/1999/xhtml" xml:lang="en" lang="en">
 <head>
  <title>
</title>
<meta http-equiv="Content-Type" content="text/html;charset=utf-8" />
  <meta name='ocr-system' content='tesseract 3.04.00' />
  <meta name='ocr-capabilities' content='ocr_page ocr_carea ocr_par ocr_line ocrx_word'/>
</head>
<body>
  <div class='ocr_page' id='page_1' title='image "./codexdiplomatic15wenzgoog_0304.png"; bbox 0 0 3102 5160; ppageno 0'>
   <div class='ocr_carea' id='block_1_1' title="bbox 618 867 695 937">
    <p class='ocr_par' dir='ltr' id='par_1_1' title="bbox 618 867 695 937">
     <span class='ocr_line' id='line_1_1' title="bbox 618 867 695 937; baseline 0 -1"><span class='ocrx_word' id='word_1_1' title='bbox 618 867 695 937; x_wconf 79' lang='lat'>185.</span> 
     </span>
    </p>
   </div>
   <div class='ocr_carea' id='block_1_2' title="bbox 102 1049 1221 1344">
    <p class='ocr_par' dir='ltr' id='par_1_2' title="bbox 102 1049 1221 1344">
     <span class='ocr_line' id='line_1_2' title="bbox 104 1049 1221 1137; baseline 0 -23"><span class='ocrx_word' id='word_1_2' title='bbox 104 1049 123 1114; x_wconf 79' lang='grc' dir='ltr'><em>Ι</em></span> <span class='ocrx_word' id='word_1_3' title='bbox 127 1049 152 1115; x_wconf 84' lang='lat' dir='ltr'><strong>V.</strong></span> <span class='ocrx_word' id='word_1_4' title='bbox 172 1051 259 1116; x_wconf 78' lang='lat' dir='ltr'><strong>lucae</strong></span> <span class='ocrx_word' id='word_1_5' title='bbox 283 1051 373 1136; x_wconf 82' lang='lat' dir='ltr'><strong>pu&#39;pu</strong></span> <span class='ocrx_word' id='word_1_6' title='bbox 389 1049 508 1114; x_wconf 81' lang='lat' dir='ltr'><strong>Duns&#39;cl</strong></span> <span class='ocrx_word' id='word_1_7' title='bbox 531 1051 684 1136; x_wconf 76' lang='lat' dir='ltr'><strong>pulicaioc&#39;</strong></span> <span class='ocrx_word' id='word_1_8' title='bbox 701 1049 818 1137; x_wconf 66' lang='lat' dir='ltr'><strong>lmudlyt</strong></span> <span class='ocrx_word' id='word_1_9' title='bbox 833 1050 959 1135; x_wconf 59' lang='lat' dir='ltr'><strong>folleat,</strong></span> <span class='ocrx_word' id='word_1_10' title='bbox 985 1052 1064 1137; x_wconf 71' lang='lat' dir='ltr'><strong>kopp</strong></span> <span class='ocrx_word' id='word_1_11' title='bbox 1089 1074 1109 1115; x_wconf 86' lang='lat' dir='ltr'><strong>a</strong></span> <span class='ocrx_word' id='word_1_12' title='bbox 1124 1056 1221 1114; x_wconf 79' lang='lat' dir='ltr'><strong>ue&#39;mst</strong></span> 
     </span>
     <span class='ocr_line' id='line_1_3' title="bbox 102 1157 1217 1245; baseline 0.003 -25"><span class='ocrx_word' id='word_1_13' title='bbox 102 1159 169 1223; x_wconf 79' lang='lat' dir='ltr'><strong>racd</strong></span> <span class='ocrx_word' id='word_1_14' title='bbox 184 1159 322 1245; x_wconf 73' lang='lat' dir='ltr'><strong>locuqait</strong></span> <span class='ocrx_word' id='word_1_15' title='bbox 336 1161 477 1236; x_wconf 69' lang='lat' dir='ltr'><strong>e&#39;rreor&#39;us,</strong></span> <span class='ocrx_word' id='word_1_16' title='bbox 502 1158 545 1222; x_wconf 76' lang='lat' dir='ltr'><strong>Ita</strong></span> <span class='ocrx_word' id='word_1_17' title='bbox 568 1182 588 1222; x_wconf 89' lang='lat' dir='ltr'><strong>u</strong></span> <span class='ocrx_word' id='word_1_18' title='bbox 609 1158 730 1223; x_wconf 72' lang='lat' dir='ltr'><strong>rotoma</strong></span> <span class='ocrx_word' id='word_1_19' title='bbox 753 1157 1041 1244; x_wconf 71' lang='lat' dir='ltr'><strong>lrcc’eszte‘uyfdldcu</strong></span> <span class='ocrx_word' id='word_1_20' title='bbox 1065 1162 1148 1223; x_wconf 70' lang='lat' dir='ltr'><strong>iduus‘</strong></span> <span class='ocrx_word' id='word_1_21' title='bbox 1171 1159 1217 1222; x_wconf 79' lang='lat' dir='ltr'><strong>lue-</strong></span> 
     </span>
     <span class='ocr_line' id='line_1_4' title="bbox 528 1264 777 1344; baseline 0.016 -18"><span class='ocrx_word' id='word_1_22' title='bbox 528 1265 662 1344; x_wconf 63' lang='lat' dir='ltr'><strong>oculosa,</strong></span> <span class='ocrx_word' id='word_1_23' title='bbox 683 1264 777 1330; x_wconf 74' lang='lat'><strong><em>1248.</em></strong></span> 
     </span>
    </p>
   </div>
   <div class='ocr_carea' id='block_1_3' title="bbox 86 1459 1258 2834">
    <p class='ocr_par' dir='ltr' id='par_1_3' title="bbox 86 1459 1258 2834">
     <span class='ocr_line' id='line_1_5' title="bbox 193 1459 1217 1546; baseline 0 -18"><span class='ocrx_word' id='word_1_24' title='bbox 193 1460 404 1528; x_wconf 90' lang='lat' dir='ltr'><strong>Innocentius</strong></span> <span class='ocrx_word' id='word_1_25' title='bbox 423 1459 607 1546; x_wconf 77' lang='lat' dir='ltr'>Episcopus</span> <span class='ocrx_word' id='word_1_26' title='bbox 633 1477 747 1527; x_wconf 83' lang='lat' dir='ltr'><strong>sersus</strong></span> <span class='ocrx_word' id='word_1_27' title='bbox 772 1479 940 1528; x_wconf 83' lang='lat' dir='ltr'><strong>servorum</strong></span> <span class='ocrx_word' id='word_1_28' title='bbox 956 1459 1021 1528; x_wconf 91' lang='lat' dir='ltr'><strong>Dei</strong></span> <span class='ocrx_word' id='word_1_29' title='bbox 1048 1460 1217 1528; x_wconf 87' lang='lat' dir='ltr'><strong>carissimo</strong></span> 
     </span>
     <span class='ocr_line' id='line_1_6' title="bbox 97 1567 1215 1655; baseline 0.003 -22"><span class='ocrx_word' id='word_1_30' title='bbox 97 1568 157 1636; x_wconf 87' lang='lat' dir='ltr'><strong>filio</strong></span> <span class='ocrx_word' id='word_1_31' title='bbox 172 1567 300 1635; x_wconf 82' lang='lat' dir='ltr'>Danieli</span> <span class='ocrx_word' id='word_1_32' title='bbox 315 1567 400 1653; x_wconf 78' lang='lat' dir='ltr'><strong>Regi</strong></span> <span class='ocrx_word' id='word_1_33' title='bbox 414 1567 533 1636; x_wconf 88' lang='lat' dir='ltr'><strong>Russie</strong></span> <span class='ocrx_word' id='word_1_34' title='bbox 547 1567 683 1652; x_wconf 88' lang='lat' dir='ltr'><strong>Illustri,</strong></span> <span class='ocrx_word' id='word_1_35' title='bbox 708 1569 848 1636; x_wconf 86' lang='lat' dir='ltr'><strong>salutern</strong></span> <span class='ocrx_word' id='word_1_36' title='bbox 864 1576 896 1636; x_wconf 90' lang='lat' dir='ltr'><strong>et</strong></span> <span class='ocrx_word' id='word_1_37' title='bbox 911 1569 1135 1655; x_wconf 69' lang='lat' dir='ltr'><strong>apostolicam</strong></span> <span class='ocrx_word' id='word_1_38' title='bbox 1162 1569 1215 1636; x_wconf 89' lang='lat' dir='ltr'><strong>be·</strong></span> 
     </span>
     <span class='ocr_line' id='line_1_7' title="bbox 97 1673 1216 1762; baseline 0.002 -22"><span class='ocrx_word' id='word_1_39' title='bbox 97 1673 314 1744; x_wconf 86' lang='lat' dir='ltr'><strong>nodiutioncm.</strong></span> <span class='ocrx_word' id='word_1_40' title='bbox 339 1675 425 1755; x_wconf 79' lang='lat' dir='ltr'><strong>Quia</strong></span> <span class='ocrx_word' id='word_1_41' title='bbox 440 1675 589 1762; x_wconf 86' lang='lat' dir='ltr'><strong>pericula</strong></span> <span class='ocrx_word' id='word_1_42' title='bbox 610 1683 746 1762; x_wconf 81' lang='lat' dir='ltr'>possunt</span> <span class='ocrx_word' id='word_1_43' title='bbox 760 1675 891 1744; x_wconf 77' lang='lat' dir='ltr'><strong>facilius</strong></span> <span class='ocrx_word' id='word_1_44' title='bbox 906 1676 1034 1761; x_wconf 85' lang='lat' dir='ltr'><strong>evitari,</strong></span> <span class='ocrx_word' id='word_1_45' title='bbox 1059 1676 1088 1744; x_wconf 91' lang='lat' dir='ltr'><strong>si</strong></span> <span class='ocrx_word' id='word_1_46' title='bbox 1104 1683 1216 1743; x_wconf 88' lang='lat' dir='ltr'><strong>contra</strong></span> 
     </span>
     <span class='ocr_line' id='line_1_8' title="bbox 96 1783 1216 1871; baseline 0.004 -25"><span class='ocrx_word' id='word_1_47' title='bbox 96 1783 162 1867; x_wconf 91' lang='lat' dir='ltr'><strong>ipsa</strong></span> <span class='ocrx_word' id='word_1_48' title='bbox 184 1805 242 1870; x_wconf 91' lang='lat' dir='ltr'><strong>per</strong></span> <span class='ocrx_word' id='word_1_49' title='bbox 267 1783 473 1871; x_wconf 79' lang='lat' dir='ltr'><strong>providentie</strong></span> <span class='ocrx_word' id='word_1_50' title='bbox 497 1785 640 1871; x_wconf 89' lang='lat' dir='ltr'><strong>clipeum</strong></span> <span class='ocrx_word' id='word_1_51' title='bbox 664 1786 860 1867; x_wconf 82' lang='lat' dir='ltr'><strong>muniamur,</strong></span> <span class='ocrx_word' id='word_1_52' title='bbox 885 1785 1101 1854; x_wconf 89' lang='lat' dir='ltr'><strong>Serenitatcm</strong></span> <span class='ocrx_word' id='word_1_53' title='bbox 1126 1792 1216 1854; x_wconf 88' lang='lat' dir='ltr'><strong>tuam</strong></span> 
     </span>
     <span class='ocr_line' id='line_1_9' title="bbox 95 1891 1216 1980; baseline 0.006 -25"><span class='ocrx_word' id='word_1_54' title='bbox 95 1910 249 1976; x_wconf 79' lang='lat' dir='ltr'>rogamus,</span> <span class='ocrx_word' id='word_1_55' title='bbox 267 1911 445 1978; x_wconf 89' lang='lat' dir='ltr'><strong>monemus,</strong></span> <span class='ocrx_word' id='word_1_56' title='bbox 461 1897 494 1958; x_wconf 86' lang='lat' dir='ltr'><strong>et</strong></span> <span class='ocrx_word' id='word_1_57' title='bbox 508 1891 677 1960; x_wconf 85' lang='lat' dir='ltr'><strong>hortamur</strong></span> <span class='ocrx_word' id='word_1_58' title='bbox 694 1899 827 1974; x_wconf 85' lang='lat' dir='ltr'><strong>attente,</strong></span> <span class='ocrx_word' id='word_1_59' title='bbox 844 1899 994 1978; x_wconf 86' lang='lat' dir='ltr'><strong>petentes</strong></span> <span class='ocrx_word' id='word_1_60' title='bbox 1009 1915 1068 1980; x_wconf 88' lang='lat' dir='ltr'><strong>pro</strong></span> <span class='ocrx_word' id='word_1_61' title='bbox 1084 1914 1216 1962; x_wconf 89' lang='lat' dir='ltr'><strong>munere</strong></span> 
     </span>
     <span class='ocr_line' id='line_1_10' title="bbox 93 1999 1215 2086; baseline 0.002 -24"><span class='ocrx_word' id='word_1_62' title='bbox 93 1999 230 2082; x_wconf 87' lang='lat' dir='ltr'><strong>speciali,</strong></span> <span class='ocrx_word' id='word_1_63' title='bbox 246 2006 408 2085; x_wconf 90' lang='lat' dir='ltr'><strong>quatenus</strong></span> <span class='ocrx_word' id='word_1_64' title='bbox 425 2001 603 2084; x_wconf 89' lang='lat' dir='ltr'><strong>quamcito</strong></span> <span class='ocrx_word' id='word_1_65' title='bbox 620 1999 679 2066; x_wconf 90' lang='lat' dir='ltr'><strong>tibi</strong></span> <span class='ocrx_word' id='word_1_66' title='bbox 693 1999 883 2085; x_wconf 91' lang='lat' dir='ltr'><strong>constiterit,</strong></span> <span class='ocrx_word' id='word_1_67' title='bbox 900 2000 988 2086; x_wconf 88' lang='lat' dir='ltr'><strong>quod</strong></span> <span class='ocrx_word' id='word_1_68' title='bbox 1005 2001 1215 2069; x_wconf 83' lang='lat' dir='ltr'><strong>Tartarorum</strong></span> 
     </span>
     <span class='ocr_line' id='line_1_11' title="bbox 92 2105 1258 2196; baseline 0.003 -26"><span class='ocrx_word' id='word_1_69' title='bbox 92 2107 246 2174; x_wconf 82' lang='lat' dir='ltr'><strong>exercitus</strong></span> <span class='ocrx_word' id='word_1_70' title='bbox 262 2126 377 2175; x_wconf 83' lang='lat' dir='ltr'><strong>versus</strong></span> <span class='ocrx_word' id='word_1_71' title='bbox 403 2105 680 2174; x_wconf 75' lang='lat' dir='ltr'><strong>christianitatem</strong></span> <span class='ocrx_word' id='word_1_72' title='bbox 705 2106 828 2193; x_wconf 81' lang='lat' dir='ltr'><strong>dirigat</strong></span> <span class='ocrx_word' id='word_1_73' title='bbox 846 2127 980 2192; x_wconf 85' lang='lat' dir='ltr'><strong>gressus</strong></span> <span class='ocrx_word' id='word_1_74' title='bbox 1005 2127 1092 2194; x_wconf 83' lang='lat' dir='ltr'><strong>suos,</strong></span> <span class='ocrx_word' id='word_1_75' title='bbox 1118 2109 1153 2175; x_wconf 93' lang='lat' dir='ltr'><strong>id</strong></span> <span class='ocrx_word' id='word_1_76' title='bbox 1168 2107 1215 2174; x_wconf 93' lang='lat' dir='ltr'><strong>di·</strong></span> <span class='ocrx_word' id='word_1_77' title='bbox 1255 2189 1258 2196; x_wconf 90' lang='lat'>.</span> 
     </span>
     <span class='ocr_line' id='line_1_12' title="bbox 92 2213 1216 2312; baseline 0.004 -34"><span class='ocrx_word' id='word_1_78' title='bbox 92 2215 176 2282; x_wconf 84' lang='lat' dir='ltr'><strong>tectis</strong></span> <span class='ocrx_word' id='word_1_79' title='bbox 198 2215 275 2282; x_wconf 78' lang='lat' dir='ltr'><strong>filiis</strong></span> <span class='ocrx_word' id='word_1_80' title='bbox 298 2214 453 2282; x_wconf 85' lang='lat' dir='ltr'><strong>fratribus</strong></span> <span class='ocrx_word' id='word_1_81' title='bbox 477 2214 633 2312; x_wconf 79' lang='lat' dir='ltr'><strong>dedomo</strong></span> <span class='ocrx_word' id='word_1_82' title='bbox 649 2213 851 2284; x_wconf 84' lang='lat' dir='ltr'><strong>Theotonica</strong></span> <span class='ocrx_word' id='word_1_83' title='bbox 866 2217 899 2282; x_wconf 94' lang='lat' dir='ltr'><strong>in</strong></span> <span class='ocrx_word' id='word_1_84' title='bbox 925 2217 1043 2285; x_wconf 85' lang='lat' dir='ltr'><strong>Russic</strong></span> <span class='ocrx_word' id='word_1_85' title='bbox 1068 2215 1216 2303; x_wconf 86' lang='lat' dir='ltr'><strong>partibus</strong></span> 
     </span>
     <span class='ocr_line' id='line_1_13' title="bbox 91 2321 1216 2410; baseline 0.003 -24"><span class='ocrx_word' id='word_1_86' title='bbox 91 2323 369 2407; x_wconf 84' lang='lat' dir='ltr'><strong>commorantibus,</strong></span> <span class='ocrx_word' id='word_1_87' title='bbox 395 2322 546 2390; x_wconf 88' lang='lat' dir='ltr'><strong>intimare</strong></span> <span class='ocrx_word' id='word_1_88' title='bbox 570 2342 741 2409; x_wconf 89' lang='lat' dir='ltr'><strong>procures;</strong></span> <span class='ocrx_word' id='word_1_89' title='bbox 767 2329 802 2388; x_wconf 91' lang='lat' dir='ltr'><strong>ut</strong></span> <span class='ocrx_word' id='word_1_90' title='bbox 826 2343 899 2390; x_wconf 90' lang='lat' dir='ltr'><strong>cum</strong></span> <span class='ocrx_word' id='word_1_91' title='bbox 915 2324 977 2390; x_wconf 91' lang='lat' dir='ltr'><strong>hoc</strong></span> <span class='ocrx_word' id='word_1_92' title='bbox 1002 2345 1059 2410; x_wconf 91' lang='lat' dir='ltr'><strong>per</strong></span> <span class='ocrx_word' id='word_1_93' title='bbox 1083 2321 1216 2389; x_wconf 89' lang='lat' dir='ltr'><strong>eosdem</strong></span> 
     </span>
     <span class='ocr_line' id='line_1_14' title="bbox 89 2427 1213 2516; baseline 0.002 -24"><span class='ocrx_word' id='word_1_94' title='bbox 89 2427 200 2497; x_wconf 80' lang='lat' dir='ltr'><strong>fratres</strong></span> <span class='ocrx_word' id='word_1_95' title='bbox 217 2429 261 2496; x_wconf 91' lang='lat' dir='ltr'><strong>ad</strong></span> <span class='ocrx_word' id='word_1_96' title='bbox 286 2429 437 2498; x_wconf 89' lang='lat' dir='ltr'><strong>notitiam</strong></span> <span class='ocrx_word' id='word_1_97' title='bbox 453 2436 599 2497; x_wconf 88' lang='lat' dir='ltr'><strong>nostram</strong></span> <span class='ocrx_word' id='word_1_98' title='bbox 623 2429 818 2516; x_wconf 86' lang='lat' dir='ltr'><strong>pervenerit,</strong></span> <span class='ocrx_word' id='word_1_99' title='bbox 845 2429 989 2515; x_wconf 80' lang='lat' dir='ltr'><strong>qualiter</strong></span> <span class='ocrx_word' id='word_1_100' title='bbox 1004 2429 1085 2516; x_wconf 91' lang='lat' dir='ltr'><strong>ipsis</strong></span> <span class='ocrx_word' id='word_1_101' title='bbox 1101 2430 1213 2494; x_wconf 83' lang='lat' dir='ltr'><strong>&#39;Parta-</strong></span> 
     </span>
     <span class='ocr_line' id='line_1_15' title="bbox 90 2534 1214 2623; baseline 0 -23"><span class='ocrx_word' id='word_1_102' title='bbox 90 2537 130 2602; x_wconf 89' lang='lat' dir='ltr'><strong>ris</strong></span> <span class='ocrx_word' id='word_1_103' title='bbox 145 2535 283 2602; x_wconf 84' lang='lat' dir='ltr'><strong>viriliter</strong></span> <span class='ocrx_word' id='word_1_104' title='bbox 299 2556 373 2603; x_wconf 90' lang='lat' dir='ltr'><strong>curu</strong></span> <span class='ocrx_word' id='word_1_105' title='bbox 388 2537 452 2602; x_wconf 87' lang='lat' dir='ltr'><strong>Dei</strong></span> <span class='ocrx_word' id='word_1_106' title='bbox 467 2534 631 2621; x_wconf 91' lang='lat' dir='ltr'><strong>adjutorio</strong></span> <span class='ocrx_word' id='word_1_107' title='bbox 647 2535 850 2622; x_wconf 89' lang='lat' dir='ltr'><strong>resistamus,</strong></span> <span class='ocrx_word' id='word_1_108' title='bbox 875 2537 1040 2623; x_wconf 89' lang='lat' dir='ltr'><strong>possimus</strong></span> <span class='ocrx_word' id='word_1_109' title='bbox 1057 2535 1214 2602; x_wconf 88' lang='lat' dir='ltr'><strong>maturius</strong></span> 
     </span>
     <span class='ocr_line' id='line_1_16' title="bbox 87 2643 1214 2728; baseline 0.001 -21"><span class='ocrx_word' id='word_1_110' title='bbox 87 2643 240 2728; x_wconf 83' lang='lat' dir='ltr'><strong>cogitare.</strong></span> <span class='ocrx_word' id='word_1_111' title='bbox 266 2645 390 2710; x_wconf 89' lang='lat' dir='ltr'><strong>Datum</strong></span> <span class='ocrx_word' id='word_1_112' title='bbox 414 2643 567 2728; x_wconf 85' lang='lat' dir='ltr'><strong>Lugduni</strong></span> <span class='ocrx_word' id='word_1_113' title='bbox 583 2645 641 2711; x_wconf 90' lang='lat' dir='ltr'><strong>XI.</strong></span> <span class='ocrx_word' id='word_1_114' title='bbox 659 2643 822 2713; x_wconf 86' lang='lat' dir='ltr'><strong>kalendas</strong></span> <span class='ocrx_word' id='word_1_115' title='bbox 840 2643 1024 2728; x_wconf 82' lang='lat' dir='ltr'><strong>Februarii,</strong></span> <span class='ocrx_word' id='word_1_116' title='bbox 1043 2643 1214 2712; x_wconf 85' lang='lat' dir='ltr'><strong>Pontifica-</strong></span> 
     </span>
     <span class='ocr_line' id='line_1_17' title="bbox 86 2747 499 2834; baseline 0.005 -20"><span class='ocrx_word' id='word_1_117' title='bbox 86 2761 134 2815; x_wconf 87' lang='lat' dir='ltr'><strong>tus</strong></span> <span class='ocrx_word' id='word_1_118' title='bbox 151 2751 254 2819; x_wconf 90' lang='lat' dir='ltr'><strong>nostri</strong></span> <span class='ocrx_word' id='word_1_119' title='bbox 271 2772 357 2819; x_wconf 92' lang='lat' dir='ltr'><strong>anno</strong></span> <span class='ocrx_word' id='word_1_120' title='bbox 374 2747 499 2834; x_wconf 89' lang='lat' dir='ltr'><strong>quinto.</strong></span> 
     </span>
    </p>
   </div>
   <div class='ocr_carea' id='block_1_4' title="bbox 227 2946 1068 3018">
    <p class='ocr_par' dir='ltr' id='par_1_4' title="bbox 227 2946 1068 3018">
     <span class='ocr_line' id='line_1_18' title="bbox 227 2946 1068 3018; baseline -0.001 -17"><span class='ocrx_word' id='word_1_121' title='bbox 227 2946 395 3018; x_wconf 61' lang='lat' dir='ltr'><strong>(Turgsnea</strong></span> <span class='ocrx_word' id='word_1_122' title='bbox 409 2951 546 3002; x_wconf 83' lang='lat' dir='ltr'><strong>Historias</strong></span> <span class='ocrx_word' id='word_1_123' title='bbox 558 2949 673 3004; x_wconf 73' lang='lat' dir='ltr'><strong>anseres</strong></span> <span class='ocrx_word' id='word_1_124' title='bbox 686 2951 861 3011; x_wconf 69' lang='lat' dir='ltr'><strong>Munimenta</strong></span> <span class='ocrx_word' id='word_1_125' title='bbox 875 2951 896 3002; x_wconf 90' lang='lat'><strong>1.</strong></span> <span class='ocrx_word' id='word_1_126' title='bbox 910 2951 969 3002; x_wconf 81' lang='lat' dir='ltr'><strong>lrdt.</strong></span> <span class='ocrx_word' id='word_1_127' title='bbox 982 2951 1025 3002; x_wconf 77' lang='grc'><strong>68.</strong></span> <span class='ocrx_word' id='word_1_128' title='bbox 1039 2950 1068 3016; x_wconf 90' lang='grc' dir='ltr'><strong>Ι.)</strong></span> 
     </span>
    </p>
   </div>
   <div class='ocr_carea' id='block_1_5' title="bbox 518 3235 775 3248">
    <p class='ocr_par' dir='ltr' id='par_1_5' title="bbox 518 3235 775 3248">
     <span class='ocr_line' id='line_1_19' title="bbox 518 3235 775 3248; baseline -0.019 0"><span class='ocrx_word' id='word_1_129' title='bbox 518 3235 775 3248; x_wconf 74' lang='lat'><strong>—-—=-—</strong></span> 
     </span>
    </p>
   </div>
   <div class='ocr_carea' id='block_1_6' title="bbox 611 3677 689 3748">
    <p class='ocr_par' dir='ltr' id='par_1_6' title="bbox 611 3677 689 3748">
     <span class='ocr_line' id='line_1_20' title="bbox 611 3677 689 3748; baseline 0.026 -2"><span class='ocrx_word' id='word_1_130' title='bbox 611 3677 689 3748; x_wconf 83' lang='grc'><strong>186.</strong></span> 
     </span>
    </p>
   </div>
   <div class='ocr_carea' id='block_1_7' title="bbox 79 3858 1211 4054">
    <p class='ocr_par' dir='ltr' id='par_1_7' title="bbox 79 3858 1211 4054">
     <span class='ocr_line' id='line_1_21' title="bbox 79 3858 1211 3948; baseline -0.007 -20"><span class='ocrx_word' id='word_1_131' title='bbox 79 3863 102 3928; x_wconf 91' lang='grc' dir='ltr'><em>Ι</em></span> <span class='ocrx_word' id='word_1_132' title='bbox 105 3861 141 3926; x_wconf 82' lang='lat' dir='ltr'><strong>V.</strong></span> <span class='ocrx_word' id='word_1_133' title='bbox 161 3860 247 3926; x_wconf 74' lang='lat' dir='ltr'><strong>Inoas</strong></span> <span class='ocrx_word' id='word_1_134' title='bbox 269 3865 357 3945; x_wconf 79' lang='lat' dir='ltr'><strong>pdpu</strong></span> <span class='ocrx_word' id='word_1_135' title='bbox 381 3883 401 3923; x_wconf 91' lang='lat' dir='ltr'><strong>u</strong></span> <span class='ocrx_word' id='word_1_136' title='bbox 416 3862 539 3947; x_wconf 75' lang='lat' dir='ltr'><strong>sepniac‘</strong></span> <span class='ocrx_word' id='word_1_137' title='bbox 558 3859 736 3948; x_wconf 77' lang='lat' dir='ltr'><strong>pdopdlunek</strong></span> <span class='ocrx_word' id='word_1_138' title='bbox 760 3859 947 3944; x_wconf 72' lang='lat' dir='ltr'><strong>mapeupcdi,</strong></span> <span class='ocrx_word' id='word_1_139' title='bbox 973 3859 1055 3944; x_wconf 71' lang='lat' dir='ltr'><strong>kopp</strong></span> <span class='ocrx_word' id='word_1_140' title='bbox 1081 3858 1211 3943; x_wconf 68' lang='lat' dir='ltr'><strong>applausi</strong></span> 
     </span>
     <span class='ocr_line' id='line_1_22' title="bbox 205 3964 1098 4054; baseline -0.006 -22"><span class='ocrx_word' id='word_1_141' title='bbox 205 3968 388 4053; x_wconf 70' lang='lat' dir='ltr'><strong>konpcauon</strong></span> <span class='ocrx_word' id='word_1_142' title='bbox 404 3991 424 4032; x_wconf 91' lang='grc' dir='ltr'><em>α</em></span> <span class='ocrx_word' id='word_1_143' title='bbox 441 3969 596 4054; x_wconf 70' lang='lat' dir='ltr'><strong>qlupola&#39;tu</strong></span> <span class='ocrx_word' id='word_1_144' title='bbox 612 3967 726 4032; x_wconf 81' lang='lat' dir='ltr'><strong>betdluct</strong></span> <span class='ocrx_word' id='word_1_145' title='bbox 740 3967 974 4032; x_wconf 76' lang='lat' dir='ltr'><strong>huszudlhassu.</strong></span> <span class='ocrx_word' id='word_1_146' title='bbox 1003 3964 1098 4028; x_wconf 73' lang='lat'><strong><em>1248.</em></strong></span> 
     </span>
    </p>
   </div>
   <div class='ocr_carea' id='block_1_8' title="bbox 77 4160 1216 4675">
    <p class='ocr_par' dir='ltr' id='par_1_8' title="bbox 77 4160 1216 4675">
     <span class='ocr_line' id='line_1_23' title="bbox 190 4160 1213 4249; baseline -0.002 -20"><span class='ocrx_word' id='word_1_147' title='bbox 190 4161 399 4232; x_wconf 76' lang='lat' dir='ltr'><strong>Innocentius</strong></span> <span class='ocrx_word' id='word_1_148' title='bbox 414 4161 600 4249; x_wconf 82' lang='lat' dir='ltr'><strong>Episcopus</strong></span> <span class='ocrx_word' id='word_1_149' title='bbox 624 4181 739 4230; x_wconf 90' lang='lat' dir='ltr'><strong>seruus</strong></span> <span class='ocrx_word' id='word_1_150' title='bbox 763 4179 931 4230; x_wconf 91' lang='lat' dir='ltr'><strong>seruorum</strong></span> <span class='ocrx_word' id='word_1_151' title='bbox 957 4160 1019 4228; x_wconf 89' lang='lat' dir='ltr'><strong>Dei</strong></span> <span class='ocrx_word' id='word_1_152' title='bbox 1035 4161 1213 4228; x_wconf 82' lang='lat' dir='ltr'><strong>venerabili</strong></span> 
     </span>
     <span class='ocr_line' id='line_1_24' title="bbox 77 4267 1213 4357; baseline -0.003 -20"><span class='ocrx_word' id='word_1_153' title='bbox 77 4271 173 4338; x_wconf 77' lang='lat' dir='ltr'><strong>fratri</strong></span> <span class='ocrx_word' id='word_1_154' title='bbox 190 4321 199 4338; x_wconf 89' lang='lat'><strong><em>.</em></strong></span> <span class='ocrx_word' id='word_1_155' title='bbox 219 4319 227 4336; x_wconf 94' lang='lat'><strong>.</strong></span> <span class='ocrx_word' id='word_1_156' title='bbox 247 4319 255 4335; x_wconf 93' lang='lat'><strong>.</strong></span> <span class='ocrx_word' id='word_1_157' title='bbox 273 4269 439 4357; x_wconf 81' lang='lat' dir='ltr'><strong>Episcopo</strong></span> <span class='ocrx_word' id='word_1_158' title='bbox 454 4269 603 4338; x_wconf 86' lang='lat' dir='ltr'><strong>Seniensi</strong></span> <span class='ocrx_word' id='word_1_159' title='bbox 618 4269 756 4338; x_wconf 87' lang='lat' dir='ltr'><strong>salutern</strong></span> <span class='ocrx_word' id='word_1_160' title='bbox 773 4275 805 4336; x_wconf 88' lang='lat' dir='ltr'><strong>ct</strong></span> <span class='ocrx_word' id='word_1_161' title='bbox 821 4267 1046 4354; x_wconf 82' lang='lat' dir='ltr'><strong>Apostolicam</strong></span> <span class='ocrx_word' id='word_1_162' title='bbox 1062 4267 1213 4335; x_wconf 87' lang='lat' dir='ltr'><strong>bencdic-</strong></span> 
     </span>
     <span class='ocr_line' id='line_1_25' title="bbox 80 4373 1216 4462; baseline 0 -20"><span class='ocrx_word' id='word_1_163' title='bbox 80 4379 216 4447; x_wconf 88' lang='lat' dir='ltr'><strong>tionem.</strong></span> <span class='ocrx_word' id='word_1_164' title='bbox 233 4376 390 4444; x_wconf 84' lang='lat' dir='ltr'><strong>Porrecta</strong></span> <span class='ocrx_word' id='word_1_165' title='bbox 406 4373 500 4444; x_wconf 90' lang='lat' dir='ltr'><strong>nobis</strong></span> <span class='ocrx_word' id='word_1_166' title='bbox 516 4383 575 4442; x_wconf 90' lang='lat' dir='ltr'><strong>tua</strong></span> <span class='ocrx_word' id='word_1_167' title='bbox 589 4375 703 4462; x_wconf 86' lang='lat' dir='ltr'><strong>petitio</strong></span> <span class='ocrx_word' id='word_1_168' title='bbox 720 4375 917 4458; x_wconf 85' lang='lat' dir='ltr'><strong>continebat,</strong></span> <span class='ocrx_word' id='word_1_169' title='bbox 935 4373 1023 4460; x_wconf 89' lang='lat' dir='ltr'><strong>quod</strong></span> <span class='ocrx_word' id='word_1_170' title='bbox 1036 4375 1072 4441; x_wconf 93' lang='lat' dir='ltr'><strong>in</strong></span> <span class='ocrx_word' id='word_1_171' title='bbox 1085 4374 1216 4442; x_wconf 85' lang='lat' dir='ltr'><strong>Sclauo-</strong></span> 
     </span>
     <span class='ocr_line' id='line_1_26' title="bbox 78 4481 1215 4568; baseline -0.002 -18"><span class='ocrx_word' id='word_1_172' title='bbox 78 4487 135 4551; x_wconf 80' lang='lat' dir='ltr'><strong>nia</strong></span> <span class='ocrx_word' id='word_1_173' title='bbox 153 4491 205 4550; x_wconf 86' lang='lat' dir='ltr'><strong>ast</strong></span> <span class='ocrx_word' id='word_1_174' title='bbox 221 4485 335 4551; x_wconf 87' lang='lat' dir='ltr'><strong>littera</strong></span> <span class='ocrx_word' id='word_1_175' title='bbox 349 4481 516 4568; x_wconf 82' lang='lat' dir='ltr'><strong>specialis,</strong></span> <span class='ocrx_word' id='word_1_176' title='bbox 540 4501 637 4568; x_wconf 86' lang='lat' dir='ltr'><strong>quam</strong></span> <span class='ocrx_word' id='word_1_177' title='bbox 653 4481 741 4550; x_wconf 85' lang='lat' dir='ltr'><strong>illius</strong></span> <span class='ocrx_word' id='word_1_178' title='bbox 766 4489 850 4549; x_wconf 89' lang='lat' dir='ltr'><strong>terre</strong></span> <span class='ocrx_word' id='word_1_179' title='bbox 865 4481 978 4549; x_wconf 89' lang='lat' dir='ltr'><strong>clerici</strong></span> <span class='ocrx_word' id='word_1_180' title='bbox 1001 4501 1038 4550; x_wconf 91' lang='lat' dir='ltr'><strong>sc</strong></span> <span class='ocrx_word' id='word_1_181' title='bbox 1054 4481 1177 4550; x_wconf 86' lang='lat' dir='ltr'><strong>habere</strong></span> <span class='ocrx_word' id='word_1_182' title='bbox 1194 4501 1215 4548; x_wconf 92' lang='lat' dir='ltr'><strong>a</strong></span> 
     </span>
     <span class='ocr_line' id='line_1_27' title="bbox 80 4586 1215 4675; baseline -0.005 -15"><span class='ocrx_word' id='word_1_183' title='bbox 80 4593 183 4660; x_wconf 80' lang='lat' dir='ltr'><strong>Beato</strong></span> <span class='ocrx_word' id='word_1_184' title='bbox 198 4589 369 4659; x_wconf 87' lang='lat' dir='ltr'><strong>Jcrcnimo</strong></span> <span class='ocrx_word' id='word_1_185' title='bbox 395 4597 589 4675; x_wconf 72' lang='lat' dir='ltr'><strong>amarentur,</strong></span> <span class='ocrx_word' id='word_1_186' title='bbox 609 4609 684 4658; x_wconf 86' lang='lat' dir='ltr'><strong>cam</strong></span> <span class='ocrx_word' id='word_1_187' title='bbox 699 4590 876 4658; x_wconf 85' lang='lat' dir='ltr'><strong>obseruant</strong></span> <span class='ocrx_word' id='word_1_188' title='bbox 891 4589 924 4655; x_wconf 93' lang='lat' dir='ltr'><strong>in</strong></span> <span class='ocrx_word' id='word_1_189' title='bbox 941 4588 1074 4657; x_wconf 88' lang='lat' dir='ltr'><strong>Diuinis</strong></span> <span class='ocrx_word' id='word_1_190' title='bbox 1089 4586 1215 4656; x_wconf 79' lang='lat' dir='ltr'><strong>Officiis</strong></span> 
     </span>
    </p>
   </div>
   <div class='ocr_carea' id='block_1_9' title="bbox 0 0 1556 5160">
    <p class='ocr_par' dir='ltr' id='par_1_9' title="bbox 0 0 1556 5160">
     <span class='ocr_line' id='line_1_28' title="bbox 0 0 1556 5160; baseline 0 10"><span class='ocrx_word' id='word_1_191' title='bbox 0 0 1556 5160; x_wconf 95' lang='lat' dir='ltr'><strong> </strong></span> 
     </span>
    </p>
   </div>
  </div>
 </body>
</html>
