3102 5160
575 327 730 430 mr.

105 531 133 592 et
145 527 276 613 idatbya
291 525 369 592 filiis
384 526 463 613 suis,
488 525 571 594 Bala
586 547 659 593 cum
675 527 782 592 Prusa
796 524 862 591 iilic
879 544 948 610 suo,
968 525 1126 592 Balaseus
1142 544 1214 591 cum

102 637 161 702 Bue
175 633 241 704 tilio
256 655 329 720 suo,
344 633 418 702 Bud
433 653 506 702 enm
522 633 664 720 Georgio
683 642 716 702 et
732 635 907 719 Garganus
922 633 1000 721 filijs
1011 635 1089 720 suis,
1107 636 1215 718 Stayz·

100 743 167 810 iana
190 763 262 810 cum
278 745 391 811 Iwauc
415 750 448 811 et
462 741 581 827 Egidio
596 743 673 830 filijs
697 743 775 828 suis,
801 742 948 810 Debrina
973 761 1046 810 cum
1067 740 1168 828 Myko
1184 744 1216 806 et

101 850 200 936 Wopn
214 849 293 936 fiiijs
318 849 397 937 anis,
414 849 574 936 Woyzlau
599 870 672 918 cum
686 850 819 918 Bencba
844 848 910 916 filie
930 869 1000 935 suo,
1026 855 1058 916 et
1072 848 1216 916 Thomas

98 977 165 1026 cnm
190 957 363 1044 Gregorio,
379 959 513 1043 Lauryn
530 961 562 1024 et
585 956 699 1026 Piscur
723 956 799 1043 dlijs
824 956 903 1043 suis,
929 955 971 1024 de
996 955 1112 1023 minori
1136 955 1216 1022 villa

97 1065 272 1152 Selepcbeu
295 1065 446 1146 nemine,
473 1065 670 1155 jebagienes
694 1065 884 1151 Monasterij
909 1063 1021 1134 Sancti
1049 1061 1216 1130 Benedicti

98 1175 183 1241 iuxta
200 1175 347 1244 Granum
370 1174 548 1244 seruientes
564 1173 599 1240 in
615 1194 698 1259 equo
714 1175 856 1264 proprio,
885 1173 939 1258 qni
956 1173 1043 1258 wigo
1061 1175 1217 1256 tuoabsap

98 1281 251 1367 dicuutur,
269 1304 291 1350 a
305 1283 447 1352 seruicia
464 1281 542 1352 dieti
557 1283 745 1368 Monasterij
762 1303 800 1352 se
815 1283 1063 1370 presumpcione
1084 1278 1217 1368 propria

97 1390 314 1476 retraxissent,
331 1398 364 1458 et
379 1390 513 1460 eosdem
529 1390 643 1458 Abbas
667 1391 806 1479 predicti
825 1389 1013 1476 Monasterij
1033 1387 1143 1457 Sancti
1159 1385 1216 1453 Be-

97 1498 213 1568 nedicti
229 1497 272 1566 de
288 1499 522 1568 conuenientia
538 1500 589 1567 sui
605 1497 792 1567 conuentus
805 1499 839 1566 in
855 1497 1009 1565 iudicium
1026 1501 1216 1578 caecasset,

98 1605 151 1672 sed
166 1627 240 1674 cunr
259 1625 438 1692 grauamen
463 1605 630 1674 imminere
645 1604 709 1672 sibi
725 1603 973 1691 presensissent,
992 1602 1125 1670 tandem
1141 1605 1217 1666 ante

99 1713 301 1780 diffinitiuam
312 1713 512 1782 sentenciam
527 1714 572 1781 ed
588 1713 747 1799 gremium
756 1712 905 1780 Ecclesia
920 1717 1142 1794 recurrentes3
1158 1729 1217 1796 pro

98 1821 332 1907 inobedientia,
362 1843 461 1908 qnam
485 1822 668 1890 temeritate
691 1822 938 1907 commiserant,
966 1821 1008 1887 ab
1033 1820 1161 1886 Abbate
1185 1823 1218 1885 et

100 1928 264 1997 &euentu
291 1929 447 2016 predictis
473 1929 601 1998 veniam
627 1931 844 2017 postularunt,
869 1929 1068 2014 confitentes,
1092 1947 1129 1994 se
1142 1945 1217 1994 esse

13 2113 14 2122 p
95 2035 289 2122 jebegienes
304 2039 494 2125 Monasterij
519 2038 692 2124 prenotati,
718 2037 752 2104 in
769 2057 851 2124 equo
867 2035 997 2125 proprio
1018 2035 1216 2117 seruientes;

99 2145 177 2212 sicut
193 2148 237 2214 ab
253 2147 383 2214 Abbate
398 2155 430 2214 et
446 2147 614 2216 Conuentu
640 2146 841 2233 supradietis
859 2165 916 2232 per
942 2144 1148 2232 priuilegium
1163 2141 1218 2228 pie

100 2256 250 2322 memorie
275 2254 399 2322 domini
417 2254 583 2341 Stephani,
611 2253 774 2340 quondam
798 2254 899 2338 Regis
923 2252 1091 2338 ilrrngarie
1114 2249 1217 2332 tereiJ,

99 2361 220 2446 Geysse
235 2361 336 2447 Regis
361 2363 421 2448 filij
437 2362 649 2448 probabatur.
674 2365 827 2431 Petentes
853 2360 1025 2444 humiliter,
1051 2367 1087 2426 ut
1111 2377 1168 2424 ees
1184 2357 1217 2422 in

13 2533 14 2552 ,
100 2469 230 2554 aub'qna
254 2469 399 2556 ipsorum
415 2469 646 2538 consuetudine
671 2489 804 2537 seruare
819 2468 1051 2538 Monssterium
1068 2465 1217 2550 dignare-

13 2605 14 2635 r
100 2583 155 2662 tur,
171 2597 237 2664 que
253 2577 331 2645 talis
347 2583 417 2664 est;
442 2585 477 2645 vt
491 2578 660 2645 annuatim
676 2577 873 2646 Monasterio
890 2577 953 2644 duo
970 2574 1116 2664 pondera
1132 2591 1217 2640 man-

14 2721 15 2752 t
99 2686 143 2751 sie
157 2685 304 2771 quelibet
319 2691 465 2772 tenetur,
489 2688 566 2753 item
582 2687 743 2754 Abbatem
768 2686 927 2774 recipient
942 2683 1119 2769 annuatim,
1137 2679 1217 2748 dan·

14 2769 15 2824 ³
99 2803 144 2859 trs
166 2814 227 2880 pro
243 2813 305 2860 suu
328 2793 559 2881 procuraciene
583 2815 717 2882 percum
733 2796 903 2879 triennem,
930 2795 985 2879 qui
1010 2792 1108 2877 uulgo
1125 2803 1218 2856 arton

98 2902 220 2987 dieitur,
238 2911 271 2970 et
287 2923 402 2990 panes,
428 2924 467 2970 ae
483 2905 665 2990 cernisiam,
692 2914 724 2973 et
739 2905 905 2990 pabulum,
932 2904 1016 2971 sicut
1031 2900 1088 2968 aiii
1107 2897 1218 2986 popuii

14 3053 15 3062 κ
98 3011 284 3098 Bonusterij
309 3013 494 3098 prenotati;
519 3008 597 3080 item
613 3013 646 3079 in
661 3013 804 3080 aduentu
819 3012 920 3098 Regis
944 3010 1137 3078 subuenient
1155 3007 1218 3073 Ab·

14 3145 15 3214 3
99 3117 171 3204 bati,
189 3118 275 3185 sieut
289 3119 349 3204 alij
365 3121 479 3208 populi
494 3123 682 3208 bienasterij
700 3122 881 3208 prenotati,
899 3120 977 3186 item
993 3119 1025 3184 in
1039 3115 1218 3184 iestiuitate

98 3225 208 3292 Sancti
224 3227 394 3295 Benedicti
410 3227 451 3295 de
466 3230 627 3296 communi
643 3229 771 3298 soluent
784 3229 867 3297 duas
877 3247 956 3296 euos
969 3251 977 3312 ς
992 3226 1070 3294 item
1086 3225 1118 3290 in
1135 3243 1217 3308 equo

14 3383 15 3416 3
97 3355 153 3402 sno
169 3335 315 3403 seruient
331 3344 365 3404 et
374 3337 475 3426 ibunt,
493 3359 686 3424 quoeunque
696 3338 809 3406 Abbas
819 3339 852 3405 in
867 3337 954 3404 facto
964 3333 1151 3419 Monasterij
1162 3349 1218 3398 ecs
1253 3381 1254 3386 η

14 3437 15 3448 ’
96 3442 224 3510 duxerit
233 3443 459 3514 destinandos.
475 3449 546 3514 Hac
556 3447 749 3516 condicione
759 3445 899 3532 adiecta,
916 3444 1042 3531 quodsi
1058 3443 1218 3508 deeetere

97 3551 263 3620 maliciose
278 3573 300 3618 a
314 3555 479 3640 prenotati
500 3554 691 3642 Monasterij
717 3553 855 3622 seruicia
871 3573 907 3622 se
922 3551 1128 3636 retraxerint,
1151 3548 1219 3615 ubi-

15 3739 16 3758 *
97 3677 231 3742 cumque
247 3658 371 3744 reperti
387 3679 447 3726 seu
462 3660 587 3728 inuenti
602 3660 731 3744 fuerint,
758 3661 822 3748 ipsi
838 3667 996 3729 eteorum
1013 3657 1083 3744 filij,
1102 3656 1137 3723 in
1152 3675 1219 3723 ser·

15 3763 16 3770 ’
97 3765 229 3834 uitatem
241 3767 501 3851 supranominati
511 3767 703 3854 Monasterij
719 3767 832 3835 Sancti
841 3766 1010 3835 Benedicti
1028 3769 1218 3852 perpetuam

96 3874 295 3957 redigentur.
321 3874 359 3942 In
374 3874 466 3943 euius
482 3875 530 3944 rei
545 3875 771 3966 plenissimam
785 3875 970 3943 firmitatem
987 3879 1154 3961 presentes
1169 3870 1218 3936 lit-

15 3995 16 4020 *
96 3988 182 4048 teras
205 3989 339 4050 nostras
362 3981 587 4070 priuilegiales
605 3985 726 4051 Abbati
746 3991 780 4051 et
796 3983 975 4052 Gonnentoi
1000 3979 1138 4066 predicti
1153 3979 1218 4044 Mc-

15 4133 16 4158 t
95 4087 229 4175 nasterij
244 4089 476 4176 concessimus,
501 4091 641 4179 duplicis
657 4091 759 4178 sigilii
775 4091 877 4160 nostri
894 4089 1068 4156 munimine
1089 4087 1218 4155 robora·

15 4259 16 4265 ,
94 4205 151 4266 tas.
171 4199 296 4266 Datum
305 4217 391 4267 anno
402 4199 535 4268 Domini
551 4200 724 4270 millesimo
738 4199 957 4270 ducentesimo
968 4194 1218 4284 quadragesimo

95 4306 242 4394 septimo,
268 4305 344 4375 idus
358 4307 520 4395 Januarij,
545 4310 651 4395 Regni
666 4317 775 4379 antem
791 4311 894 4378 nostri
912 4329 998 4376 anno
1014 4304 1217 4376 duodecimo.

16 4449 17 4460 ἵ
96 4471 140 4536 (Az
152 4473 257 4529 oredeu
280 4469 347 4526 utin
360 4467 459 4524 Knsuz
472 4469 590 4539 Nander,
613 4477 728 4543 Magyar
740 4477 806 4530 Sion
819 4477 855 4528 11.
869 4479 924 4530 ket.
939 4478 999 4528 526.
1014 4475 1031 4526 l.
1054 4475 1087 4530 V.
1101 4479 1125 4525 ὃ.
1138 4469 1218 4552 Fejdp

424 4561 634 4630 God.1)rp1.1v.
649 4567 696 4616 ket
721 4569 743 4616 1.
758 4584 778 4617 r.
793 4569 852 4617 480.
866 4567 897 4640 l.)
