3134 5150
301 1011 331 1078 A
347 1009 517 1096 stupeam
541 1007 762 1096 topratznoak
787 985 1057 1098 hizouysdpleoele,
1080 1009 1160 1098 hopy
1176 1035 1198 1076 a
1213 1011 1441 1100 Rapsa-Red-

431 1117 509 1181 onai
523 1117 691 1204 aemutstp
708 1117 816 1204 tnyjoi
829 1117 1065 1204 birtoltoaatctlyt
1080 1117 1185 1186 tettele
1202 1121 1302 1185 1235.

392 1295 463 1362 Nos
474 1293 631 1362 Nicotaus
649 1291 690 1360 de
701 1293 790 1360 Cara
799 1293 904 1380 Regni
913 1295 1083 1382 Hungarie
1092 1295 1264 1364 Palatinus
1274 1305 1306 1365 et
1323 1299 1435 1367 ludex

306 1405 525 1472 Cumanorum
550 1402 611 1470 sth.
630 1399 666 1490 (a
681 1401 792 1470 lelesni
815 1401 1036 1492 konventhen)
1052 1403 1230 1491 Noueritis,
1256 1403 1438 1490 quodcum

303 1513 432 1581 Marone
457 1513 545 1581 lilius
560 1513 715 1596 llathyus
740 1512 781 1577 de
797 1512 878 1596 Isyp
888 1561 897 1596 ,
924 1517 956 1578 et
971 1511 1129 1579 Nicolans
1155 1512 1195 1579 de
1216 1511 1318 1580 Chele
1333 1533 1437 1604 snper

301 1621 390 1690 laeto
400 1621 537 1688 duarum
547 1621 693 1707 pareium
703 1619 949 1706 possessionum
960 1620 1083 1704 Luneh,
1094 1619 1275 1707 Meggyezo
1285 1622 1436 1709 etZada,

301 1731 381 1798 item
405 1729 579 1798 medietate
605 1727 851 1816 possessionum
866 1727 1051 1813 Noglsazon
1077 1737 1110 1796 et
1125 1727 1217 1794 Lazk
1243 1735 1436 1800 vocatarum

300 1843 336 1908 in
361 1837 524 1905 Comitatu
557 1837 777 1922 Zemlyniensi
808 1835 1042 1920 emunctam,
1076 1837 1272 1922 Magistrum
1297 1841 1436 1906 Petrum

301 1947 404 2014 lilium
418 1943 598 2032 llyehaelis
615 1944 656 2010 de
671 1944 745 2009 Doh
757 1967 764 2028 ;
784 1943 863 2010 item
879 1942 966 2009 idem
982 1943 1117 2010 Marinus
1128 1981 1172 1992 —
1181 1982 1226 1992 —
1235 1945 1436 2031 Magistrum

301 2057 443 2140 Petrum,
468 2072 609 2120 necnon
626 2050 820 2118 hliohaelem
834 2051 937 2118 filium
953 2051 1125 2131 Johannis,
1150 2051 1311 2121 ‘l'homam
1327 2051 1435 2124 filiurn

300 2163 469 2250 Stephani,
486 2170 519 2229 et
534 2159 726 2227 Ladinlaum
741 2159 842 2226 tilium
853 2158 1005 2227 Ladizlai
1020 2181 1119 2248 super
1135 2161 1222 2231 laeto
1238 2163 1339 2231 teroie
1355 2185 1434 2251 par-

300 2272 343 2340 tis
369 2269 591 2359 possessionis
606 2267 752 2354 Myhaly‚
779 2267 924 2353 Monyah
941 2307 985 2318 -
1001 2307 1045 2317 -
1060 2307 1105 2318 -
1120 2308 1165 2319 —
1179 2277 1369 2339 vocatarum
1396 2273 1434 2341 in

300 2381 415 2450 eodem
432 2379 595 2447 Comitatu
611 2376 833 2461 Zemlyniensi
848 2376 1063 2444 existeneium
1079 2377 1142 2444 sth.
1166 2379 1294 2464 (Behels
1310 2379 1433 2446 Detrik

299 2489 403 2556 nedor
427 2489 508 2556 elott
525 2487 621 2553 1404.
649 2484 715 2570 „ad
731 2492 867 2552 ootauas
892 2481 968 2550 festi
987 2485 1247 2573 Epiphaniarum
1272 2487 1431 2554 Domini“

298 2592 399 2682 perbe
414 2593 558 2677 rontak3
583 2590 625 2659 de
641 2612 663 2658 a
678 2591 840 2680 hattrnap
856 2591 1021 2659 thhbszhri
1037 2593 1329 2661 elhalaszttstnals
1344 2594 1431 2680 ioly-

298 2704 368 2787 ttn,
393 2721 432 2766 az
447 2709 514 2784 hgy
530 2705 614 2766 most
629 2699 884 2783 targyaltatrtn,
913 2701 1052 2786 „Petrus
1067 2699 1109 2767 (le
1125 2701 1222 2770 Doh“
1238 2702 1354 2788 nyolea
1370 2703 1432 2770 olt-

299 2812 414 2892 mianyt
432 2811 536 2872 mutat
551 2803 610 2892 fel)
635 2805 809 2891 septimam
828 2811 974 2873 nostram
988 2806 1042 2873 hio
1058 2807 1149 2875 Bude
1174 2809 1431 2895 quadragesimo

298 2937 384 2986 nono
401 2914 454 2982 (lie
465 2923 656 2984 ootauarum
672 2913 748 2981 sesti
758 2915 1017 3002 Epiphaniarum
1027 2916 1160 2983 Domini
1176 2936 1262 2985 anno
1279 2917 1430 2986 eiusdem

298 3025 470 3093 millesimo
495 3023 817 3110 quadringentesimo
843 3029 958 3109 quarto
978 3031 1175 3111 emanatam,
1200 3027 1374 3093 habentem
1390 3028 1428 3095 in

299 3152 336 3200 se
351 3137 498 3200 tenorem
521 3131 618 3198 trium
634 3129 815 3198 litterarum
831 3129 1001 3215 injudicio
1018 3151 1128 3200 eoram
1153 3133 1247 3202 nohis
1265 3134 1429 3203 exhibita·

296 3261 376 3327 rum,
402 3262 499 3308 mam
516 3239 660 3327 Capituli
675 3239 940 3326 Wesprimiensis
965 3261 1050 3308 anno
1076 3243 1187 3328 graoie
1212 3245 1258 3311 hl⁰
1273 3243 1429 3313 dueente-

298 3351 381 3417 simo
397 3348 561 3415 tricesimo
577 3347 711 3432 quinto“
727 3347 790 3414 stb.
802 3384 847 3394 —
858 3386 902 3396 --
912 3349 1021 3417 Tener
1037 3369 1114 3419 vero
1131 3350 1216 3418 diete
1228 3351 1336 3419 littere
1352 3371 1429 3438 pre-

298 3458 360 3525 lati
376 3455 520 3541 Capituli
534 3454 812 3541 Wesprimyensis
836 3455 870 3520 in
886 3453 991 3522 dietas
1006 3455 1133 3525 litteras
1151 3465 1280 3526 nostras
1303 3461 1428 3531 inserte

295 3562 580 3645 commemorabat,
607 3562 694 3647 quod
710 3561 877 3630 eonstituti
894 3582 1004 3630 eoram
1019 3561 1092 3650 ipso
1112 3563 1263 3652 Capitulo
1278 3567 1428 3653 Pangra-

294 3677 376 3758 eius,
392 3669 589 3758 Stephanus,
601 3669 747 3757 Alherth‚
765 3671 861 3737 Peter
877 3677 910 3736 et
918 3672 1048 3739 Marcus
1065 3672 1105 3740 (le
1125 3693 1243 3759 genere
1259 3673 1428 3762 Bogadra-

294 3781 414 3851 dowan
440 3777 610 3861 dixissent,
641 3776 729 3859 quod
753 3775 818 3863 ipsi
840 3777 1082 3864 possessionem
1106 3799 1217 3846 eorum
1241 3781 1425 3870 antiquam,

294 3887 396 3975 (oum)
413 3885 576 3953 libertinis
592 3891 624 3952 et
640 3883 754 3968 vineis,
775 3891 884 3972 preter
898 3893 1028 3969 terram,
1046 3905 1109 3970 que
1125 3887 1241 3955 fuisset
1256 3889 1290 3954 ln
1300 3889 1424 3978 Halap‚

292 3995 337 4061 ad
355 4001 421 4062 tres
436 4001 558 4083 partes,
585 3991 682 4062 modo
698 3999 731 4061 et
746 3992 860 4062 ordine
875 3993 993 4060 litterIs
1019 3993 1053 4060 in
1069 3995 1193 4062 eisdem
1217 3996 1423 4086 oonsoriptis,

292 4101 482 4170 diuisissent
497 4102 559 4170 stb.
575 4139 619 4151 —
634 4137 679 4150 -
694 4103 817 4169 Datum
831 4099 923 4170 Butle
939 4103 1146 4188 sexagesimo
1160 4101 1213 4171 die
1228 4111 1424 4178 ootauarum

291 4207 473 4276 festiBeati
489 4207 667 4294 Myohaelis
683 4208 883 4297 Archangeli
898 4229 986 4277 anno
1003 4209 1135 4278 Domini
1151 4209 1326 4278 millesimo
1342 4233 1425 4297 qna·

291 4313 545 4401 dringenteslmo
561 4338 658 4387 nono.

288 4477 387 4550 (Garsi
399 4475 500 4530 llilrlos
513 4475 597 4531 nitier
606 4477 825 4534 ittletlovaltuek
838 4481 956 4532 enodetis
969 4496 987 4533 a
998 4482 1082 4536 budai
1091 4483 1143 4534 lsir.
1156 4483 1280 4536 hamarai
1293 4483 1423 4540 levhltir-

497 4571 569 4634 han;
588 4585 614 4622 r.
628 4576 653 4622 δ.
667 4569 900 4638 gyiljtemtnytlnlr
912 4574 934 4626 Ι.
948 4573 1005 4628 ket.
1019 4575 1081 4626 282.
1095 4571 1218 4644 ssimit.)
