3148 5156
651 285 715 352 431

116 481 221 548 altera
248 480 333 547 inter
358 481 443 547 lilios
469 487 500 546 et
526 487 662 568 nepotes
679 481 814 548 Comitis
833 481 941 549 Woffa
964 483 997 548 in
1023 482 1106 550 duas
1131 491 1243 568 partes

117 589 251 673 equales
262 588 456 656 dimiserunt
464 588 712 673 possidendum
734 589 1242 658 monasteriumveroOrozlanus

117 703 268 766 uocatum
294 696 355 762 toti
371 694 580 780 generacioni
605 715 716 762 eorum
732 716 900 765 commune
925 717 999 764 esse
1022 709 1241 767 asseruerunt.

117 807 196 872 Item
212 803 352 870 Gbanad
378 803 527 870 similiter
551 823 608 890 pro
624 823 661 871 se
677 812 709 870 et
724 803 791 872 lilio
810 825 868 872 suo
885 804 1016 889 Wecbe,
1033 806 1160 874 'lboma
1184 829 1242 894 pro

117 933 150 980 se
166 921 199 979 et
214 912 282 978 tilio
293 909 411 998 Wgud,
423 911 499 996 filijs
509 911 662 998 Kecbelc,
674 912 753 978 item
763 911 926 979 Michaele
936 933 993 997 pro
1010 933 1047 980 se
1063 915 1170 982 etlilio
1180 935 1240 984 suo

118 1019 301 1102 Dominico,
318 1038 358 1085 ac
373 1018 473 1084 fratre
489 1038 548 1086 suo
565 1018 702 1102 Weytab
712 1019 789 1103 lilijs
809 1019 990 1105 Theodori,
1008 1019 1084 1086 item
1101 1023 1240 1091 Lauren-

118 1127 166 1193 oio
177 1135 211 1194 et
220 1125 381 1211 Gregorio
398 1125 475 1212 filijs
485 1126 609 1194 cremo
619 1125 769 1192 similiter
783 1145 843 1211 pro
860 1145 906 1212 se,
915 1128 1089 1213 nepotibus
1099 1131 1241 1217 Boguzlo

118 1235 228 1301 babis
244 1235 402 1320 Belenyg,
416 1285 417 1288 ,
429 1241 596 1302 cesserunt
620 1233 754 1302 totidem
777 1235 1001 1320 possessiones
1023 1256 1165 1322 numero,
1182 1241 1241 1308 sed

119 1343 349 1410 fructuosiores
365 1341 576 1429 prouentibns
593 1341 625 1406 in
640 1340 852 1408 comitatibus
872 1339 1100 1430 infrascriptis,
1118 1347 1242 1415 scilicet

121 1449 353 1534 Gbanadiensi,
369 1449 591 1536 Thimisiensi,
617 1448 819 1535 Syrimicnsi,
845 1450 878 1515 in
893 1449 1053 1518 Districtu
1072 1453 1241 1542 deblaim,

119 1559 202 1624 vltra
216 1557 330 1642 Zawa,
355 1558 390 1623 in
406 1555 570 1624 comitatu
597 1555 638 1622 de
653 1557 813 1642 Woswar,
838 1557 873 1622 in
892 1557 1053 1625 comitatu
1077 1559 1242 1630 lauriensi

120 1673 151 1732 ct
165 1665 198 1731 in
215 1665 377 1734 comitam
393 1665 606 1751 Musunieusi,
630 1685 767 1750 quarum
782 1665 912 1751 quidem
932 1667 1172 1752 posscssionum
1186 1693 1229 1738 no

122 1773 208 1840 mina
221 1773 256 1840 in
272 1793 384 1841 eorum
401 1774 586 1860 priuilegijs
602 1772 852 1842 diuisionalibus
867 1773 1055 1859 plenissime
1075 1779 1240 1846 continen-

121 1887 189 1964 tnr;
216 1881 276 1948 sub
292 1880 352 1948 tali
368 1881 497 1948 vinculo
513 1889 546 1947 et
572 1881 760 1948 condicione
776 1880 887 1966 penali
902 1879 1084 1966 interiecta,
1111 1885 1197 1969 quod
1212 1888 1241 1953 si

122 2007 182 2070 qua
198 1989 345 2075 parcium
360 1988 402 2055 de
418 1987 543 2055 eisdem
559 2007 659 2074 supra
675 1988 720 2072 id,
737 1987 823 2071 quod
839 1988 902 2055 sibi
921 1987 955 2054 in
971 1990 1158 2074 porcionem
1174 2011 1241 2060 ces-

123 2099 224 2183 sisset,
241 2097 304 2165 sibi
322 2099 556 2185 appropriaret,
574 2098 627 2164 vel
644 2115 804 2182 occupare
820 2097 985 2173 niteretur,
1012 2117 1073 2165 sua
1089 2101 1242 2186 porcione

123 2208 301 2291 priuaretur
327 2225 366 2273 eo
390 2207 496 2291 fact03
524 2207 615 2273 ouius
641 2204 806 2291 porcionis
832 2205 1001 2272 estimonio
1027 2207 1136 2272 media
1163 2228 1239 2293 pars

125 2313 221 2397 Regio
235 2315 345 2398 Fisco,
373 2314 440 2379 alia
455 2332 531 2380 vero
547 2313 704 2379 medietas
719 2311 871 2377 iniuriam
896 2311 1042 2396 pacienti
1057 2319 1089 2379 et
1105 2312 1240 2382 diuisio-

126 2441 193 2486 nem
209 2421 397 2487 obseruanti
414 2421 605 2506 applicetur.
623 2419 694 2486 Hoc
710 2422 814 2487 eciam
831 2417 1006 2502 declarato,
1027 2421 1111 2502 quod
1130 2441 1238 2507 super·

125 2535 186 2594 stes
210 2529 356 2613 parcium
386 2528 601 2614 predictarum
628 2529 660 2593 in
688 2526 823 2592 alterius
854 2527 1037 2611 porcionem
1069 2528 1239 2614 protelatis

125 2636 317 2720 temporibus
327 2655 393 2700 non
408 2635 568 2701 subintret
593 2634 652 2701 sub
668 2638 943 2720 penaprenotata,
954 2633 1100 2718 partibus
1110 2633 1171 2702 hoc
1188 2653 1236 2701 as·

126 2745 320 2812 sumentibus
331 2745 435 2810 eciam
446 2763 509 2809 vno
520 2763 561 2810 eu
575 2743 623 2811 eis
638 2747 843 2826 remanentc;
864 2741 892 2808 si
905 2759 983 2808 vero
993 2743 1113 2827 aliquis
1129 2764 1240 2812 eorum

126 2853 163 2918 de
178 2853 384 2936 porcionibus
410 2851 478 2917 suis
495 2849 619 2935 aliquid
634 2849 828 2916 alienauerit
844 2857 901 2916 aut
925 2849 1111 2936 perdiderit,
1137 2855 1240 2919 eciam

127 2959 223 3025 altera
239 2959 387 3044 porcium
404 2959 508 3044 possit
523 2977 728 3044 recuperare,
755 2963 788 3024 et
803 2958 960 3025 restitutis
976 2979 1105 3045 semper
1123 2980 1240 3048 expen-

126 3067 177 3150 sis,
193 3075 224 3133 et
239 3087 304 3135 non
321 3067 417 3134 aliter
431 3067 538 3154 possit
563 3067 738 3152 rehabere;
765 3066 828 3133 nisi
845 3087 902 3152 per
916 3068 1100 3153 potenciam
1116 3071 1168 3135 vel
1184 3071 1240 3136 ini·

126 3191 214 3253 quum
231 3191 429 3258 processum,
455 3172 562 3240 forma
575 3173 654 3240 iuris
679 3191 742 3237 non
759 3172 933 3238 observata
949 3172 1065 3240 fuisset
1089 3177 1240 3245 exclusus

128 3278 164 3344 de
177 3279 307 3346 eisdem.
335 3283 373 3347 In
390 3281 480 3347 onius
496 3281 543 3347 rei
568 3282 758 3347 memoriam
775 3281 1024 3365 firmitatemque
1048 3293 1238 3370 perpetuam

128 3395 281 3471 presentes
297 3389 517 3457 concessimus
528 3389 667 3473 duplicis
681 3389 784 3472 sigilli
802 3389 904 3455 nostri
915 3393 1091 3458 munimine
1107 3395 1238 3462 robora·

127 3499 183 3562 tas.
210 3499 331 3563 Datum
348 3515 406 3583 per
428 3515 544 3564 manus
561 3495 672 3564 dilecti
697 3497 797 3564 nostri
813 3502 846 3562 et
860 3495 966 3563 tidelis
983 3497 1132 3584 Magistri
1149 3499 1239 3566 Sma-

129 3603 213 3686 ragdi
237 3603 400 3689 Prepositi
416 3603 570 3672 Albensis
595 3605 671 3672 aule
695 3609 805 3672 nostre
828 3603 1128 3690 vicecancellarii,
1155 3629 1239 3676 anno

129 3707 247 3775 Domini
262 3709 435 3776 millesimo
460 3711 680 3780 ducentesimo
700 3712 970 3796 quinquagesimo
987 3721 1090 3798 sexto,
1116 3713 1239 3783 decimo

130 3821 211 3884 sexto
236 3817 396 3884 kalendas
412 3818 572 3906 Januarij,
599 3820 705 3904 Regni
722 3825 829 3887 autem
854 3821 955 3887 nostri
979 3841 1067 3888 anno
1083 3823 1238 3889 vicesimo

129 3926 263 3992 secundo.

131 4082 245 4154 lBitlrory
258 4087 353 4141 lstvdn
367 4089 468 4156 erddlyi
483 4089 630 4156 ruminali,
647 4094 722 4145 tcta.
736 4091 862 4146 Thordr'an
875 4109 892 4144 a
904 4095 993 4154 „teria
1006 4097 1103 4162 quinta
1115 4097 1238 4161 proxima

130 4181 181 4237 post
192 4180 359 4234 Dominicatu
373 4183 578 4247 Rogacionum“
594 4188 691 4233 tartott
713 4184 881 4233 tizenotodtk
901 4182 1109 4250 tbrve'nynapou
1131 4183 1237 4237 kdszlllt

131 4258 269 4331 ittratibbl,
289 4271 363 4335 moly
378 4270 511 4337 egesnben
524 4271 594 4323 reve
606 4273 641 4323 ‘26
661 4269 719 4338 rigi
732 4269 864 4338 oltmrinyt
882 4275 1034 4336 tartalmaz,
1054 4275 1164 4325 abundat
1184 4275 1237 4326 kir.

516 4363 641 4414 kamarai
653 4360 844 4430 levtltdrban.)

543 4593 797 4606 -w—-m
