3134 5158
561 303 722 411 *sos-

86 507 161 594 ipsis
177 507 415 576 mercatoribus
429 505 674 594 persoluendas,
692 511 786 592 prout
800 505 834 573 iu
850 504 981 590 publico
992 505 1204 576 instrumento

86 615 224 684 confecto
250 616 371 684 exinde
386 616 515 703 plenius
541 615 742 700 continetur3
769 612 962 682 mandamus
986 621 1156 699 quatenus,
1175 617 1203 682 si

85 723 240 812 predictus
256 723 533 811 Archiepiscopus
551 728 583 790 et
598 741 803 789 successores
822 722 925 808 ipsius
941 723 975 788 in
984 723 1115 790 statutis
1131 723 1202 790 loco

85 838 113 898 et
126 832 272 900 terminis
288 833 383 898 iuxta
398 831 537 919 predicti
554 838 698 898 tenorem
709 829 926 913 instrumenti,
946 830 993 897 ita
1010 830 1098 916 quod
1113 831 1205 898 nulla

84 939 147 1006 alia
161 940 314 1026 probatio
331 939 384 1007 vel
400 938 559 1006 certitudo
586 957 684 1024 super
700 937 884 1005 huiusmodi
909 937 1017 1004 debito
1042 939 1203 1025 exigatur,

86 1047 317 1114 mercatoribus
333 1050 427 1134 ipsis,
453 1048 570 1132 quibus
586 1047 738 1114 nolumus
763 1053 912 1134 pretextu
929 1049 1069 1116 alicuius
1090 1049 1207 1115 consti-

85 1155 215 1223 tutionis
243 1155 400 1220 canonice
416 1155 467 1220 uel
484 1153 602 1238 ciuilis,
629 1160 685 1219 aut
706 1151 934 1238 cuiuscumque
960 1155 1127 1240 privilegii
1151 1155 1205 1222 uel

86 1261 293 1348 indulgentie,
312 1263 352 1329 de
369 1262 487 1348 quibus
504 1263 539 1329 in
555 1263 676 1328 uostris
691 1261 809 1328 litteris
825 1262 921 1348 plene
936 1268 968 1328 et
984 1281 1148 1350 expresse,
1165 1282 1206 1330 ne

86 1372 233 1440 dererbo
245 1369 434 1438 adverbum
445 1369 672 1457 oporteatfieri
683 1371 889 1454 mentionem,
906 1370 1102 1452 incumbere,
1120 1371 1208 1456 quod

85 1483 123 1548 de
138 1479 287 1566 predicta
303 1481 445 1565 pecunia
460 1481 493 1546 io
510 1481 685 1546 utilitatem
702 1481 807 1566 ipsius
818 1479 964 1546 Ecclesie
980 1479 1025 1545 sit
1036 1498 1205 1567 conversa,

86 1589 124 1655 de
139 1591 280 1674 pecunia
295 1609 358 1656 uon
386 1585 604 1654 satisfecerint
621 1591 811 1670 memorata,
837 1593 873 1652 ut
893 1593 1011 1652 extunc
1033 1588 1069 1652 iu
1086 1587 1207 1654 dictum

89 1696 377 1782 Archiepiscopnm
388 1697 440 1762 uel
451 1713 671 1762 successorem
682 1713 786 1778 suum,
806 1691 861 1778 qui
877 1695 1208 1783 protemporefuerit,

86 1807 277 1872 auctoritate
293 1810 416 1886 nostra,
443 1804 621 1871 monitione
635 1805 797 1888 premissa
820 1802 948 1869 sublato
973 1803 1206 1890 appellationis

87 1913 343 1996 obstaculorum
361 1912 494 1978 differas
510 1911 727 1996 promulgare,
746 1930 784 1977 ac
799 1911 890 1995 ipsos
910 1913 1206 1980 excommunicatos

84 2021 193 2087 tandiu
213 2019 356 2108 {publice
367 2023 505 2104 nunties,
518 2019 662 2086 etfacias
673 2019 969 2106 peraliosinlocis,
986 2019 1041 2086 ubi
1052 2020 1208 2108 expedire

84 2127 212 2210 rideris,
230 2127 375 2195 nuntiari
392 2125 507 2192 diebus
524 2124 696 2193 dominicis
714 2130 746 2190 et
761 2123 898 2212 festivis,
919 2126 1060 2212 pulsatis
1076 2146 1206 2215 campa-

84 2237 132 2302 nis
147 2245 179 2302 et
195 2235 342 2302 candelis
359 2236 515 2320 accensis,
539 2233 643 2301 donec
659 2232 796 2320 prefatis
812 2238 1049 2304 mercatoribus
1074 2237 1116 2304 de
1131 2258 1203 2324 pre-

87 2343 169 2408 dicta
184 2345 326 2429 pecunia
349 2361 421 2408 oum
438 2343 533 2410 iustis
550 2349 582 2408 et
598 2339 775 2408 moderatis
800 2343 963 2429 expensis,
981 2345 1150 2429 interesse,
1168 2366 1207 2413 ac

86 2449 193 2518 debita
208 2451 447 2517 restauratione
464 2447 688 2534 dampnorum,
706 2470 804 2535 super
814 2451 931 2534 quibus
948 2453 1088 2538 simplici
1105 2452 1206 2518 verbo

86 2559 224 2644 ipsorum
250 2563 465 2625 mercatorum
481 2557 534 2624 uel
561 2558 706 2624 cuiusuis
723 2578 833 2625 eorum
849 2561 920 2626 sine
945 2565 1149 2627 sacramento
1173 2567 1207 2627 et

85 2666 270 2750 aliquaalia
280 2665 476 2751 probatione
492 2663 570 2730 dicti
581 2663 856 2752 Archiepiscopus
866 2673 899 2733 et
915 2683 1120 2734 successores
1140 2686 1205 2734 cre

85 2773 157 2842 dere
171 2779 355 2858 teneantur,
372 2775 481 2842 usuris
498 2775 629 2842 omuino
646 2775 860 2860 cessantibus,
877 2775 973 2843 suerit
989 2774 1203 2844 satisfactum.

85 2887 115 2950 Si
132 2904 208 2952 vero
225 2883 314 2951 idem
330 2883 605 2970 Archiepiscopus
622 2884 656 2949 io
673 2884 857 2952 huiusmodi
874 2886 1207 2954 excommunicatione

83 3012 137 3078 per
150 2993 234 3060 dnos
259 3011 388 3060 menses
404 2993 540 3076 steterit,
566 2992 608 3057 ab
626 2989 908 3060 administratione
933 2994 1152 3081 spiritualium
1172 3004 1204 3064 et

83 3101 307 3189 temporalium
332 3095 515 3184 suspendas
532 3099 681 3186 eundem,
707 3101 831 3186 prefixo
847 3101 878 3167 ei
894 3101 1125 3170 nichilominus
1150 3124 1204 3190 pe·
1333 3186 1335 3190 ¹

81 3211 254 3297 temptorio
265 3209 405 3275 termino
421 3209 629 3294 competenti,
647 3227 710 3293 quo
725 3211 943 3294 personaliter
954 3216 1065 3279 nostro
1082 3231 1118 3278 se
1128 3231 1205 3280 con-

80 3319 203 3404 spectui
220 3323 422 3402 representet
439 3335 497 3401 pro
513 3317 639 3382 meritis
655 3323 853 3403 recepturus.
876 3319 951 3385 Non
967 3317 1116 3386 obstante
1131 3339 1205 3386 con-

78 3428 247 3494 stitutione
272 3424 431 3511 predicta,
458 3425 511 3490 vel
534 3425 563 3490 si
589 3422 695 3491 dictus
711 3425 985 3513 Archiepiscopus
1011 3447 1053 3493 ex
1078 3426 1206 3495 indulto

78 3533 268 3619 Apostolico
286 3533 418 3616 habeat,
442 3531 496 3597 uel
512 3531 578 3598 sibi
594 3539 651 3599 aut
675 3535 746 3600 eius
767 3534 1008 3602 successoribus
1033 3536 1206 3620 contigerit

75 3639 254 3724 indulgeri,
281 3639 369 3724 quod
393 3639 678 3725 excommunicari,
707 3638 862 3724 suspendi
888 3641 941 3706 uel
966 3641 1116 3709 interdici
1140 3661 1205 3709 uon

73 3749 215 3833 possint,
244 3765 302 3813 seu
320 3752 413 3812 extra
429 3765 524 3813 suam
548 3747 750 3832 prouinciam
766 3747 809 3812 ad
825 3746 982 3814 iudicium
1002 3749 1132 3814 euocari
1148 3769 1206 3836 per

74 3858 202 3924 litteras
219 3857 440 3942 Apostolicas,
458 3855 625 3940 inquibus
642 3855 683 3922 de
698 3855 823 3923 indulto
843 3855 1027 3923 huiusmodi
1048 3873 1204 3942 expressa

75 3964 115 4030 de
129 3964 235 4031 verbo
262 3962 456 4029 adverbum
473 3963 593 4030 mentio
619 3983 683 4031 nou
699 3962 845 4047 babetur,
872 3983 930 4030 seu
946 3963 1093 4048 qualibet
1116 3961 1205 4030 dicta

75 4071 172 4139 Sedis
189 4069 395 4157 indulgentia
410 4071 593 4158 impetrata,
611 4073 779 4139 ueletiam
796 4070 1012 4158 impetranda,
1028 4091 1087 4158 per
1104 4089 1201 4156 quam

76 4175 137 4244 boc
163 4177 319 4264 impediri
343 4178 455 4246 valeat
479 4179 533 4247 vel
547 4177 681 4246 differri.
708 4181 830 4247 Datum
856 4179 1008 4247 Laterani
1025 4180 1082 4246 IlI.
1099 4198 1205 4247 nonas

78 4285 197 4371 Martii,
211 4285 423 4354 Pontificatus
439 4287 542 4354 nostri
557 4305 644 4353 anuo
660 4285 841 4356 undecimo.
934 4303 947 4320 ³

130 4483 264 4546 (Theium,
277 4487 382 4539 Vetera
393 4487 572 4539 Monumentu
585 4485 729 4536 slavorum
741 4484 950 4538 Meridionalum
963 4485 984 4536 t
998 4486 1054 4538 kur.
1067 4481 1112 4538 81.
1124 4484 1157 4552 l.)

503 4646 773 4664 m
