3148 5156
610 335 684 430 ,et
705 425 725 430 .,

109 529 276 596 concambio
302 549 361 613 pro
377 535 465 594 terra
481 527 660 594 Nedeliclre
685 548 755 593 cum
773 527 914 611 quinque
931 527 1039 613 uillis3
1060 529 1138 594 item
1155 531 1210 596 uil-

109 637 159 702 lam
173 637 202 722 (l
218 638 311 703 talin
331 635 507 720 „torram“)
525 637 644 702 Sancte
661 634 774 701 Crucis
790 654 863 700 cum
880 635 982 702 tribus
1003 635 1102 722 uillis,
1128 658 1210 721 quas

107 743 268 810 abeodem
295 741 387 808 Gurk
412 741 504 809 titulo
529 741 722 828 possederat
747 741 934 828 empcionis,
961 744 1132 812 confessus
1160 755 1211 815 est

106 852 268 920 reddidisse
293 853 438 940 predicto
456 853 546 918 Gnrk
572 851 643 918 iure
659 859 815 938 perpetuo
841 851 1058 938 possidendas
1082 855 1116 921 in
1135 875 1208 923 eon-

105 961 212 1028 eambio
228 981 288 1046 pro
305 969 444 1045 quatuor
459 961 546 1027 uillis
560 959 679 1029 Oomor
695 961 755 1027 sub
772 981 837 1028 una
852 969 940 1028 meta
956 962 1156 1047 constitutis3
1177 969 1210 1030 et

104 1069 173 1151 quod
188 1067 368 1136 addidisset
393 1065 498 1135 cidem
518 1069 608 1135 Gurlt
634 1069 765 1136 racione
792 1069 972 1155 concambij
999 1078 1031 1137 et
1056 1069 1209 1157 precipue

105 1174 284 1260 dileccionis,
300 1195 367 1260 qua
382 1175 446 1242 sibi
461 1177 641 1262 tenebatur,
669 1175 850 1262 nonaginta
866 1183 899 1244 ct
915 1184 1056 1261 quatuor
1072 1197 1208 1244 mareas.

104 1282 181 1361 Quod
197 1285 419 1352 concambium
436 1285 522 1351 idem
539 1285 631 1350 Gurk
648 1283 805 1351 assistens
815 1285 1030 1371 personaliter
1048 1287 1209 1374 approba·

103 1391 148 1478 uit,
162 1394 290 1480 insuper
303 1393 412 1460 taliter
422 1390 487 1478 (se)
503 1390 688 1476 obligando,
706 1393 831 1476 quodsi
846 1413 904 1479 per
914 1394 1058 1478 aliquam
1068 1395 1208 1476 questio

102 1517 161 1563 nem
176 1500 270 1566 uillas
281 1498 473 1584 antedictas,
491 1520 572 1586 quas
586 1500 676 1566 Gurk
694 1497 786 1567 dedit
796 1500 914 1568 Oomiti
924 1501 1086 1586 Michaeli,
1104 1502 1207 1568 amitti

102 1607 294 1691 contingeret,
320 1608 406 1674 idem
424 1608 516 1674 (lurk
543 1614 669 1675 tantum
686 1607 726 1674 de
751 1615 840 1676 terra
855 1629 917 1675 sua
938 1608 1136 1676 hereditaria
1152 1609 1209 1674 ali·
1317 1695 1322 1703 Ι

103 1713 173 1778 unde
187 1715 250 1800 ipsi
265 1714 416 1802 Michaeli
433 1714 551 1782 Cerniti
568 1714 646 1781 darc
661 1721 820 1796 teneatur,
846 1723 879 1782 et
893 1716 1121 1784 nichilominus
1138 1737 1208 1803 pre·

102 1820 174 1889 dicte
187 1823 323 1908 pecunie
338 1821 509 1889 refundere
522 1822 746 1906 quantitatem.
764 1825 802 1888 ln
819 1823 909 1890 cuius
924 1823 973 1889 rei
990 1824 1208 1892 testimonium

100 1939 251 2012 presentes
277 1932 403 1998 litteras
430 1933 624 1998 contulimus
641 1933 741 2016 sigilli
758 1931 859 1999 nostri
885 1933 1060 1999 munimine
1078 1935 1208 2001 robora-

100 2041 150 2102 tas.
173 2040 291 2105 Datum
307 2059 366 2123 per
389 2058 504 2106 manus
520 2038 672 2124 Magistri
698 2039 868 2107 Michaelis
893 2040 1038 2108 Lectoris
1063 2041 1209 2107 Ecclesie

98 2151 195 2210 nostre
211 2164 296 2212 anno
315 2145 446 2212 Domini
462 2147 508 2211 Μ0
519 2145 584 2212 00⁰
595 2147 634 2212 L⁰
648 2153 753 2214 sexto.
1175 2129 1181 2136 ¹

98 2339 220 2402 (Eredotio
240 2340 412 2411 blichilt-tyria,
431 2344 545 2411 melyrd'l
565 2361 582 2396 a
595 2341 724 2411 ktpcetan
744 2342 866 2412 pecsdtjo
885 2351 964 2397 vdrtts
984 2346 1209 2412 solyemzsindrou

164 2433 168 2442 '
344 2436 420 2500 lilgg,
434 2451 450 2487 a
462 2436 545 2487 budai
559 2437 609 2486 inlr.
623 2436 745 2488 kamaraci
763 2433 957 2504 lerdltdrban.)

510 2722 767 2732 ψ

606 3189 682 3257 etl.

97 3367 276 3454 depudesco
303 3369 416 3436 Mikldo
443 3393 538 3446 corrues
562 3377 593 3434 ἐι
618 3375 739 3434 rests-eie
762 3370 895 3434 [adriana
919 3371 1000 3436 lodari
1023 3371 1208 3439 &ricimere

594 3477 691 3542 1256.

186 3657 257 3724 Nos
274 3657 390 3725 Comes
407 3657 545 3723 Mieahel
570 3655 793 3742 significamus
822 3657 972 3724 omnibus
997 3679 1133 3745 presens
1160 3661 1206 3725 in-

88 3763 302 3849 spicientibus,
329 3762 504 3848 quodcum
530 3763 706 3831 karissimo
721 3765 823 3830 fratre
846 3771 957 3830 nostro
978 3764 1105 3830 domito
1124 3765 1207 3831 Lan-

87 3881 186 3941 cereto
211 3873 279 3940 tale
307 3873 442 3940 lecimus
468 3871 706 3961 concambium,
739 3871 825 3956 quod
841 3893 900 3940 nos
927 3873 1076 3939 dedimus
1102 3873 1207 3940 eidem

86 3985 218 4060 quatuor
234 3985 339 4047 terras
350 3977 468 4046 Gomon
484 3979 545 4045 sub
560 3997 626 4045 una
641 3985 729 4044 meta
745 3979 947 4064 constitutas,
964 3985 996 4045 ct
1011 3978 1094 4046 duas
1104 3987 1207 4046 terras

85 4085 221 4172 Welylra
232 4089 336 4156 ceiam
347 4089 407 4154 sub
423 4105 490 4154 una
505 4095 592 4154 meta
605 4086 792 4172 existentes,
811 4105 894 4170 quas
905 4107 1016 4154 omnes
1032 4086 1208 4155 alurkonc

86 4189 143 4262 lilio
158 4195 270 4263 Ochua
285 4197 370 4262 Bani
387 4203 497 4264 nostro
513 4213 634 4280 genero
660 4196 764 4262 eciam
779 4215 838 4282 pro
855 4195 1043 4264 concambio
1064 4195 1207 4280 optinue·
1300 4237 1302 4242 -

85 4321 199 4390 ramus,
218 4325 290 4373 eum
308 4303 422 4372 eodem
437 4305 610 4392 priuilegio
626 4303 772 4390 Capituli
787 4303 1030 4389 Zagrabiensis,
1056 4323 1119 4386 quo
1136 4321 1206 4368 eas-

86 4408 151 4479 dem
165 4423 275 4482 terras
286 4415 496 4498 tenebamus;
514 4419 547 4478 et
559 4417 679 4478 terram
689 4411 872 4496 Pyancovc,
892 4417 1064 4476 aeternam
1074 4409 1210 4494 Bykenc

86 4517 150 4585 iure
164 4527 328 4609 perpetuo
354 4519 573 4607 possidendas
590 4519 646 4604 ita,
670 4525 706 4584 ut
721 4521 814 4584 saluo
830 4519 863 4585 in
881 4519 965 4586 filios
981 4517 1121 4584 liliorum
1137 4537 1207 4602 per·

84 4633 249 4710 potnitatis
281 4629 453 4715 priuilegio
480 4626 522 4694 de
548 4627 643 4694 terris
669 4625 867 4712 supradictis
893 4627 1011 4694 debeat
1042 4625 1208 4710 gratulari.
