3134 5150
697 257 718 322 3

149 473 211 521 eum
224 453 368 520 Albense
394 449 586 536 Capitulum
604 449 725 518 debent
749 449 912 518 adduoere
927 450 971 518 ad
995 451 1102 518 looum
1120 459 1271 539 prenota-

147 567 225 645 tnm;
241 565 274 626 et
287 577 376 646 pars,
393 576 458 643 que
474 557 517 624 de
532 563 675 625 uestrum
688 557 841 642 omnium,
857 557 910 624 uel
926 577 1048 642 eorum,
1068 560 1124 644 qui
1139 577 1269 646 presen-

144 676 189 734 tes
203 686 275 736 osse
290 671 445 753 poterunt
470 665 513 732 de
530 665 636 759 uobis,
660 685 719 752 per
734 684 871 750 quornm
888 664 1058 732 arbitrium
1077 664 1112 732 iu
1127 667 1202 752 ipso
1215 685 1271 734 ue

144 774 231 860 goeio
255 773 401 840 tinnitor
415 770 552 858 proeedi
577 772 737 856 nolumus,
764 773 848 838 siout
871 779 984 858 partes
1009 780 1270 860 assumpserunt,

143 880 271 948 arbitrio
286 879 453 964 resilierit,
469 896 555 963 pene
569 877 667 944 trium
682 897 866 946 marearum
883 877 1078 967 subiacebit,
1099 879 1141 948 de
1158 880 1271 970 damp-

142 988 188 1055 uio
204 988 308 1056 eoiam
326 984 493 1073 preteritis
507 986 592 1052 inter
608 993 721 1072 partes
735 985 823 1053 datis
840 986 1018 1071 hincinde,
1036 988 1121 1055 sieut
1136 987 1267 1074 dieitur,

141 1095 378 1163 ordinacionem
406 1091 626 1161 omnimodam
649 1093 723 1160 uiue
747 1099 860 1162 nostra
884 1093 1014 1162 satiatis
1042 1096 1127 1163 inter
1141 1105 1265 1184 partas.

16 1277 17 1282 ,
142 1203 252 1270 Partes
266 1201 379 1286 itaque
393 1201 429 1267 in
445 1201 572 1268 uetanis
587 1200 781 1268 Natiuitatis
808 1203 910 1270 Beate
925 1202 1069 1288 Virginis
1086 1223 1196 1272 eoram
1212 1224 1267 1272 no
1394 1207 1399 1212 “

141 1311 189 1376 bis
213 1308 468 1396 eomparebunt,
495 1313 529 1374 et
553 1307 739 1394 Capitulum
762 1310 1018 1396 Wesprimiense
1040 1313 1200 1380 Mathiam
1224 1311 1269 1380 de

140 1419 211 1484 Wrs
224 1414 420 1502 pristaldum
430 1435 524 1483 suum
541 1415 638 1483 debet
647 1422 790 1484 statuere
800 1417 858 1484 illo
874 1419 938 1508 die,
949 1419 993 1486 ad
1008 1421 1071 1487 hoo
1080 1419 1265 1506 dioeudum,

141 1533 242 1593 uuum
257 1525 445 1612 Capitulum
460 1525 613 1609 Albense,
633 1546 692 1612 pro
711 1547 775 1612 quo
795 1527 981 1614 Stephanus
998 1526 1116 1597 (lomes
1132 1528 1267 1614 astabit,

16 1723 17 1728 ἵ
141 1633 284 1702 darent
298 1632 343 1700 ad
358 1641 505 1702 nostram
518 1635 723 1721 presenciam
738 1634 783 1702 ad
798 1635 981 1721 quindenas
992 1635 1105 1704 Sauoti
1119 1635 1266 1724 Martini,

140 1761 196 1810 nee
209 1762 260 1826 ue,
276 1747 389 1808 oontm
402 1740 591 1828 Capitulum
600 1743 866 1829 wesprimiense.
883 1745 1004 1810 Datum
1017 1742 1109 1812 Bude
1124 1745 1158 1810 in
1174 1744 1266 1812 anna

141 1849 782 1936 dommeRegtneinferioquiudeumum
792 1850 1122 1921 Penteehostesferia
1138 1851 1266 1938 quinta.

141 2047 272 2110 (Predetie
283 2045 458 2114 uorutrrytu,
478 2047 592 2116 melyrb'l
603 2065 621 2101 a
632 2047 779 2116 kirtlynak
792 2046 868 2102 itaut
882 2051 935 2102 oda
947 2056 1072 2116 nyomott
1093 2045 1213 2117 peradtje
1227 2048 1265 2100 el·

361 2141 477 2198 rasaett,
489 2149 507 2186 a
518 2135 667 2202 vesapremi
679 2133 812 2204 ludptalau
824 2134 1032 2204 levelttrtbsu)

570 2404 829 2414 ——ssq—‘u--a--n

133 3069 190 3132 IX.
207 3065 343 3154 Garpaly
354 3069 448 3153 pcipe
458 3065 559 3130 Joooe
566 3064 689 3151 jddror'
704 3065 852 3130 boehm
866 3065 1063 3153 mepbopyjo,
1078 3064 1159 3154 bogy
1169 3068 1261 3132 ualo-

125 3179 186 3262 yon
201 3197 270 3261 meg
286 3174 337 3262 olp
346 3172 589 3240 iotetakeddoelrat
604 3172 699 3256 aaut,
714 3171 832 3258 meoet
847 3196 886 3238 aa
901 3173 1032 3260 oppleri
1043 3172 1261 3260 fapyalammel

16 3273 17 3280 ἵ
470 3277 649 3346 alberedae
664 3280 801 3344 vaenale.
824 3283 924 3348 1226.

248 3457 427 3546 Gregorius
454 3457 637 3544 Episoopns
663 3476 778 3524 servus
803 3477 970 3526 servorum
995 3456 1059 3524 Dei
1081 3460 1261 3529 venerabili

128 3567 223 3637 tratri
240 3617 248 3632 .
266 3618 275 3634 .
294 3621 302 3636 .
318 3567 574 3653 Arebiepisoopo
590 3563 744 3633 Jadreusi
761 3567 901 3632 salutem
921 3570 954 3633 et
969 3566 1192 3652 Apostolioam
1206 3569 1260 3637 be·

127 3676 358 3744 nediotionem.
385 3674 616 3761 sperabamus,
642 3671 740 3758 quod,
761 3692 834 3740 oum
850 3673 891 3740 de
908 3673 1068 3758 qualitate
1083 3681 1188 3743 status
1202 3677 1259 3760 tui,

126 3803 187 3870 pro
203 3804 254 3872 eo,
280 3783 369 3868 quod
384 3783 430 3851 sis
445 3781 479 3848 in
505 3789 629 3850 remoto
645 3781 784 3870 positus,
807 3781 923 3848 baberi
937 3780 978 3848 de
994 3781 1084 3849 saoili
1099 3782 1258 3850 oertitudo

16 3943 17 3946 ,
126 3913 191 3959 non
205 3893 322 3980 possit,
349 3891 411 3958 illa
425 3896 531 3957 mente
547 3889 641 3974 vigili
657 3889 804 3958 studeres
821 3888 958 3974 efficere,
986 3905 1045 3976 per
1060 3907 1146 3973 quae
1164 3888 1259 3957 nobis

125 4000 326 4086 quandoque
341 4005 517 4085 oonstaret,
534 4006 567 4066 te
583 3999 738 4065 virtutum
753 3997 939 4084 fragrantia
954 4017 1014 4082 pro
1031 3995 1257 4082 Redemptoris

16 4107 17 4176 ]
124 4111 240 4197 gloria,
257 4114 292 4176 et
306 4110 415 4175 salute
431 4107 491 4174 tibi
507 4107 674 4176 oommissi
688 4106 803 4194 populi
818 4105 978 4173 redolere.
1000 4102 1066 4170 Sed
1081 4123 1169 4189 eooe,
1185 4125 1258 4174 oon·

123 4218 258 4286 marium
284 4238 328 4285 ex
344 4234 384 4282 eo
400 4213 582 4298 didicimus,
609 4214 820 4298 admirantes,
846 4213 944 4298 quod,
969 4232 1042 4280 oum
1068 4212 1200 4298 quidam
1216 4235 1258 4282 ox

123 4327 251 4396 dileetio
268 4324 350 4394 filiis
375 4321 532 4390 fratribus
549 4320 684 4390 Ordinis
698 4322 873 4407 Minorem,
898 4320 954 4406 qui
973 4321 1042 4388 fere
1064 4321 1148 4390 nihil
1166 4321 1258 4391 aliud

122 4441 283 4522 quaerunt
298 4431 355 4500 vel
372 4431 530 4516 cogitent,
557 4430 622 4497 nisi
637 4427 726 4513 quod
746 4429 897 4512 singulae
922 4428 1089 4496 hominnm
1106 4429 1257 4496 nationes

121 4544 230 4611 Divini
248 4541 344 4609 eultu
369 4538 510 4604 nominis
533 4537 774 4623 refulgesoaut,
801 4537 845 4604 ad
865 4537 1031 4604 divitatem
1050 4537 1254 4639 ledrensem,

1052 4653 1067 4706 1
1080 4655 1096 4689 t
