3134 5150
620 1121 651 1189 1.

106 1295 146 1362 11⁷.
158 1298 226 1365 aaa
246 1301 354 1390 ttraly
372 1304 500 1389 Rcapen
525 1303 557 1367 ca
571 1301 693 1370 Sacram
716 1303 904 1392 tetpoepota
915 1359 924 1392 ,
948 1307 1096 1398 melpska
1110 1311 1193 1377 Imre

104 1401 183 1492 arcp
202 1430 220 1472 c
241 1407 363 1497 lebdnye'
386 1408 589 1476 monostortdl
613 1409 721 1494 elucet,
753 1415 862 1480 cartole
887 1417 976 1482 iamet
1000 1417 1193 1506 viecaoadju.

516 1519 751 1584 raca-1241.

178 1711 237 1780 Nos
253 1713 288 1780 B.
305 1713 371 1779 Dei
388 1713 502 1797 gracia
517 1715 588 1780 Rex
603 1712 773 1798 Hungarie
792 1719 905 1782 tenore
920 1717 1124 1802 presencium
1139 1719 1192 1789 de·

101 1814 226 1888 elusum
247 1820 431 1907 uniuersis,
458 1818 546 1906 qnod
570 1821 764 1889 constitutus
789 1842 900 1890 eoram
924 1823 1019 1892 nobis
1033 1826 1191 1913 Magister

101 1921 225 1995 omum
240 1928 327 1996 iilius
344 1927 391 1998 St
409 1929 508 2015 peciit
524 1949 546 1996 a
560 1927 667 2013 nobis,
689 1929 777 2014 quod
792 1929 874 1997 duas
890 1931 988 1999 villas
998 1933 1188 2023 Monastcrij

99 2029 180 2100 Sancti
193 2035 303 2104 Jacobi
320 2037 363 2103 de
372 2037 497 2123 Lyben,
515 2037 652 2122 Reugen
668 2038 836 2105 etSassnn
852 2046 999 2124 uocatas,
1014 2061 1074 2128 por
1090 2043 1185 2113 domi-

98 2157 151 2203 mm
163 2143 272 2228 Regem
287 2145 474 2210 Emericnm
489 2143 595 2211 felicis
611 2145 766 2212 memorie
781 2144 970 2215 Alexandro
990 2146 1083 2220 fratri
1099 2151 1187 2218 Pocb

98 2244 208 2316 Pulatini
221 2258 251 2316 et
260 2249 400 2320 Comitis
409 2251 629 2318 Musuniensis
645 2272 704 2337 pro
721 2271 851 2319 suorum
867 2254 1078 2322 seruiciorum
1094 2277 1188 2344 opor-

97 2354 158 2420 tunis
170 2359 364 2444 temporibus
380 2355 522 2426 fideliter
538 2365 571 2426 et
586 2358 798 2427 laudabiliter
812 2361 1031 2446 impensorum
1041 2361 1187 2449 (exigen-

96 2459 141 2544 cic)
160 2465 298 2552 oileus,
326 2466 488 2550 equibus
514 2465 641 2534 duabus
666 2465 754 2535 villis
780 2467 906 2536 scilicet
921 2468 1036 2535 villcm
1052 2471 1187 2554 Rengen

97 2577 223 2655 nouom,
246 2594 313 2658 qua
337 2573 488 2658 superius
504 2573 618 2641 villam
636 2573 741 2658 Baan,
766 2594 829 2660 que
846 2581 896 2642 est
916 2576 1061 2644 eiusdem
1077 2579 1186 2647 Monu-

95 2677 170 2762 sterij,
191 2679 343 2748 adiacere
366 2680 554 2767 dinoscitur,
581 2681 756 2750 abeodem
771 2683 972 2752 Monasterio
996 2683 1184 2772 nouitatem,

95 2784 266 2872 eiusdemque
274 2788 469 2873 Monasterij
482 2789 576 2873 vicijs
593 2809 659 2856 non
670 2790 886 2874 exigentibus,
907 2810 967 2858 nec
976 2792 1183 2876 merentibus,

94 2895 251 2984 auterendo,
283 2897 402 2964 Oastm
427 2897 629 2963 Musuniensi
654 2898 796 2964 locatam
805 2921 815 2981 ¹;
848 2905 881 2965 et
907 2899 1044 2967 alteram
1068 2901 1183 2968 villam

92 3000 182 3070 boun
195 3011 358 3088 uocatam,
382 3023 447 3088 qua
463 3003 593 3070 adiacet
608 3023 703 3070 secus
719 3004 852 3071 fluuium
869 3006 963 3091 Scor,
987 3007 1105 3075 Oomiti
1120 3011 1183 3076 Va·

93 3106 183 3176 lutino
196 3114 259 3182 tilio
269 3114 414 3198 Ceqnen,
430 3131 491 3197 pro
507 3109 648 3178 diuersis
657 3110 764 3194 Regni
779 3117 885 3178 status
905 3113 1080 3182 mobilibus
1097 3117 1183 3182 sirni-

91 3213 143 3282 tier
153 3221 262 3289 antemi
277 3222 474 3304 feceramus,
489 3215 722 3303 redderemus;
739 3237 837 3304 super
854 3218 971 3303 quibus
986 3221 1111 3288 scilicet
1125 3223 1182 3289 vil-

92 3321 320 3415 lbpriniteginm
345 3327 468 3394 domini
483 3327 587 3394 nostri
611 3325 717 3412 patris
731 3326 910 3410 karissimi,
928 3329 1030 3412 Regis
1049 3328 1182 3398 Andrce

91 3429 170 3500 inclite
183 3436 433 3520 recordacionis,
460 3435 557 3501 nobis
573 3435 741 3518 exhybuit.
767 3435 830 3500 Vbi
848 3433 988 3501 vidimus
1013 3435 1180 3520 contineri,

90 3543 297 3620 innominatus
306 3545 405 3612 villas
415 3545 549 3627 Reugen
560 3544 724 3610 etScssnn
737 3547 873 3610 vocatae
882 3541 1070 3612 Alexandro
1088 3544 1181 3612 fratri

90 3643 147 3716 Pctb
158 3653 296 3719 Palatini
320 3671 379 3739 per
404 3649 570 3719 dominnm
594 3650 779 3717 Emericum
793 3652 917 3735 Regem
942 3669 1015 3718 esse
1039 3652 1178 3720 collatas

89 3757 253 3846 cdonates,
280 3763 412 3830 omuino
437 3765 596 3826 metarum
621 3766 799 3826 terreorum
825 3757 938 3824 ordine
961 3765 993 3824 et
1011 3757 1179 3825 distino‘u.

88 3860 133 3930 Noe
144 3867 244 3954 igitur,
261 3869 321 3954 qni
336 3867 418 3936 nulli
434 3866 550 3936 deesse
564 3867 725 3950 uolumus,
746 3865 854 3932 sedin
870 3885 931 3932 sua
946 3865 1179 3932 iusticiaenno-

86 3970 348 4044 tbdesidernmns
371 3977 490 4060 inesse,
517 3981 554 4041 nt
568 3975 724 4042 debemus
749 3980 782 4039 et
806 3983 971 4056 tenemur;
997 3971 1179 4056 predictam

86 4077 165 4149 diam
180 4085 317 4170 Rengen
331 4103 404 4150 cum
419 4083 488 4152 suis
507 4080 718 4168 pertinencijs
734 4101 756 4148 a
771 4079 887 4148 Castro
903 4079 1121 4165 Musuniensi;
1139 4100 1178 4147 ac

85 4187 166 4256 ultam
180 4192 307 4258 Sassun
322 4209 394 4256 cum
410 4187 560 4256 omnibns
575 4187 769 4254 vtilitatibus
785 4187 864 4271 eius,
889 4185 1066 4254 auferendo
1083 4206 1103 4253 a
1120 4185 1178 4256 Oo-

84 4297 135 4364 nite
153 4299 327 4367 Valentino
351 4279 418 4364 tilio
444 4297 585 4382 Goqaen,
609 4317 668 4383 pro
693 4296 825 4364 iusticia
851 4295 964 4382 pocius
991 4315 1030 4363 ao
1053 4295 1177 4365 meritis

84 4398 149 4472 tecti
160 4407 277 4476 Jacobi
286 4405 447 4492 Apostoli,
464 4425 503 4473 ce
519 4404 754 4491 circumspecta
765 4403 947 4471 fideliorum
965 4403 1176 4474 seraieiorom

83 4505 196 4597 bpbtri
210 4512 356 4582 eonem
371 4512 430 4598 filij
439 4513 486 4580 St
503 4512 705 4598 temporibus
721 4511 889 4599 oportunis
905 4511 1000 4582 nobis
1015 4509 1175 4579 exhibito·

82 4632 135 4706 un,
148 4622 236 4690 iuxta
246 4621 489 4691 continenciam
503 4621 751 4708 priuilegiornm
762 4619 886 4688 domini
901 4619 1005 4688 nostri
1024 4627 1057 4685 et
1072 4617 1176 4702 putris

107 4753 191 4796 rom.
206 4757 295 4796 ausu.
314 4755 383 4792 nter.
403 4766 439 4777 -
457 4757 528 4794 nrm„
546 4749 580 4788 ta.
995 4733 1010 4786 1
