<?xml version="1.0" encoding="UTF-8"?>
<!DOCTYPE html PUBLIC "-//W3C//DTD XHTML 1.0 Transitional//EN"
    "http://www.w3.org/TR/xhtml1/DTD/xhtml1-transitional.dtd">
<html xmlns="http://www.w3.org/1999/xhtml" xml:lang="en" lang="en">
 <head>
  <title>
</title>
<meta http-equiv="Content-Type" content="text/html;charset=utf-8" />
  <meta name='ocr-system' content='tesseract 3.04.00' />
  <meta name='ocr-capabilities' content='ocr_page ocr_carea ocr_par ocr_line ocrx_word'/>
</head>
<body>
  <div class='ocr_page' id='page_1' title='image "./codexdiplomatic15wenzgoog_0375.png"; bbox 0 0 3082 5150; ppageno 0'>
   <div class='ocr_carea' id='block_1_1' title="bbox 821 277 978 385">
    <p class='ocr_par' dir='ltr' id='par_1_1' title="bbox 821 277 978 385">
     <span class='ocr_line' id='line_1_1' title="bbox 821 277 978 385; baseline -0.006 -39"><span class='ocrx_word' id='word_1_1' title='bbox 821 277 978 385; x_wconf 55' lang='lat' dir='ltr'><strong>jep—</strong></span> 
     </span>
    </p>
   </div>
   <div class='ocr_carea' id='block_1_2' title="bbox 336 475 1461 1322">
    <p class='ocr_par' dir='ltr' id='par_1_2' title="bbox 336 475 1459 564">
     <span class='ocr_line' id='line_1_2' title="bbox 336 475 1459 564; baseline -0.01 -13"><span class='ocrx_word' id='word_1_2' title='bbox 336 485 458 552; x_wconf 91' lang='lat' dir='ltr'><strong>Dumin</strong></span> <span class='ocrx_word' id='word_1_3' title='bbox 475 503 515 548; x_wconf 91' lang='lat' dir='ltr'><strong>m.</strong></span> <span class='ocrx_word' id='word_1_4' title='bbox 527 503 568 547; x_wconf 85' lang='lat' dir='ltr'><strong>nr.</strong></span> <span class='ocrx_word' id='word_1_5' title='bbox 581 501 624 548; x_wconf 86' lang='lat' dir='ltr'><strong>ss.</strong></span> <span class='ocrx_word' id='word_1_6' title='bbox 641 517 684 530; x_wconf 92' lang='lat'>—</span> <span class='ocrx_word' id='word_1_7' title='bbox 700 479 771 564; x_wconf 79' lang='lat' dir='ltr'><strong>Ego</strong></span> <span class='ocrx_word' id='word_1_8' title='bbox 787 478 903 545; x_wconf 88' lang='lat' dir='ltr'><strong>Petrus</strong></span> <span class='ocrx_word' id='word_1_9' title='bbox 914 475 1145 543; x_wconf 84' lang='lat' dir='ltr'><strong>Scaudolarius</strong></span> <span class='ocrx_word' id='word_1_10' title='bbox 1156 475 1329 560; x_wconf 79' lang='lat' dir='ltr'><strong>Presbyter</strong></span> <span class='ocrx_word' id='word_1_11' title='bbox 1343 475 1459 543; x_wconf 89' lang='lat' dir='ltr'><strong>Sancti</strong></span> 
     </span>
    </p>

    <p class='ocr_par' dir='ltr' id='par_1_3' title="bbox 336 584 1458 680">
     <span class='ocr_line' id='line_1_3' title="bbox 336 584 1458 680; baseline -0.008 -20"><span class='ocrx_word' id='word_1_12' title='bbox 336 591 560 680; x_wconf 86' lang='lat' dir='ltr'><strong>Appollinaris</strong></span> <span class='ocrx_word' id='word_1_13' title='bbox 580 588 702 655; x_wconf 83' lang='lat' dir='ltr'><strong>Jadrne</strong></span> <span class='ocrx_word' id='word_1_14' title='bbox 717 588 886 673; x_wconf 85' lang='lat' dir='ltr'><strong>Notarius,</strong></span> <span class='ocrx_word' id='word_1_15' title='bbox 902 585 953 652; x_wconf 89' lang='lat' dir='ltr'><strong>bis</strong></span> <span class='ocrx_word' id='word_1_16' title='bbox 968 585 1145 672; x_wconf 78' lang='lat' dir='ltr'><strong>praedictis</strong></span> <span class='ocrx_word' id='word_1_17' title='bbox 1166 584 1298 651; x_wconf 85' lang='lat' dir='ltr'><strong>interfui</strong></span> <span class='ocrx_word' id='word_1_18' title='bbox 1314 592 1458 670; x_wconf 82' lang='lat' dir='ltr'><strong>rogetus,</strong></span> 
     </span>
    </p>

    <p class='ocr_par' dir='ltr' id='par_1_4' title="bbox 336 693 1458 896">
     <span class='ocr_line' id='line_1_4' title="bbox 338 693 1458 782; baseline -0.011 -11"><span class='ocrx_word' id='word_1_19' title='bbox 338 712 372 771; x_wconf 89' lang='lat' dir='ltr'><strong>ut</strong></span> <span class='ocrx_word' id='word_1_20' title='bbox 396 699 508 770; x_wconf 89' lang='lat' dir='ltr'><strong>audivi</strong></span> <span class='ocrx_word' id='word_1_21' title='bbox 534 699 618 766; x_wconf 88' lang='lat' dir='ltr'><strong>banc</strong></span> <span class='ocrx_word' id='word_1_22' title='bbox 642 705 766 766; x_wconf 87' lang='lat' dir='ltr'><strong>cartam</strong></span> <span class='ocrx_word' id='word_1_23' title='bbox 791 694 926 782; x_wconf 77' lang='lat' dir='ltr'>scripsi,</span> <span class='ocrx_word' id='word_1_24' title='bbox 951 693 1103 762; x_wconf 73' lang='lat' dir='ltr'><strong>roboravi</strong></span> <span class='ocrx_word' id='word_1_25' title='bbox 1128 699 1161 758; x_wconf 90' lang='lat' dir='ltr'><strong>et</strong></span> <span class='ocrx_word' id='word_1_26' title='bbox 1185 693 1280 778; x_wconf 87' lang='lat' dir='ltr'><strong>signo</strong></span> <span class='ocrx_word' id='word_1_27' title='bbox 1306 705 1458 761; x_wconf 81' lang='lat' dir='ltr'><strong>consueto</strong></span> 
     </span>
     <span class='ocr_line' id='line_1_5' title="bbox 336 809 478 896; baseline -0.035 -17"><span class='ocrx_word' id='word_1_28' title='bbox 336 809 478 896; x_wconf 82' lang='lat' dir='ltr'><strong>signari.</strong></span> 
     </span>
    </p>

    <p class='ocr_par' dir='ltr' id='par_1_5' title="bbox 932 909 1458 997">
     <span class='ocr_line' id='line_1_6' title="bbox 932 909 1458 997; baseline -0.008 -17"><span class='ocrx_word' id='word_1_29' title='bbox 932 913 1003 997; x_wconf 80' lang='lat' dir='ltr'><strong>Ego</strong></span> <span class='ocrx_word' id='word_1_30' title='bbox 1020 909 1153 978; x_wconf 80' lang='lat' dir='ltr'><strong>Gabriel</strong></span> <span class='ocrx_word' id='word_1_31' title='bbox 1168 911 1327 978; x_wconf 81' lang='lat' dir='ltr'><strong>Paulinus</strong></span> <span class='ocrx_word' id='word_1_32' title='bbox 1344 919 1378 978; x_wconf 90' lang='lat' dir='ltr'><strong>et</strong></span> <span class='ocrx_word' id='word_1_33' title='bbox 1391 913 1458 977; x_wconf 89' lang='lat' dir='ltr'><strong>Du·</strong></span> 
     </span>
    </p>

    <p class='ocr_par' dir='ltr' id='par_1_6' title="bbox 373 1019 1458 1116">
     <span class='ocr_line' id='line_1_7' title="bbox 373 1019 1458 1116; baseline -0.007 -22"><span class='ocrx_word' id='word_1_34' title='bbox 373 1027 450 1116; x_wconf 86' lang='lat' dir='ltr'><strong>(llic</strong></span> <span class='ocrx_word' id='word_1_35' title='bbox 466 1025 555 1094; x_wconf 83' lang='lat' dir='ltr'><strong>cadit</strong></span> <span class='ocrx_word' id='word_1_36' title='bbox 569 1026 660 1092; x_wconf 91' lang='lat' dir='ltr'><strong>locus</strong></span> <span class='ocrx_word' id='word_1_37' title='bbox 676 1025 762 1111; x_wconf 90' lang='lat' dir='ltr'><strong>signi</strong></span> <span class='ocrx_word' id='word_1_38' title='bbox 870 1021 952 1088; x_wconf 86' lang='lat' dir='ltr'><strong>calis</strong></span> <span class='ocrx_word' id='word_1_39' title='bbox 971 1022 1076 1087; x_wconf 82' lang='lat' dir='ltr'><strong>Aulae</strong></span> <span class='ocrx_word' id='word_1_40' title='bbox 1093 1019 1306 1087; x_wconf 75' lang='lat' dir='ltr'><strong>venetiarum</strong></span> <span class='ocrx_word' id='word_1_41' title='bbox 1329 1019 1458 1086; x_wconf 78' lang='lat' dir='ltr'><strong>Cancel-</strong></span> 
     </span>
    </p>

    <p class='ocr_par' dir='ltr' id='par_1_7' title="bbox 496 1125 1461 1219">
     <span class='ocr_line' id='line_1_8' title="bbox 496 1125 1461 1219; baseline -0.008 -19"><span class='ocrx_word' id='word_1_42' title='bbox 496 1132 640 1219; x_wconf 86' lang='lat' dir='ltr'><strong>Notarii)</strong></span> <span class='ocrx_word' id='word_1_43' title='bbox 870 1129 973 1197; x_wconf 86' lang='lat' dir='ltr'><strong>larius</strong></span> <span class='ocrx_word' id='word_1_44' title='bbox 983 1125 1160 1215; x_wconf 87' lang='lat' dir='ltr'><strong>praedictis</strong></span> <span class='ocrx_word' id='word_1_45' title='bbox 1175 1127 1309 1195; x_wconf 75' lang='lat' dir='ltr'><strong>inten‘ui</strong></span> <span class='ocrx_word' id='word_1_46' title='bbox 1321 1139 1356 1195; x_wconf 89' lang='lat' dir='ltr'><strong>et</strong></span> <span class='ocrx_word' id='word_1_47' title='bbox 1370 1148 1461 1211; x_wconf 87' lang='lat' dir='ltr'><strong>roga·</strong></span> 
     </span>
    </p>

    <p class='ocr_par' dir='ltr' id='par_1_8' title="bbox 870 1235 1459 1322">
     <span class='ocr_line' id='line_1_9' title="bbox 870 1235 1459 1322; baseline -0.007 -18"><span class='ocrx_word' id='word_1_48' title='bbox 870 1244 923 1304; x_wconf 89' lang='lat' dir='ltr'><strong>tus</strong></span> <span class='ocrx_word' id='word_1_49' title='bbox 933 1237 1061 1322; x_wconf 75' lang='lat' dir='ltr'><strong>scripsi,</strong></span> <span class='ocrx_word' id='word_1_50' title='bbox 1077 1236 1238 1320; x_wconf 80' lang='lat' dir='ltr'><strong>complevi</strong></span> <span class='ocrx_word' id='word_1_51' title='bbox 1249 1243 1282 1303; x_wconf 90' lang='lat' dir='ltr'><strong>et</strong></span> <span class='ocrx_word' id='word_1_52' title='bbox 1297 1235 1459 1304; x_wconf 79' lang='lat' dir='ltr'><strong>roboravi.</strong></span> 
     </span>
    </p>
   </div>
   <div class='ocr_carea' id='block_1_3' title="bbox 401 1432 1398 1506">
    <p class='ocr_par' dir='ltr' id='par_1_9' title="bbox 401 1432 1398 1506">
     <span class='ocr_line' id='line_1_10' title="bbox 401 1432 1398 1506; baseline -0.007 -14"><span class='ocrx_word' id='word_1_53' title='bbox 401 1439 436 1506; x_wconf 86' lang='grc' dir='ltr'><strong>(Δ</strong></span> <span class='ocrx_word' id='word_1_54' title='bbox 449 1441 585 1494; x_wconf 84' lang='lat' dir='ltr'><strong>velencaei</strong></span> <span class='ocrx_word' id='word_1_55' title='bbox 597 1441 681 1492; x_wconf 85' lang='lat' dir='ltr'><strong>Liber</strong></span> <span class='ocrx_word' id='word_1_56' title='bbox 694 1439 839 1491; x_wconf 80' lang='lat' dir='ltr'><strong>Paetorum</strong></span> <span class='ocrx_word' id='word_1_57' title='bbox 852 1433 939 1488; x_wconf 85' lang='lat' dir='ltr'><strong>caimil</strong></span> <span class='ocrx_word' id='word_1_58' title='bbox 952 1432 1172 1500; x_wconf 74' lang='lat' dir='ltr'><strong>illamkcnyvbcl</strong></span> <span class='ocrx_word' id='word_1_59' title='bbox 1185 1437 1220 1486; x_wconf 90' lang='lat'><strong>11.</strong></span> <span class='ocrx_word' id='word_1_60' title='bbox 1235 1436 1294 1488; x_wconf 72' lang='lat' dir='ltr'><strong>iret.</strong></span> <span class='ocrx_word' id='word_1_61' title='bbox 1309 1437 1352 1488; x_wconf 78' lang='lat'><strong>7⁶.</strong></span> <span class='ocrx_word' id='word_1_62' title='bbox 1368 1433 1398 1503; x_wconf 89' lang='lat' dir='ltr'><strong>l.)</strong></span> 
     </span>
    </p>
   </div>
   <div class='ocr_carea' id='block_1_4' title="bbox 771 1711 1024 1719">
    <p class='ocr_par' dir='ltr' id='par_1_10' title="bbox 771 1711 1024 1719">
     <span class='ocr_line' id='line_1_11' title="bbox 771 1711 1024 1719; baseline -0.008 0"><span class='ocrx_word' id='word_1_63' title='bbox 771 1711 1024 1719; x_wconf 71' lang='lat'><em>——.------——-</em></span> 
     </span>
    </p>
   </div>
   <div class='ocr_carea' id='block_1_5' title="bbox 334 2331 1454 2532">
    <p class='ocr_par' dir='ltr' id='par_1_11' title="bbox 334 2331 1454 2532">
     <span class='ocr_line' id='line_1_12' title="bbox 334 2331 1454 2424; baseline -0.007 -22"><span class='ocrx_word' id='word_1_64' title='bbox 334 2336 393 2402; x_wconf 91' lang='lat' dir='ltr'><strong>IV.</strong></span> <span class='ocrx_word' id='word_1_65' title='bbox 410 2335 489 2402; x_wconf 85' lang='lat' dir='ltr'><strong>Be&#39;la</strong></span> <span class='ocrx_word' id='word_1_66' title='bbox 513 2337 681 2424; x_wconf 72' lang='lat' dir='ltr'><strong>lirdlyaok</strong></span> <span class='ocrx_word' id='word_1_67' title='bbox 708 2335 804 2402; x_wconf 82' lang='lat' dir='ltr'><strong>Ozldr</strong></span> <span class='ocrx_word' id='word_1_68' title='bbox 820 2335 952 2400; x_wconf 72' lang='lat' dir='ltr'><strong>Rrrokor</strong></span> <span class='ocrx_word' id='word_1_69' title='bbox 971 2335 1122 2421; x_wconf 73' lang='lat' dir='ltr'><strong>tdrqyazci</strong></span> <span class='ocrx_word' id='word_1_70' title='bbox 1147 2333 1327 2420; x_wconf 68' lang='lat' dir='ltr'><strong>adomayo</strong></span> <span class='ocrx_word' id='word_1_71' title='bbox 1351 2331 1454 2400; x_wconf 78' lang='lat' dir='ltr'><strong>Gorlo</strong></span> 
     </span>
     <span class='ocr_line' id='line_1_13' title="bbox 462 2439 1335 2532; baseline -0.005 -23"><span class='ocrx_word' id='word_1_72' title='bbox 462 2445 689 2532; x_wconf 73' lang='lat' dir='ltr'><strong>nemzetcdqbeli</strong></span> <span class='ocrx_word' id='word_1_73' title='bbox 706 2443 864 2523; x_wconf 84' lang='lat' dir='ltr'><strong>Oltomon,</strong></span> <span class='ocrx_word' id='word_1_74' title='bbox 881 2441 1047 2524; x_wconf 73' lang='lat' dir='ltr'><strong>Petoaofia</strong></span> <span class='ocrx_word' id='word_1_75' title='bbox 1065 2446 1220 2509; x_wconf 78' lang='lat' dir='ltr'><strong>czdnro&#39;ru.</strong></span> <span class='ocrx_word' id='word_1_76' title='bbox 1236 2439 1335 2506; x_wconf 84' lang='lat'><em>1252.</em></span> 
     </span>
    </p>
   </div>
   <div class='ocr_carea' id='block_1_6' title="bbox 325 2639 1523 4685">
    <p class='ocr_par' dir='ltr' id='par_1_12' title="bbox 325 2639 1523 4685">
     <span class='ocr_line' id='line_1_14' title="bbox 440 2639 1454 2728; baseline -0.003 -20"><span class='ocrx_word' id='word_1_77' title='bbox 440 2643 522 2710; x_wconf 91' lang='lat' dir='ltr'><strong>Bela</strong></span> <span class='ocrx_word' id='word_1_78' title='bbox 547 2643 610 2710; x_wconf 90' lang='lat' dir='ltr'><strong>Dei</strong></span> <span class='ocrx_word' id='word_1_79' title='bbox 635 2641 749 2727; x_wconf 77' lang='lat' dir='ltr'><strong>gracia</strong></span> <span class='ocrx_word' id='word_1_80' title='bbox 774 2639 953 2728; x_wconf 82' lang='lat' dir='ltr'><strong>Hungarie,</strong></span> <span class='ocrx_word' id='word_1_81' title='bbox 979 2639 1161 2724; x_wconf 87' lang='lat' dir='ltr'><strong>Dalmacie‚</strong></span> <span class='ocrx_word' id='word_1_82' title='bbox 1181 2639 1329 2722; x_wconf 65' lang='lat' dir='ltr'><strong>(troanie,</strong></span> <span class='ocrx_word' id='word_1_83' title='bbox 1345 2641 1454 2722; x_wconf 88' lang='lat' dir='ltr'><strong>Rame,</strong></span> 
     </span>
     <span class='ocr_line' id='line_1_15' title="bbox 330 2747 1454 2838; baseline -0.006 -18"><span class='ocrx_word' id='word_1_84' title='bbox 330 2751 453 2836; x_wconf 81' lang='lat' dir='ltr'><strong>Seruie,</strong></span> <span class='ocrx_word' id='word_1_85' title='bbox 465 2751 615 2838; x_wconf 79' lang='lat' dir='ltr'><strong>Gallicis,</strong></span> <span class='ocrx_word' id='word_1_86' title='bbox 633 2751 832 2834; x_wconf 85' lang='lat' dir='ltr'><strong>Lodomerie‚</strong></span> <span class='ocrx_word' id='word_1_87' title='bbox 844 2750 1065 2836; x_wconf 81' lang='lat' dir='ltr'><strong>Gumanieque</strong></span> <span class='ocrx_word' id='word_1_88' title='bbox 1074 2751 1144 2816; x_wconf 83' lang='lat' dir='ltr'><strong>Rex</strong></span> <span class='ocrx_word' id='word_1_89' title='bbox 1162 2748 1322 2816; x_wconf 81' lang='lat' dir='ltr'><strong>uniuersis</strong></span> <span class='ocrx_word' id='word_1_90' title='bbox 1339 2747 1454 2816; x_wconf 80' lang='lat' dir='ltr'><strong>Christi</strong></span> 
     </span>
     <span class='ocr_line' id='line_1_16' title="bbox 332 2857 1455 2946; baseline -0.004 -22"><span class='ocrx_word' id='word_1_91' title='bbox 332 2857 482 2927; x_wconf 82' lang='lat' dir='ltr'><strong>fidelibus</strong></span> <span class='ocrx_word' id='word_1_92' title='bbox 498 2879 633 2946; x_wconf 90' lang='lat' dir='ltr'><strong>presens</strong></span> <span class='ocrx_word' id='word_1_93' title='bbox 650 2859 805 2944; x_wconf 91' lang='lat' dir='ltr'><strong>scriptum</strong></span> <span class='ocrx_word' id='word_1_94' title='bbox 822 2859 1015 2944; x_wconf 89' lang='lat' dir='ltr'><strong>inspecturis</strong></span> <span class='ocrx_word' id='word_1_95' title='bbox 1031 2859 1173 2925; x_wconf 86' lang='lat' dir='ltr'><strong>&#39;salutem</strong></span> <span class='ocrx_word' id='word_1_96' title='bbox 1183 2859 1216 2923; x_wconf 95' lang='lat' dir='ltr'><strong>in</strong></span> <span class='ocrx_word' id='word_1_97' title='bbox 1233 2877 1282 2940; x_wconf 88' lang='lat' dir='ltr'><strong>eo,</strong></span> <span class='ocrx_word' id='word_1_98' title='bbox 1300 2859 1357 2940; x_wconf 90' lang='lat' dir='ltr'><strong>qni</strong></span> <span class='ocrx_word' id='word_1_99' title='bbox 1369 2857 1455 2922; x_wconf 78' lang='lat' dir='ltr'><strong>solus</strong></span> 
     </span>
     <span class='ocr_line' id='line_1_17' title="bbox 332 2964 1451 3052; baseline -0.005 -18"><span class='ocrx_word' id='word_1_100' title='bbox 332 2973 383 3034; x_wconf 89' lang='lat' dir='ltr'><strong>est</strong></span> <span class='ocrx_word' id='word_1_101' title='bbox 407 2967 560 3034; x_wconf 89' lang='lat' dir='ltr'><strong>omnium.</strong></span> <span class='ocrx_word' id='word_1_102' title='bbox 585 2969 711 3052; x_wconf 84' lang='lat' dir='ltr'><strong>Regum</strong></span> <span class='ocrx_word' id='word_1_103' title='bbox 735 2965 902 3035; x_wconf 76' lang='lat' dir='ltr'><strong>belsitndo</strong></span> <span class='ocrx_word' id='word_1_104' title='bbox 927 2967 1088 3051; x_wconf 89' lang='lat' dir='ltr'><strong>conuenit,</strong></span> <span class='ocrx_word' id='word_1_105' title='bbox 1113 2973 1146 3032; x_wconf 90' lang='lat' dir='ltr'><strong>et</strong></span> <span class='ocrx_word' id='word_1_106' title='bbox 1168 2964 1355 3032; x_wconf 86' lang='lat' dir='ltr'><strong>sublimium</strong></span> <span class='ocrx_word' id='word_1_107' title='bbox 1383 2985 1451 3032; x_wconf 89' lang='lat' dir='ltr'><strong>con·</strong></span> 
     </span>
     <span class='ocr_line' id='line_1_18' title="bbox 331 3071 1453 3160; baseline -0.005 -19"><span class='ocrx_word' id='word_1_108' title='bbox 331 3076 421 3143; x_wconf 88' lang='lat' dir='ltr'><strong>uenit</strong></span> <span class='ocrx_word' id='word_1_109' title='bbox 445 3075 609 3160; x_wconf 78' lang='lat' dir='ltr'><strong>dignitati,</strong></span> <span class='ocrx_word' id='word_1_110' title='bbox 636 3080 671 3139; x_wconf 90' lang='lat' dir='ltr'><strong>ut</strong></span> <span class='ocrx_word' id='word_1_111' title='bbox 686 3093 817 3140; x_wconf 90' lang='lat' dir='ltr'><strong>suorum</strong></span> <span class='ocrx_word' id='word_1_112' title='bbox 833 3074 997 3140; x_wconf 89' lang='lat' dir='ltr'><strong>oculorum</strong></span> <span class='ocrx_word' id='word_1_113' title='bbox 1014 3073 1158 3140; x_wconf 84' lang='lat' dir='ltr'><strong>&#39;intuitus</strong></span> <span class='ocrx_word' id='word_1_114' title='bbox 1174 3077 1265 3139; x_wconf 88' lang='lat' dir='ltr'><strong>tanto</strong></span> <span class='ocrx_word' id='word_1_115' title='bbox 1284 3071 1453 3139; x_wconf 89' lang='lat' dir='ltr'><strong>iocundius</strong></span> 
     </span>
     <span class='ocr_line' id='line_1_19' title="bbox 330 3179 1453 3268; baseline -0.003 -21"><span class='ocrx_word' id='word_1_116' title='bbox 330 3183 364 3248; x_wconf 95' lang='lat' dir='ltr'><strong>in</strong></span> <span class='ocrx_word' id='word_1_117' title='bbox 380 3202 456 3248; x_wconf 91' lang='lat' dir='ltr'><strong>suos</strong></span> <span class='ocrx_word' id='word_1_118' title='bbox 476 3179 589 3249; x_wconf 88' lang='lat' dir='ltr'><strong>fideles</strong></span> <span class='ocrx_word' id='word_1_119' title='bbox 605 3183 728 3266; x_wconf 82' lang='lat' dir='ltr'><strong>iniciat,</strong></span> <span class='ocrx_word' id='word_1_120' title='bbox 747 3189 867 3266; x_wconf 90' lang='lat' dir='ltr'><strong>quanto</strong></span> <span class='ocrx_word' id='word_1_121' title='bbox 883 3181 957 3268; x_wconf 88' lang='lat' dir='ltr'><strong>ipsa</strong></span> <span class='ocrx_word' id='word_1_122' title='bbox 972 3180 1125 3266; x_wconf 86' lang='lat' dir='ltr'><strong>fidelitas,</strong></span> <span class='ocrx_word' id='word_1_123' title='bbox 1143 3201 1203 3266; x_wconf 92' lang='lat' dir='ltr'><strong>per</strong></span> <span class='ocrx_word' id='word_1_124' title='bbox 1217 3198 1316 3264; x_wconf 86' lang='lat' dir='ltr'><strong>quam</strong></span> <span class='ocrx_word' id='word_1_125' title='bbox 1331 3181 1453 3264; x_wconf 82' lang='lat' dir='ltr'><strong>Regum</strong></span> 
     </span>
     <span class='ocr_line' id='line_1_20' title="bbox 331 3287 1453 3376; baseline -0.003 -21"><span class='ocrx_word' id='word_1_126' title='bbox 331 3291 580 3374; x_wconf 89' lang='lat' dir='ltr'><strong>Regnorumqne</strong></span> <span class='ocrx_word' id='word_1_127' title='bbox 604 3289 747 3357; x_wconf 91' lang='lat' dir='ltr'><strong>omnium</strong></span> <span class='ocrx_word' id='word_1_128' title='bbox 763 3290 916 3376; x_wconf 88' lang='lat' dir='ltr'><strong>potencia</strong></span> <span class='ocrx_word' id='word_1_129' title='bbox 940 3289 1123 3374; x_wconf 87' lang='lat' dir='ltr'><strong>roboratur,</strong></span> <span class='ocrx_word' id='word_1_130' title='bbox 1142 3289 1259 3355; x_wconf 89' lang='lat' dir='ltr'><strong>ceteris</strong></span> <span class='ocrx_word' id='word_1_131' title='bbox 1278 3287 1453 3355; x_wconf 87' lang='lat' dir='ltr'><strong>uirtutibus</strong></span> 
     </span>
     <span class='ocr_line' id='line_1_21' title="bbox 329 3395 1454 3484; baseline -0.001 -23"><span class='ocrx_word' id='word_1_132' title='bbox 329 3395 484 3482; x_wconf 93' lang='lat' dir='ltr'><strong>polliticis</strong></span> <span class='ocrx_word' id='word_1_133' title='bbox 509 3405 559 3464; x_wconf 89' lang='lat' dir='ltr'><strong>est</strong></span> <span class='ocrx_word' id='word_1_134' title='bbox 584 3397 778 3484; x_wconf 78' lang='lat' dir='ltr'><strong>preferenda</strong></span> <span class='ocrx_word' id='word_1_135' title='bbox 803 3405 835 3464; x_wconf 85' lang='lat' dir='ltr'><strong>et</strong></span> <span class='ocrx_word' id='word_1_136' title='bbox 861 3397 1076 3484; x_wconf 90' lang='lat' dir='ltr'><strong>amplioribus</strong></span> <span class='ocrx_word' id='word_1_137' title='bbox 1101 3397 1235 3483; x_wconf 76' lang='lat' dir='ltr'><strong>premiis</strong></span> <span class='ocrx_word' id='word_1_138' title='bbox 1260 3397 1454 3464; x_wconf 88' lang='lat' dir='ltr'><strong>attollenda.</strong></span> 
     </span>
     <span class='ocr_line' id='line_1_22' title="bbox 328 3503 1454 3590; baseline 0.003 -21"><span class='ocrx_word' id='word_1_139' title='bbox 328 3505 399 3570; x_wconf 89' lang='lat' dir='ltr'><strong>Hac</strong></span> <span class='ocrx_word' id='word_1_140' title='bbox 424 3503 524 3590; x_wconf 87' lang='lat' dir='ltr'><strong>igitur</strong></span> <span class='ocrx_word' id='word_1_141' title='bbox 551 3505 816 3573; x_wconf 87' lang='lat' dir='ltr'><strong>consideracione</strong></span> <span class='ocrx_word' id='word_1_142' title='bbox 843 3505 967 3572; x_wconf 88' lang='lat' dir='ltr'><strong>inducti</strong></span> <span class='ocrx_word' id='word_1_143' title='bbox 986 3505 1029 3571; x_wconf 89' lang='lat' dir='ltr'><strong>ad</strong></span> <span class='ocrx_word' id='word_1_144' title='bbox 1052 3505 1275 3573; x_wconf 88' lang='lat' dir='ltr'><strong>uniuersorum</strong></span> <span class='ocrx_word' id='word_1_145' title='bbox 1301 3505 1454 3572; x_wconf 88' lang='lat' dir='ltr'><strong>noticiam</strong></span> 
     </span>
     <span class='ocr_line' id='line_1_23' title="bbox 328 3613 1452 3702; baseline 0.004 -24"><span class='ocrx_word' id='word_1_146' title='bbox 328 3618 395 3679; x_wconf 83' lang='lat' dir='ltr'><strong>tem</strong></span> <span class='ocrx_word' id='word_1_147' title='bbox 412 3613 614 3699; x_wconf 90' lang='lat' dir='ltr'><strong>presencium</strong></span> <span class='ocrx_word' id='word_1_148' title='bbox 639 3633 736 3698; x_wconf 88' lang='lat' dir='ltr'><strong>quam</strong></span> <span class='ocrx_word' id='word_1_149' title='bbox 761 3621 965 3700; x_wconf 87' lang='lat' dir='ltr'><strong>posterorum</strong></span> <span class='ocrx_word' id='word_1_150' title='bbox 990 3615 1139 3680; x_wconf 87' lang='lat' dir='ltr'><strong>uolumus</strong></span> <span class='ocrx_word' id='word_1_151' title='bbox 1154 3613 1340 3702; x_wconf 88' lang='lat' dir='ltr'><strong>peruenire,</strong></span> <span class='ocrx_word' id='word_1_152' title='bbox 1368 3613 1452 3699; x_wconf 86' lang='lat' dir='ltr'><strong>quod</strong></span> 
     </span>
     <span class='ocr_line' id='line_1_24' title="bbox 328 3719 1523 3806; baseline 0.002 -20"><span class='ocrx_word' id='word_1_153' title='bbox 328 3740 400 3786; x_wconf 90' lang='lat' dir='ltr'><strong>cum</strong></span> <span class='ocrx_word' id='word_1_154' title='bbox 427 3719 533 3787; x_wconf 86' lang='lat' dir='ltr'><strong>fidelis</strong></span> <span class='ocrx_word' id='word_1_155' title='bbox 550 3725 660 3789; x_wconf 90' lang='lat' dir='ltr'><strong>noster</strong></span> <span class='ocrx_word' id='word_1_156' title='bbox 676 3719 870 3788; x_wconf 91' lang='lat' dir='ltr'><strong>Oltnmanus</strong></span> <span class='ocrx_word' id='word_1_157' title='bbox 894 3721 980 3787; x_wconf 90' lang='lat' dir='ltr'><strong>filins</strong></span> <span class='ocrx_word' id='word_1_158' title='bbox 996 3723 1112 3788; x_wconf 89' lang='lat' dir='ltr'><strong>Petrus</strong></span> <span class='ocrx_word' id='word_1_159' title='bbox 1137 3722 1314 3806; x_wconf 87' lang='lat' dir='ltr'><strong>degenere</strong></span> <span class='ocrx_word' id='word_1_160' title='bbox 1340 3723 1453 3789; x_wconf 83' lang='lat' dir='ltr'><strong>Gurka</strong></span> <span class='ocrx_word' id='word_1_161' title='bbox 1522 3721 1523 3726; x_wconf 73' lang='grc'>’</span> 
     </span>
     <span class='ocr_line' id='line_1_25' title="bbox 328 3825 1522 3911; baseline 0.007 -20"><span class='ocrx_word' id='word_1_162' title='bbox 328 3825 475 3906; x_wconf 81' lang='lat' dir='ltr'><strong>Comitis,</strong></span> <span class='ocrx_word' id='word_1_163' title='bbox 501 3827 610 3894; x_wconf 90' lang='lat' dir='ltr'><strong>multis</strong></span> <span class='ocrx_word' id='word_1_164' title='bbox 624 3827 792 3894; x_wconf 85' lang='lat' dir='ltr'><strong>fidelitatis</strong></span> <span class='ocrx_word' id='word_1_165' title='bbox 809 3829 974 3911; x_wconf 90' lang='lat' dir='ltr'><strong>obsequiis</strong></span> <span class='ocrx_word' id='word_1_166' title='bbox 998 3826 1221 3896; x_wconf 87' lang='lat' dir='ltr'><strong>indesinenter</strong></span> <span class='ocrx_word' id='word_1_167' title='bbox 1241 3835 1274 3895; x_wconf 89' lang='lat' dir='ltr'><strong>et</strong></span> <span class='ocrx_word' id='word_1_168' title='bbox 1289 3829 1452 3898; x_wconf 80' lang='lat' dir='ltr'><strong>indefesse</strong></span> <span class='ocrx_word' id='word_1_169' title='bbox 1521 3825 1522 3835; x_wconf 69' lang='grc'>’</span> 
     </span>
     <span class='ocr_line' id='line_1_26' title="bbox 327 3929 1521 4016; baseline 0.005 -17"><span class='ocrx_word' id='word_1_170' title='bbox 327 3933 421 4001; x_wconf 92' lang='lat' dir='ltr'><strong>nobis</strong></span> <span class='ocrx_word' id='word_1_171' title='bbox 437 3939 469 4000; x_wconf 88' lang='lat' dir='ltr'><strong>et</strong></span> <span class='ocrx_word' id='word_1_172' title='bbox 485 3933 611 4003; x_wconf 77' lang='lat' dir='ltr'><strong>Corone</strong></span> <span class='ocrx_word' id='word_1_173' title='bbox 627 3936 759 4002; x_wconf 87' lang='lat' dir='ltr'><strong>exibitis</strong></span> <span class='ocrx_word' id='word_1_174' title='bbox 775 3957 885 4006; x_wconf 88' lang='lat' dir='ltr'><strong>coram</strong></span> <span class='ocrx_word' id='word_1_175' title='bbox 901 3944 1011 4005; x_wconf 89' lang='lat' dir='ltr'><strong>nostre</strong></span> <span class='ocrx_word' id='word_1_176' title='bbox 1022 3937 1204 4006; x_wconf 83' lang='lat' dir='ltr'><strong>Maiestatis</strong></span> <span class='ocrx_word' id='word_1_177' title='bbox 1220 3937 1326 4006; x_wconf 90' lang='lat' dir='ltr'><strong>oculis</strong></span> <span class='ocrx_word' id='word_1_178' title='bbox 1342 3938 1451 4006; x_wconf 87' lang='lat' dir='ltr'><strong>landa·</strong></span> <span class='ocrx_word' id='word_1_179' title='bbox 1519 3929 1521 4016; x_wconf 65' lang='lat' dir='ltr'><strong><em>s</em></strong></span> 
     </span>
     <span class='ocr_line' id='line_1_27' title="bbox 327 4039 1452 4131; baseline 0.003 -25"><span class='ocrx_word' id='word_1_180' title='bbox 327 4039 435 4108; x_wconf 87' lang='lat' dir='ltr'><strong>bilitcr</strong></span> <span class='ocrx_word' id='word_1_181' title='bbox 450 4041 624 4127; x_wconf 83' lang='lat' dir='ltr'><strong>eiulrisset,</strong></span> <span class='ocrx_word' id='word_1_182' title='bbox 650 4043 798 4111; x_wconf 89' lang='lat' dir='ltr'><strong>nolentes</strong></span> <span class='ocrx_word' id='word_1_183' title='bbox 812 4065 871 4112; x_wconf 89' lang='lat' dir='ltr'><strong>sue</strong></span> <span class='ocrx_word' id='word_1_184' title='bbox 888 4044 1061 4128; x_wconf 84' lang='lat' dir='ltr'><strong>probitatis</strong></span> <span class='ocrx_word' id='word_1_185' title='bbox 1078 4063 1178 4131; x_wconf 85' lang='lat' dir='ltr'><strong>opere</strong></span> <span class='ocrx_word' id='word_1_186' title='bbox 1193 4051 1227 4111; x_wconf 89' lang='lat' dir='ltr'><strong>et</strong></span> <span class='ocrx_word' id='word_1_187' title='bbox 1249 4044 1372 4112; x_wconf 85' lang='lat' dir='ltr'><strong>merita</strong></span> <span class='ocrx_word' id='word_1_188' title='bbox 1387 4051 1452 4112; x_wconf 88' lang='lat' dir='ltr'><strong>tam</strong></span> 
     </span>
     <span class='ocr_line' id='line_1_28' title="bbox 326 4149 1518 4259; baseline 0.003 -45"><span class='ocrx_word' id='word_1_189' title='bbox 326 4149 509 4217; x_wconf 82' lang='lat' dir='ltr'><strong>attollenda</strong></span> <span class='ocrx_word' id='word_1_190' title='bbox 533 4150 594 4218; x_wconf 89' lang='lat' dir='ltr'><strong>sub</strong></span> <span class='ocrx_word' id='word_1_191' title='bbox 609 4150 744 4217; x_wconf 90' lang='lat' dir='ltr'><strong>silencio</strong></span> <span class='ocrx_word' id='word_1_192' title='bbox 759 4152 926 4237; x_wconf 86' lang='lat' dir='ltr'><strong>preterire,</strong></span> <span class='ocrx_word' id='word_1_193' title='bbox 951 4151 1122 4234; x_wconf 82' lang='lat' dir='ltr'><strong>aliquado</strong></span> <span class='ocrx_word' id='word_1_194' title='bbox 1146 4151 1213 4218; x_wconf 90' lang='lat' dir='ltr'><strong>illis</strong></span> <span class='ocrx_word' id='word_1_195' title='bbox 1231 4151 1275 4218; x_wconf 90' lang='lat' dir='ltr'><strong>ad</strong></span> <span class='ocrx_word' id='word_1_196' title='bbox 1300 4151 1453 4220; x_wconf 76' lang='lat' dir='ltr'><strong>reforma·</strong></span> <span class='ocrx_word' id='word_1_197' title='bbox 1517 4199 1518 4259; x_wconf 43' lang='lat' dir='ltr'><strong>p</strong></span> 
     </span>
     <span class='ocr_line' id='line_1_29' title="bbox 325 4257 1517 4365; baseline 0.003 -42"><span class='ocrx_word' id='word_1_198' title='bbox 325 4259 452 4325; x_wconf 91' lang='lat' dir='ltr'><strong>cionem</strong></span> <span class='ocrx_word' id='word_1_199' title='bbox 468 4257 555 4347; x_wconf 88' lang='lat' dir='ltr'><strong>(lgy)</strong></span> <span class='ocrx_word' id='word_1_200' title='bbox 572 4257 819 4327; x_wconf 86' lang='lat' dir='ltr'><strong>succedencium</strong></span> <span class='ocrx_word' id='word_1_201' title='bbox 845 4259 996 4327; x_wconf 83' lang='lat' dir='ltr'><strong>duximus</strong></span> <span class='ocrx_word' id='word_1_202' title='bbox 1015 4261 1050 4328; x_wconf 91' lang='lat' dir='ltr'><strong>iu</strong></span> <span class='ocrx_word' id='word_1_203' title='bbox 1066 4259 1208 4326; x_wconf 91' lang='lat' dir='ltr'><strong>medium</strong></span> <span class='ocrx_word' id='word_1_204' title='bbox 1227 4261 1451 4347; x_wconf 85' lang='lat' dir='ltr'><strong>proponenda.</strong></span> <span class='ocrx_word' id='word_1_205' title='bbox 1516 4293 1517 4365; x_wconf 56' lang='lat' dir='ltr'><strong>p</strong></span> 
     </span>
     <span class='ocr_line' id='line_1_30' title="bbox 326 4366 1516 4471; baseline 0.003 -42"><span class='ocrx_word' id='word_1_206' title='bbox 326 4366 402 4449; x_wconf 90' lang='lat' dir='ltr'><strong>lpse</strong></span> <span class='ocrx_word' id='word_1_207' title='bbox 426 4367 625 4450; x_wconf 88' lang='lat' dir='ltr'><strong>siquidema</strong></span> <span class='ocrx_word' id='word_1_208' title='bbox 646 4367 803 4454; x_wconf 90' lang='lat' dir='ltr'><strong>primeuis</strong></span> <span class='ocrx_word' id='word_1_209' title='bbox 828 4387 886 4436; x_wconf 88' lang='lat' dir='ltr'><strong>sue</strong></span> <span class='ocrx_word' id='word_1_210' title='bbox 910 4370 1089 4437; x_wconf 89' lang='lat' dir='ltr'><strong>iuuentutis</strong></span> <span class='ocrx_word' id='word_1_211' title='bbox 1114 4368 1317 4455; x_wconf 88' lang='lat' dir='ltr'><strong>temporibus</strong></span> <span class='ocrx_word' id='word_1_212' title='bbox 1346 4367 1453 4436; x_wconf 82' lang='lat' dir='ltr'><strong>fidelis</strong></span> <span class='ocrx_word' id='word_1_213' title='bbox 1515 4409 1516 4471; x_wconf 49' lang='lat' dir='ltr'><strong>p</strong></span> 
     </span>
     <span class='ocr_line' id='line_1_31' title="bbox 325 4469 1515 4579; baseline 0.003 -42"><span class='ocrx_word' id='word_1_214' title='bbox 325 4469 435 4537; x_wconf 87' lang='lat' dir='ltr'><strong>extitit</strong></span> <span class='ocrx_word' id='word_1_215' title='bbox 458 4474 553 4539; x_wconf 93' lang='lat' dir='ltr'><strong>nobis</strong></span> <span class='ocrx_word' id='word_1_216' title='bbox 578 4481 611 4541; x_wconf 90' lang='lat' dir='ltr'><strong>et</strong></span> <span class='ocrx_word' id='word_1_217' title='bbox 634 4475 769 4560; x_wconf 77' lang='lat' dir='ltr'><strong>Corone,</strong></span> <span class='ocrx_word' id='word_1_218' title='bbox 798 4482 831 4543; x_wconf 91' lang='lat' dir='ltr'><strong>et</strong></span> <span class='ocrx_word' id='word_1_219' title='bbox 855 4497 956 4563; x_wconf 81' lang='lat' dir='ltr'><strong>opere</strong></span> <span class='ocrx_word' id='word_1_220' title='bbox 980 4475 1149 4544; x_wconf 87' lang='lat' dir='ltr'><strong>fidelitatis</strong></span> <span class='ocrx_word' id='word_1_221' title='bbox 1174 4495 1305 4563; x_wconf 89' lang='lat' dir='ltr'><strong>semper</strong></span> <span class='ocrx_word' id='word_1_222' title='bbox 1329 4477 1452 4544; x_wconf 86' lang='lat' dir='ltr'><strong>studuit</strong></span> <span class='ocrx_word' id='word_1_223' title='bbox 1514 4499 1515 4579; x_wconf 56' lang='lat' dir='ltr'><strong>p</strong></span> 
     </span>
     <span class='ocr_line' id='line_1_32' title="bbox 325 4577 1514 4685; baseline 0.008 -45"><span class='ocrx_word' id='word_1_224' title='bbox 325 4577 466 4648; x_wconf 82' lang='lat' dir='ltr'><strong>exibere.</strong></span> <span class='ocrx_word' id='word_1_225' title='bbox 482 4579 562 4644; x_wconf 74' lang='lat' dir='ltr'><strong>(lum</strong></span> <span class='ocrx_word' id='word_1_226' title='bbox 579 4581 664 4647; x_wconf 89' lang='lat' dir='ltr'><strong>enim</strong></span> <span class='ocrx_word' id='word_1_227' title='bbox 681 4583 819 4651; x_wconf 86' lang='lat' dir='ltr'><strong>accincti</strong></span> <span class='ocrx_word' id='word_1_228' title='bbox 836 4585 961 4652; x_wconf 92' lang='lat' dir='ltr'><strong>milicia</strong></span> <span class='ocrx_word' id='word_1_229' title='bbox 976 4583 1081 4669; x_wconf 86' lang='lat' dir='ltr'><strong>Regni</strong></span> <span class='ocrx_word' id='word_1_230' title='bbox 1096 4583 1200 4652; x_wconf 81' lang='lat' dir='ltr'><strong>nostri</strong></span> <span class='ocrx_word' id='word_1_231' title='bbox 1216 4603 1289 4652; x_wconf 91' lang='lat' dir='ltr'><strong>cum</strong></span> <span class='ocrx_word' id='word_1_232' title='bbox 1305 4585 1450 4653; x_wconf 86' lang='lat' dir='ltr'><strong>exercitu</strong></span> <span class='ocrx_word' id='word_1_233' title='bbox 1513 4605 1514 4685; x_wconf 60' lang='lat' dir='ltr'><strong>p</strong></span> 
     </span>
    </p>
   </div>
   <div class='ocr_carea' id='block_1_7' title="bbox 0 0 1546 5150">
    <p class='ocr_par' dir='ltr' id='par_1_13' title="bbox 0 0 1546 5150">
     <span class='ocr_line' id='line_1_33' title="bbox 0 0 1546 5150; baseline 0 4"><span class='ocrx_word' id='word_1_234' title='bbox 0 0 1546 5150; x_wconf 95' lang='lat' dir='ltr'><strong> </strong></span> 
     </span>
    </p>
   </div>
  </div>
 </body>
</html>
