3148 5156
812 275 969 374 Ait..-

334 469 511 554 stringitur,
529 471 583 536 vbi
599 475 683 537 meto
700 476 858 538 terrarum
874 470 1094 557 predictarum
1103 471 1249 555 Thelegd
1269 471 1455 538 etZabolch

334 587 401 646 tam
426 579 534 663 lignee
560 599 657 664 quam
675 585 781 646 terree
804 579 1026 646 terminantur.
1055 579 1097 645 Et
1121 579 1203 646 dixit
1227 579 1313 646 idem
1337 578 1456 647 Comes

335 689 465 773 Paulus,
484 689 570 772 quod
586 709 697 755 omnes
713 695 797 755 mete
812 689 881 756 siue
892 695 995 755 terree
1011 687 1081 755 siue
1098 687 1216 774 lignee,
1232 709 1295 774 que
1311 709 1352 756 ex
1362 697 1456 774 parte

335 805 494 862 terrarum
512 797 658 880 Thelegd
673 805 706 864 et
721 797 865 864 Zabolch
881 803 956 864 snut
973 797 1058 864 iuter
1073 803 1178 864 metas
1195 803 1228 864 et
1242 797 1363 864 limites
1377 819 1455 884 pre·

336 905 484 992 scriptas,
501 906 586 972 saise
602 915 720 991 essent,
746 913 779 972 et
795 907 881 992 quod
898 907 1059 992 quondam
1078 907 1150 992 ipse
1172 926 1230 974 eus
1247 906 1396 992 iecisset3
1424 911 1458 972 et

336 1019 534 1082 contestatus
551 1021 609 1102 est,
628 1015 1045 1099 easesseanuiohiiaudas3
1067 1015 1203 1100 postirec
1218 1014 1457 1082 autemflomeu

336 1121 440 1208 Orysij
458 1130 507 1188 est
521 1128 619 1208 meta,
637 1131 669 1190 et
684 1124 775 1190 vadit
790 1143 917 1190 sorsum
934 1123 1159 1208 adorientem,
1183 1133 1215 1191 et
1229 1122 1381 1210 peruenit
1396 1141 1458 1208 per

335 1236 474 1298 meatum
494 1229 639 1298 eiusdem
655 1231 761 1316 Crysij
777 1233 822 1298 ad
837 1239 957 1298 terram
968 1230 1104 1318 Chetka,
1122 1237 1154 1298 ct
1169 1231 1213 1296 ad
1229 1230 1369 1298 eandem
1384 1251 1458 1317 per·

336 1341 485 1423 timentes,
514 1359 577 1423 quc
602 1345 654 1406 est
679 1337 814 1406 Comitis
838 1339 1005 1424 Lamperti
1030 1340 1089 1424 filij
1114 1339 1243 1409 Nicolai
1270 1341 1311 1406 de
1335 1359 1459 1425 gauere

334 1449 423 1516 Hunt
440 1449 592 1532 Paeneo,
620 1454 652 1515 et
676 1449 793 1516 exinde
817 1467 876 1535 per
901 1455 1042 1516 meatum
1067 1447 1213 1516 eiusdem
1240 1448 1336 1534 Grisij
1363 1448 1457 1515 vadit

336 1575 436 1641 supra
451 1555 494 1622 ad
509 1553 689 1642 predictam
704 1565 824 1624 terram
840 1557 992 1624 Berthem
1005 1565 1037 1624 et
1051 1557 1169 1624 transit
1184 1557 1290 1624 adhue
1305 1556 1458 1644 superius

335 1663 545 1750 pereundam
569 1671 709 1732 meatum
726 1665 833 1750 Orysij
853 1665 936 1733 iuter
962 1667 1086 1734 medios
1109 1672 1234 1734 montes
1250 1671 1283 1732 et
1301 1667 1407 1752 alpes,
1425 1669 1457 1728 et

337 1774 484 1860 peruenit
508 1776 551 1842 ad
566 1776 658 1843 illum
674 1777 790 1859 iocum,
815 1775 869 1842 vbi
886 1777 1017 1861 quidam
1033 1777 1166 1863 riuulus,
1192 1777 1247 1862 qui
1262 1773 1454 1858 Mchsedpo-

337 1880 438 1948 tholua
459 1890 604 1967 uocatur,
631 1881 743 1950 defluit
758 1883 791 1948 iu
808 1881 967 1968 Orysium,
993 1889 1026 1948 et
1041 1882 1086 1949 ibi
1104 1883 1294 1950 terminatur
1316 1889 1407 1948 meta
1421 1880 1458 1946 in

337 1990 471 2077 Grynio,
489 1999 521 2057 et
538 2001 653 2076 postea
669 2011 728 2077 per
743 1991 883 2059 riuulum
899 1993 1088 2079 predictum,
1108 1993 1163 2077 qui
1177 1988 1458 2078 Mehsedpothoka

337 2101 479 2179 vocatur,
506 2097 573 2163 exit
588 2097 621 2164 in
637 2105 766 2182 terram,
794 2105 827 2165 et
842 2099 933 2165 vadit
947 2119 1005 2185 per
1030 2098 1167 2164 eundem
1191 2098 1332 2164 riunlnm
1350 2097 1394 2162 ad
1410 2097 1457 2164 lo-

339 2223 420 2288 cum,
447 2205 502 2272 vbi
525 2203 612 2272 idem
629 2206 753 2274 riuulus
778 2206 934 2274 diuiditur
957 2208 991 2272 in
1007 2206 1087 2274 duos
1112 2227 1238 2290 1·auros;
1264 2212 1297 2272 et
1321 2205 1459 2292 postheo

339 2333 436 2399 super
459 2313 551 2380 ilium
576 2333 700 2382 ramum
724 2312 869 2381 ciusdem
885 2314 990 2400 riuuli,
1017 2314 1073 2400 qui
1089 2321 1139 2382 est
1159 2321 1288 2400 aparte
1312 2313 1459 2399 orientis,

338 2421 428 2488 vadit
442 2441 542 2508 supra
558 2442 660 2508 nsque
676 2424 721 2490 ad
738 2423 897 2507 quandam
915 2431 1064 2509 montem,
1084 2426 1139 2507 qui
1155 2425 1349 2490 Vumusrenc
1365 2441 1459 2489 voca-

340 2539 402 2612 tur,
417 2529 474 2598 ubi
489 2531 654 2616 predictus
670 2533 796 2598 riuulus
812 2533 1020 2618 terminatum
1036 2539 1068 2598 ct
1083 2531 1218 2618 posthae
1233 2531 1351 2599 transit
1366 2529 1458 2596 iilum

340 2647 490 2724 montem,
515 2647 547 2706 et
563 2639 654 2708 vadit
669 2643 713 2708 ad
728 2643 825 2708 duem
849 2640 1017 2708 cuiusdam
1034 2643 1148 2728 campi,
1173 2641 1229 2725 qui
1243 2641 1366 2706 Vacuus
1380 2659 1461 2704 uun·

342 2753 486 2834 cupatur,
503 2755 535 2816 et
551 2751 607 2818 ille
624 2771 758 2836 campus
774 2757 861 2818 totus
872 2757 1018 2843 remanet
1033 2750 1076 2816 ab
1091 2752 1224 2837 oriente,
1242 2757 1273 2816 et
1283 2748 1331 2814 ibi
1346 2749 1380 2814 in
1395 2747 1462 2813 fine

342 2857 485 2926 eiusdem
510 2859 617 2944 campi
634 2859 757 2926 Vamus
781 2861 890 2928 vocati
905 2860 1105 2944 terminatur,
1130 2866 1162 2927 et
1176 2859 1238 2926 hoo
1260 2858 1357 2926 modo
1372 2864 1462 2922 terra

342 2966 493 3034 Berthem
508 2967 730 3053 distinguitur,
746 2968 829 3036 sicut
844 2968 989 3056 prefatus
1005 2968 1120 3036 Comes
1136 2967 1258 3034 Paulus
1274 2973 1306 3033 ct
1322 2965 1385 3032 duo
1401 2962 1459 3047 diij

344 3076 392 3143 sui
402 3077 566 3162 antedicti,
584 3077 736 3143 videlicet
745 3075 902 3144 Nicotaus
918 3083 950 3143 et
959 3075 1144 3162 Stephanus
1152 3075 1284 3161 proprio
1300 3071 1461 3140 orcnobis

344 3183 513 3250 contestati
530 3184 742 3251 affirmarunt.
770 3184 946 3252 Confessus
962 3189 1011 3252 est
1027 3183 1131 3250 eciem
1147 3181 1257 3268 sepius
1275 3180 1461 3250 nominatus

345 3291 459 3360 Oomcs
473 3293 594 3359 Paulus
611 3301 643 3360 et
659 3293 716 3376 fiiij
733 3294 783 3360 sui
800 3293 970 3378 prenotati,
997 3291 1083 3375 quod
1098 3287 1236 3356 dimidia
1249 3309 1327 3375 pars
1349 3287 1461 3356 tributi

344 3399 383 3466 de
407 3399 566 3481 Berthem,
591 3399 677 3484 quod
702 3401 856 3484 inportu
882 3397 990 3484 Grysij
1015 3397 1217 3482 exigebatur,
1242 3395 1319 3478 quia
1343 3393 1461 3462 flumen

346 3507 450 3592 Crysij
474 3526 641 3574 commuue
657 3517 716 3590 cst,
743 3507 814 3575 siue
830 3507 885 3574 via
911 3507 951 3574 de
966 3507 1109 3574 Kalatha
1133 3503 1285 3591 patuerit,
1309 3503 1379 3570 sine
1395 3524 1461 3571 nou

344 3621 463 3702 puteat,
480 3615 572 3683 cedet
587 3616 683 3702 pleno
709 3617 779 3684 iure
793 3615 951 3682 Ladiulao
967 3623 999 3682 et
1014 3615 1136 3682 Thomc
1157 3610 1340 3694 antedictis,
1364 3618 1397 3678 et
1413 3633 1463 3679 co-

344 3745 415 3792 rum
431 3723 615 3809 heredibus,
633 3725 718 3792 sicut
733 3729 826 3811 pater
842 3743 953 3791 eorum
966 3731 998 3790 et
1013 3721 1070 3806 aiij
1087 3727 1310 3790 antecessores
1319 3719 1371 3786 sui
1387 3727 1463 3787 auto

279 3911 287 3930 Ι
343 3843 470 3921 tempus
486 3837 695 3903 Tartarorum
720 3832 933 3920 possederant
948 3831 991 3900 ab
1009 3832 1151 3916 antiquo.
1174 3830 1257 3896 Item
1276 3828 1464 3898 adiecerunt

344 3943 470 4030 prefate
493 3950 614 4029 partes,
641 3943 729 4026 quod
754 3959 944 4025 quecunque
967 3941 1076 4008 littere
1101 3946 1134 4004 et
1156 3937 1329 4024 priuilegia
1351 3942 1465 4004 contra

345 4051 428 4119 hanc
452 4051 693 4120 ordinacionem
710 4057 740 4120 ct
764 4069 876 4119 cursus
893 4067 932 4116 ao
947 4047 1175 4116 distincciones
1200 4051 1368 4131 metarum,
1395 4047 1464 4114 vbi-

346 4179 472 4243 cunque
487 4165 519 4226 et
533 4159 789 4244 quandocunque
804 4162 987 4244 presentato
1001 4156 1129 4239 fuerint,
1153 4154 1282 4239 penitus
1297 4171 1393 4222 casse
1408 4155 1464 4220 ha·

345 4269 484 4336 beantur
498 4275 531 4332 et
555 4267 800 4336 sunichilentur.
824 4265 942 4334 Actum
964 4285 1050 4332 auno
1065 4263 1197 4332 Domini
1219 4261 1393 4332 millesimo
1408 4263 1464 4329 du-

346 4375 520 4443 centesimo
535 4375 802 4460 quiuquagesimo
818 4373 965 4460 septimo.

455 4515 512 4580 (tv.
525 4517 622 4570 LdszId
635 4517 780 4585 kirz'tiyuak
795 4521 905 4570 urst-kt
918 4513 1080 4584 megordsr'td
1093 4509 1349 4582 privilogtumtbol.)

798 4664 1024 4672 .---—--.-—-——-
