3134 5150
631 242 672 313 13

95 443 266 512 excessibus
282 444 352 512 suis
368 441 567 510 excederent
582 445 764 529 universos,
785 464 886 511 unum
901 443 943 510 de
953 443 1147 532 hospitibus,
1165 445 1212 513 ad

94 573 158 636 quos
173 571 253 618 casu
269 551 509 634 declinaverat,
534 559 567 620 et
582 572 682 620 unum
697 552 738 618 de
753 551 971 620 seruientibus
986 553 1067 638 suis,
1083 554 1210 621 nitenti-

93 662 138 726 bus
153 681 226 727 eum
241 659 434 744 defendere,
459 659 560 746 impie
574 659 786 744 trucidantes,
805 657 975 727 cuiusdam
991 661 1142 727 monachi
1158 679 1209 727 sa·

91 769 224 854 cerdotis,
242 769 300 854 qui
316 788 353 835 sc
369 767 414 834 ed
429 767 652 836 defensionem
667 767 781 854 ipsius,
798 773 834 834 ut
849 773 988 854 poterat,
1010 771 1209 856 opponebat,

91 875 187 944 dextre
202 895 323 942 manus
339 874 461 960 digitos
476 881 695 961 amputarunt,
714 876 879 944 nonnullis
905 875 953 944 ibi
966 877 1090 946 relictis
1105 878 1209 945 letali·

90 995 128 1049 ter
139 981 341 1066 uulneratis3
359 987 392 1047 et
406 981 454 1048 sic
470 981 677 1049 innocentum
693 982 853 1067 sanguine
869 984 1039 1070 ementati,
1058 985 1208 1054 receden-

89 1100 128 1159 tes
142 1113 162 1158 a
177 1089 272 1176 cede,
298 1090 343 1158 ad
358 1089 498 1156 eundem
512 1089 712 1177 Episcopum
731 1089 947 1176 aufugerunt,
974 1098 1069 1178 prout
1096 1113 1208 1162 corun·

90 1198 151 1266 dem
159 1200 330 1267 Abbatum
347 1197 493 1264 exhibite
508 1196 603 1266 nobis
621 1198 729 1265 littere
746 1198 966 1266 continebant.
985 1199 1092 1278 Quum
1107 1201 1209 1286 igitur

88 1327 141 1373 uox
156 1305 254 1373 effusi
266 1305 440 1388 sanguinis
451 1305 573 1371 clamat
588 1305 633 1371 ad
648 1325 708 1374 nos
724 1305 871 1391 deterre,
892 1309 1108 1375 nosnolentes
1118 1315 1208 1375 tante

23 1463 24 1494 ,
87 1412 270 1482 temeritatis
297 1431 468 1481 excessum
484 1414 545 1480 snb
561 1412 819 1482 dissimulatione
842 1415 992 1498 transire,
1008 1415 1085 1498 quin
1101 1395 1208 1501 ipsum

23 1535 24 1538 ’
87 1523 184 1607 potius
199 1521 355 1588 uolentes
379 1520 555 1588 severitate
571 1519 684 1587 debita
700 1520 876 1605 castigari3
903 1523 1106 1605 mandamus,
1131 1541 1207 1607 qua·

88 1639 168 1698 tenus
183 1627 356 1716 predictos
381 1628 573 1712 sacrilegos,
600 1636 633 1695 et
649 1649 773 1716 omnes,
793 1648 928 1715 quorum
954 1649 1016 1716 ope
1035 1631 1142 1696 scelus
1159 1639 1208 1696 est

88 1737 264 1806 huiusmodi
287 1741 521 1823 perpetratum,
548 1735 652 1819 etqui
668 1735 779 1804 inboc
802 1736 1013 1822 prestiterunt
1037 1737 1206 1820 auxilium,

88 1844 250 1911 consilium
260 1844 316 1909 vel
331 1842 489 1926 favorem,
508 1841 639 1909 faciatis
654 1863 713 1929 per
723 1843 981 1929 Strigoniensem
991 1843 1207 1930 Provinciam,

87 1959 113 2017 et
126 1951 192 2018 alia
206 1951 295 2034 loca,
321 1949 493 2033 inquibus
518 1947 674 2034 expedire
693 1949 850 2034 videritis,
874 1950 1014 2038 pulsatis
1038 1952 1207 2038 campanis

23 2059 24 2062 ’
86 2069 112 2127 et
133 2059 285 2128 candelis
313 2059 480 2143 accensis,
504 2057 646 2144 singulis
671 2059 786 2126 diebus
809 2059 995 2154 Dominicis,
1015 2067 1046 2129 et
1070 2061 1206 2145 festivis,

85 2166 378 2234 excommunicatos
402 2165 589 2233 solemniter
605 2166 774 2252 nunciati,
800 2175 833 2235 et
848 2169 972 2236 tamdiu
991 2171 1035 2236 ab
1059 2169 1207 2237 omnibus

84 2275 198 2342 uetus
214 2273 346 2358 evitari,
372 2273 475 2342 donec
489 2273 680 2360 Apostoliec
705 2295 742 2342 se
760 2277 950 2362 conspectui
974 2283 1207 2364 representent,

85 2385 157 2468 Dec,
174 2391 207 2449 et
222 2381 385 2466 Ecclesie,
411 2401 451 2448 ac
466 2382 531 2469 ipsi
545 2383 742 2451 Mona-sterio
759 2384 801 2450 de
816 2391 884 2450 tam
900 2384 1003 2451 atroci
1022 2385 1143 2450 iniuria
1159 2403 1208 2451 sa-

84 2491 298 2558 tisfactionem
324 2489 469 2558 debitam
495 2491 694 2578 impensuri,
725 2493 800 2560 loca
824 2491 935 2576 etiam,
964 2491 1094 2576 adque
1118 2489 1208 2576 ipsos

84 2601 231 2669 devenire
247 2598 432 2684 contigerit,
458 2599 614 2684 quamdiu
629 2601 674 2666 ibi
690 2601 819 2686 fuerint,
846 2601 1041 2688 supponatis
1060 2599 1208 2666 ecclesia-

23 2715 24 2730 *
85 2710 159 2778 sb'co
174 2707 363 2775 interdicto.
388 2707 431 2772 Et
446 2708 525 2791 quie
539 2706 645 2772 dictus
661 2706 844 2792 Episcopus
869 2726 1032 2793 expensas
1056 2705 1100 2773 ad
1122 2727 1208 2774 mun-

85 2816 189 2884 datum
215 2814 436 2902 predictorum
454 2813 601 2899 judicum
625 2835 690 2881 non
706 2813 840 2900 exolvit,
865 2821 897 2880 et
911 2823 978 2881 tam
1001 2814 1086 2901 ipsc,
1111 2834 1208 2897 quum

86 2922 258 3005 dometius,
285 2929 319 2988 et
332 2921 486 2988 monachi
500 2919 691 3007 supradicti,
717 2921 752 2988 in
772 2920 898 3008 profixo
923 2921 986 2988 sibi
1010 2923 1148 2989 termino
1165 2921 1209 2988 ad

87 3031 196 3099 sedern
213 3027 439 3116 Apostolioam
456 3047 521 3096 non
537 3034 705 3110 venerunt,
729 3029 964 3115 propterquod
980 3049 1002 3095 a
1016 3029 1114 3096 dictis
1126 3028 1208 3113 jndi-

87 3140 168 3207 cibus
193 3137 327 3204 uinculo
351 3135 482 3204 fuerunt
507 3139 851 3207 excommunicationis
877 3137 1022 3222 astricti,
1057 3143 1152 3224 prout
1174 3139 1208 3206 in

88 3249 185 3315 eidem
211 3247 332 3314 litteris
357 3246 550 3332 continetur,
576 3246 666 3334 ipsos
689 3249 987 3316 excommunicatos
1010 3247 1136 3315 tamdiu
1160 3267 1210 3314 so·

88 3358 230 3425 tenuiter
244 3355 402 3423 nuutidis
411 3408 421 3441 ,
446 3361 480 3424 et
493 3355 624 3453 iacietis
639 3358 682 3423 ab
699 3356 849 3426 omnibns
868 3357 990 3426 arctius
1010 3357 1137 3439 evitari,
1155 3354 1209 3422 do·

87 3487 137 3535 uec
151 3463 374 3554 personaliter
399 3483 510 3532 coram
525 3464 620 3530 nobis
637 3472 848 3550 compareant
871 3466 1060 3534 meritorum
1075 3483 1208 3532 suorum

88 3573 246 3662 stipendia
269 3571 442 3659 recepturi.
468 3573 509 3638 Et
525 3592 566 3639 ue
581 3573 763 3660 persecutio
788 3581 857 3640 tam
873 3573 993 3640 atrocis
1017 3573 1134 3640 iniurie
1149 3592 1208 3659 pro

23 3761 24 3780 χ
89 3681 208 3749 deiectu
225 3698 446 3766 expensarum
456 3678 610 3766 impediri
625 3679 735 3746 valeat
745 3681 798 3746 vel
813 3680 913 3746 etiam
928 3680 1100 3765 retardari,
1115 3680 1209 3746 tratri

89 3790 175 3858 Petro
202 3789 304 3856 latori
328 3787 539 3873 presentium,
567 3794 600 3854 et
616 3787 743 3856 duobus
767 3789 819 3854 vel
843 3789 947 3856 tribus
963 3787 1037 3854 aliis
1063 3785 1208 3854 eiusdem

89 3895 274 3966 domuerit
298 3894 485 3977 monacbis,
521 3895 706 3962 huiusmodi
730 3896 899 3980 negotium
926 3894 1209 3982 prosequentibus,

87 4005 209 4073 tmiatis
227 4003 381 4072 debonis
406 4002 509 4089 ipsius
525 4003 682 4090 Episcopi
698 4024 860 4090 expensas
886 4004 930 4072 ad
949 4004 1210 4091 prosecutionem

87 4113 202 4199 negotii
227 4111 437 4180 necessarias
452 4111 642 4197 ministrari,
668 4113 933 4196 contradictores,
959 4113 1059 4198 siqui
1078 4111 1209 4196 fuerint,

86 4224 129 4288 rel
143 4219 300 4306 rebelles,
318 4237 565 4305 percensuram
581 4219 840 4289 ecclesiasticam
857 4220 918 4287 sub
928 4221 1121 4308 Apostolica
1136 4221 1210 4290 obc-

84 4329 201 4397 dieutia
226 4327 478 4414 compescendo.
511 4329 630 4396 Verum
657 4330 735 4414 quia
758 4329 793 4395 in
818 4329 988 4416 premissis
1019 4331 1209 4400 excessibus

84 4437 224 4506 eiusdem
238 4435 401 4524 Episcopi
417 4435 535 4503 dicitur
550 4455 624 4505 esse
640 4457 767 4521 manus,
791 4437 941 4505 volumus
958 4445 991 4506 et
1006 4440 1208 4524 mandamus,

83 4553 202 4614 uttam
229 4543 273 4613 de
297 4541 462 4633 personis,
487 4563 551 4628 que
574 4543 760 4613 huiusmodi
784 4543 944 4630 flagitium
970 4547 1209 4629 commiserunt,
