3112 5148
825 783 902 854 118.

296 967 327 1032 A
344 967 601 1054 ezckoefehercdrt
616 967 830 1054 copulamus
849 967 1121 1056 cuonproquvau,
1140 969 1225 1054 kopp
1241 963 1352 1051 Sydon
1366 959 1429 1024 Pe-

294 1075 453 1159 ternekfia
467 1075 579 1142 eztltiec'
604 1074 739 1144 erutae
752 1074 800 1140 ket
823 1074 1007 1162 teoopenak,
1023 1075 1157 1142 Katate'n
1179 1079 1210 1139 e'e
1225 1067 1431 1138 &reaccende

716 1181 881 1270 dtenpcdte.
902 1183 1000 1248 1244.

561 1379 591 1446 A
752 1379 780 1446 Β
943 1377 969 1446 0
1133 1379 1164 1444 D

405 1573 590 1663 Capitulum
606 1574 754 1644 Ecclesie
764 1575 917 1644 Albensis
933 1573 1120 1644 uniuersum
1138 1574 1288 1642 omnibus
1305 1567 1430 1638 Christi

297 1683 447 1752 fidelibus
462 1691 630 1770 presentes
655 1684 781 1752 litteras
796 1683 994 1773 inspecturis
1020 1685 1160 1752 salntem
1177 1684 1210 1750 in
1227 1689 1359 1750 auctore
1374 1696 1428 1745 sa·

295 1792 383 1859 lutis.
408 1791 545 1860 Nouerit
562 1793 771 1860 Uniuersitas
790 1799 910 1880 uestra,
932 1789 1019 1880 quod
1031 1793 1188 1878 Magister
1204 1789 1317 1878 Sydon
1339 1787 1428 1856 filius

295 1899 386 1966 Petri
413 1899 456 1966 ad
481 1906 626 1967 nostram
653 1901 813 1969 accedens
840 1900 1045 1989 presenciam
1071 1900 1213 1968 asseruit
1237 1897 1315 1964 vine
1333 1914 1427 1978 uoce,

296 2003 383 2091 quod
408 2011 511 2073 totam
537 2011 658 2072 terrem
674 2025 766 2074 suam
783 2007 818 2073 in
841 2009 922 2074 nilla
945 2007 1098 2075 Sceuleus
1121 2008 1327 2088 existentem,
1353 2021 1427 2068 oum

296 2111 411 2196 vineis,
436 2111 559 2197 teneto,
575 2111 679 2198 siluis,
705 2113 851 2200 piscinis,
878 2121 910 2180 et
926 2113 1052 2182 duobus
1079 2113 1265 2200 mancipiis,
1290 2127 1429 2196 quorum

296 2217 432 2285 nomine
457 2225 533 2285 sunt
547 2219 667 2287 Tortor
684 2227 716 2287 et
731 2219 847 2308 Batia,
876 2226 908 2288 et
922 2221 1027 2289 bobus
1044 2219 1171 2291 duobus
1197 2219 1316 2287 aratris
1341 2213 1428 2284 suffi-

300 2325 472 2414 cientibus,
489 2325 583 2396 titulo
599 2328 779 2414 empcionis
789 2328 834 2394 ad
849 2348 921 2396 cum
937 2329 1141 2416 pertinencia
1158 2325 1254 2418 (tgy),
1273 2322 1428 2396 contulis-

298 2439 349 2501 set
372 2429 501 2501 duabus
534 2431 665 2502 filiabus
689 2434 778 2520 suis,
804 2435 985 2502 Katherine
1011 2435 1166 2504 videlieet
1190 2442 1223 2502 et
1246 2431 1429 2518 Elyeabeth

298 2549 456 2628 perpetuo
482 2539 701 2632 possidenda3
725 2543 784 2627 ita,
807 2547 844 2609 ut
868 2543 897 2610 si
921 2543 1025 2610 altere
1048 2543 1180 2611 illerum
1197 2542 1342 2610 debitum
1358 2539 1430 2605 vni-

297 2667 392 2716 uerse
407 2649 517 2718 cernis
534 2647 721 2734 exsoluerit,
748 2649 782 2715 in
798 2649 848 2716 ius
864 2649 963 2735 illius,
988 2671 1051 2736 qne
1066 2657 1232 2738 superstes
1258 2647 1366 2734 fuerit,
1393 2647 1428 2714 in

297 2761 489 2844 perpetuum
514 2755 604 2824 diota
619 2754 786 2844 possessio
811 2757 996 2843 pertinebit.
1023 2758 1065 2825 Et
1080 2764 1116 2824 vt
1131 2757 1227 2825 huius
1252 2755 1301 2822 rei
1325 2753 1429 2822 series

298 2869 455 2951 perpetue
470 2862 632 2930 firmitatis
648 2864 746 2932 robur
761 2864 918 2950 optineat,
944 2864 988 2931 ad
1004 2863 1200 2952 peticionem
1220 2862 1299 2930 dicti
1315 2862 1430 2950 Sydon

297 2976 467 3059 presentes
483 2971 702 3061 concessimus
718 2971 845 3040 litteras
860 2971 964 3056 sigilli
978 2973 1082 3041 nostri
1107 2971 1284 3040 munimine
1299 2972 1430 3039 robora-

299 3085 363 3145 tes.
389 3078 511 3144 Datum
528 3097 613 3146 enno
637 3079 749 3164 gracie
776 3079 947 3149 millesimo
973 3079 1195 3148 ducentesimo
1211 3079 1284 3146 XLo
1300 3085 1430 3166 quarto,

297 3183 455 3269 Magistro
471 3183 610 3271 thylle
626 3187 773 3254 Ecclesie
788 3195 898 3256 nostre
924 3189 1106 3274 Proposito,
1132 3187 1208 3255 aule
1223 3186 1327 3274 Regio
1342 3185 1429 3254 Oan-

299 3291 457 3378 eellario;
488 3292 611 3363 Jeoobo
636 3293 797 3382 Centore,
830 3296 927 3366 Gallo
954 3296 1116 3382 Custode,
1148 3297 1258 3364 Murco
1293 3297 1430 3366 Deceno

298 3398 523 3468 existentibus.

299 3596 436 3664 (Eredetie
445 3597 620 3666 bo'rhtrtytn,
633 3599 743 3666 melytttl
752 3615 770 3652 a
780 3598 911 3668 ktptalan
920 3599 1040 3668 peosttje
1052 3597 1199 3668 singu-ket:
1212 3599 1337 3652 nuntron
1350 3601 1430 3668 sugg,

473 3687 603 3744 aitmelt.
616 3687 765 3758 Betthytni
779 3685 873 3743 esultd
887 3689 1027 3744 ktrmendi
1041 3686 1247 3757 levtlttrtban.)

733 3985 996 4002 *—
