<?xml version="1.0" encoding="UTF-8"?>
<!DOCTYPE html PUBLIC "-//W3C//DTD XHTML 1.0 Transitional//EN"
    "http://www.w3.org/TR/xhtml1/DTD/xhtml1-transitional.dtd">
<html xmlns="http://www.w3.org/1999/xhtml" xml:lang="en" lang="en">
 <head>
  <title>
</title>
<meta http-equiv="Content-Type" content="text/html;charset=utf-8" />
  <meta name='ocr-system' content='tesseract 3.04.00' />
  <meta name='ocr-capabilities' content='ocr_page ocr_carea ocr_par ocr_line ocrx_word'/>
</head>
<body>
  <div class='ocr_page' id='page_1' title='image "./codexdiplomatic15wenzgoog_0225.png"; bbox 0 0 3112 5148; ppageno 0'>
   <div class='ocr_carea' id='block_1_1' title="bbox 869 295 1021 395">
    <p class='ocr_par' dir='ltr' id='par_1_1' title="bbox 869 295 1021 395">
     <span class='ocr_line' id='line_1_1' title="bbox 869 295 1021 395; baseline 0 -35"><span class='ocrx_word' id='word_1_1' title='bbox 869 295 1021 395; x_wconf 49' lang='lat' dir='ltr'><strong>Ast..</strong></span> 
     </span>
    </p>
   </div>
   <div class='ocr_carea' id='block_1_2' title="bbox 380 490 1518 1979">
    <p class='ocr_par' dir='ltr' id='par_1_2' title="bbox 380 490 1518 1979">
     <span class='ocr_line' id='line_1_2' title="bbox 382 490 1516 578; baseline 0.002 -20"><span class='ocrx_word' id='word_1_2' title='bbox 382 497 540 577; x_wconf 76' lang='lat' dir='ltr'><strong>coctores,</strong></span> <span class='ocrx_word' id='word_1_3' title='bbox 556 498 676 558; x_wconf 86' lang='lat' dir='ltr'><strong>terram</strong></span> <span class='ocrx_word' id='word_1_4' title='bbox 691 490 812 575; x_wconf 73' lang='lat' dir='ltr'><strong>linear,</strong></span> <span class='ocrx_word' id='word_1_5' title='bbox 830 499 862 560; x_wconf 93' lang='lat' dir='ltr'><strong>et</strong></span> <span class='ocrx_word' id='word_1_6' title='bbox 887 497 1007 558; x_wconf 85' lang='lat' dir='ltr'><strong>terrem</strong></span> <span class='ocrx_word' id='word_1_7' title='bbox 1032 509 1096 575; x_wconf 87' lang='lat' dir='ltr'><strong>qne</strong></span> <span class='ocrx_word' id='word_1_8' title='bbox 1123 497 1258 560; x_wconf 89' lang='lat' dir='ltr'><strong>uocatur</strong></span> <span class='ocrx_word' id='word_1_9' title='bbox 1274 493 1397 578; x_wconf 78' lang='lat' dir='ltr'><strong>llsgna</strong></span> <span class='ocrx_word' id='word_1_10' title='bbox 1411 493 1516 578; x_wconf 81' lang='lat' dir='ltr'><strong>llius,</strong></span> 
     </span>
     <span class='ocr_line' id='line_1_3' title="bbox 381 597 1518 690; baseline 0.001 -26"><span class='ocrx_word' id='word_1_11' title='bbox 381 603 525 666; x_wconf 86' lang='lat' dir='ltr'><strong>acastre</strong></span> <span class='ocrx_word' id='word_1_12' title='bbox 542 597 701 667; x_wconf 87' lang='lat' dir='ltr'><strong>Szoboloh</strong></span> <span class='ocrx_word' id='word_1_13' title='bbox 724 603 904 690; x_wconf 82' lang='lat' dir='ltr'><strong>exemptas,</strong></span> <span class='ocrx_word' id='word_1_14' title='bbox 930 604 963 667; x_wconf 89' lang='lat' dir='ltr'><strong>et</strong></span> <span class='ocrx_word' id='word_1_15' title='bbox 978 605 1097 668; x_wconf 83' lang='lat' dir='ltr'><strong>terrem</strong></span> <span class='ocrx_word' id='word_1_16' title='bbox 1113 600 1196 686; x_wconf 80' lang='lat' dir='ltr'><strong>Goa,</strong></span> <span class='ocrx_word' id='word_1_17' title='bbox 1213 619 1277 684; x_wconf 88' lang='lat' dir='ltr'><strong>que</strong></span> <span class='ocrx_word' id='word_1_18' title='bbox 1291 599 1353 668; x_wconf 85' lang='lat' dir='ltr'><strong>luit</strong></span> <span class='ocrx_word' id='word_1_19' title='bbox 1364 599 1518 686; x_wconf 78' lang='lat' dir='ltr'><strong>jobsgio-</strong></span> 
     </span>
     <span class='ocr_line' id='line_1_4' title="bbox 382 703 1517 792; baseline 0.001 -20"><span class='ocrx_word' id='word_1_20' title='bbox 382 726 458 774; x_wconf 91' lang='lat' dir='ltr'><strong>num</strong></span> <span class='ocrx_word' id='word_1_21' title='bbox 475 703 574 772; x_wconf 80' lang='lat' dir='ltr'>castri</span> <span class='ocrx_word' id='word_1_22' title='bbox 591 705 745 792; x_wconf 85' lang='lat' dir='ltr'><strong>eiusdem,</strong></span> <span class='ocrx_word' id='word_1_23' title='bbox 768 704 922 774; x_wconf 91' lang='lat' dir='ltr'><strong>uidelicet</strong></span> <span class='ocrx_word' id='word_1_24' title='bbox 936 706 1106 774; x_wconf 74' lang='lat' dir='ltr'><strong>Michaelis</strong></span> <span class='ocrx_word' id='word_1_25' title='bbox 1116 713 1150 773; x_wconf 92' lang='lat' dir='ltr'><strong>et</strong></span> <span class='ocrx_word' id='word_1_26' title='bbox 1159 707 1297 792; x_wconf 79' lang='lat' dir='ltr'><strong>timont,</strong></span> <span class='ocrx_word' id='word_1_27' title='bbox 1313 708 1430 792; x_wconf 90' lang='lat' dir='ltr'><strong>quibus</strong></span> <span class='ocrx_word' id='word_1_28' title='bbox 1440 708 1517 775; x_wconf 88' lang='lat' dir='ltr'><strong>sine</strong></span> 
     </span>
     <span class='ocr_line' id='line_1_5' title="bbox 380 811 1514 899; baseline 0.002 -19"><span class='ocrx_word' id='word_1_29' title='bbox 380 812 502 882; x_wconf 88' lang='lat' dir='ltr'><strong>herede</strong></span> <span class='ocrx_word' id='word_1_30' title='bbox 518 811 680 880; x_wconf 77' lang='lat' dir='ltr'><strong>defunctis</strong></span> <span class='ocrx_word' id='word_1_31' title='bbox 697 812 740 880; x_wconf 86' lang='lat' dir='ltr'><strong>ad</strong></span> <span class='ocrx_word' id='word_1_32' title='bbox 756 833 871 882; x_wconf 86' lang='lat' dir='ltr'><strong>manus</strong></span> <span class='ocrx_word' id='word_1_33' title='bbox 887 821 1016 882; x_wconf 84' lang='lat' dir='ltr'><strong>nostras</strong></span> <span class='ocrx_word' id='word_1_34' title='bbox 1027 813 1116 880; x_wconf 86' lang='lat' dir='ltr'><strong>dicte</strong></span> <span class='ocrx_word' id='word_1_35' title='bbox 1125 819 1212 881; x_wconf 85' lang='lat' dir='ltr'><strong>terra</strong></span> <span class='ocrx_word' id='word_1_36' title='bbox 1222 815 1330 882; x_wconf 86' lang='lat' dir='ltr'><strong>extitit</strong></span> <span class='ocrx_word' id='word_1_37' title='bbox 1340 813 1514 899; x_wconf 81' lang='lat' dir='ltr'><strong>deuolute3</strong></span> 
     </span>
     <span class='ocr_line' id='line_1_6' title="bbox 382 918 1516 990; baseline -0.001 -2"><span class='ocrx_word' id='word_1_38' title='bbox 382 923 442 990; x_wconf 89' lang='lat' dir='ltr'><strong>has</strong></span> <span class='ocrx_word' id='word_1_39' title='bbox 455 939 568 990; x_wconf 90' lang='lat' dir='ltr'><strong>omnes</strong></span> <span class='ocrx_word' id='word_1_40' title='bbox 593 919 626 985; x_wconf 90' lang='lat' dir='ltr'><strong>in</strong></span> <span class='ocrx_word' id='word_1_41' title='bbox 652 918 816 989; x_wconf 73' lang='lat' dir='ltr'><strong>comitatu</strong></span> <span class='ocrx_word' id='word_1_42' title='bbox 832 918 874 987; x_wconf 92' lang='lat' dir='ltr'><strong>de</strong></span> <span class='ocrx_word' id='word_1_43' title='bbox 893 921 1053 990; x_wconf 84' lang='lat' dir='ltr'><strong>Scobolch</strong></span> <span class='ocrx_word' id='word_1_44' title='bbox 1078 921 1256 988; x_wconf 75' lang='lat' dir='ltr'><strong>existentes</strong></span> <span class='ocrx_word' id='word_1_45' title='bbox 1272 919 1378 990; x_wconf 86' lang='lat' dir='ltr'><strong>eidem</strong></span> <span class='ocrx_word' id='word_1_46' title='bbox 1394 921 1516 990; x_wconf 82' lang='lat' dir='ltr'><strong>(lomiti</strong></span> 
     </span>
     <span class='ocr_line' id='line_1_7' title="bbox 380 1025 1516 1115; baseline 0.001 -20"><span class='ocrx_word' id='word_1_47' title='bbox 380 1027 546 1115; x_wconf 83' lang='lat' dir='ltr'><strong>Stephano</strong></span> <span class='ocrx_word' id='word_1_48' title='bbox 562 1026 672 1096; x_wconf 87' lang='lat' dir='ltr'><strong>Judiei</strong></span> <span class='ocrx_word' id='word_1_49' title='bbox 686 1026 903 1113; x_wconf 74' lang='lat' dir='ltr'><strong>dorecestre,</strong></span> <span class='ocrx_word' id='word_1_50' title='bbox 920 1033 953 1094; x_wconf 88' lang='lat' dir='ltr'><strong>et</strong></span> <span class='ocrx_word' id='word_1_51' title='bbox 975 1047 1033 1114; x_wconf 93' lang='lat' dir='ltr'><strong>per</strong></span> <span class='ocrx_word' id='word_1_52' title='bbox 1049 1047 1122 1096; x_wconf 89' lang='lat' dir='ltr'><strong>euru</strong></span> <span class='ocrx_word' id='word_1_53' title='bbox 1137 1025 1207 1096; x_wconf 91' lang='lat' dir='ltr'><strong>suis</strong></span> <span class='ocrx_word' id='word_1_54' title='bbox 1222 1027 1395 1096; x_wconf 87' lang='lat' dir='ltr'><strong>heredibus</strong></span> <span class='ocrx_word' id='word_1_55' title='bbox 1411 1033 1445 1094; x_wconf 88' lang='lat' dir='ltr'><strong>et</strong></span> <span class='ocrx_word' id='word_1_56' title='bbox 1459 1029 1516 1096; x_wconf 91' lang='lat' dir='ltr'><strong>he·</strong></span> 
     </span>
     <span class='ocr_line' id='line_1_8' title="bbox 381 1134 1516 1223; baseline 0 -21"><span class='ocrx_word' id='word_1_57' title='bbox 381 1135 494 1202; x_wconf 89' lang='lat' dir='ltr'><strong>redum</strong></span> <span class='ocrx_word' id='word_1_58' title='bbox 509 1135 753 1204; x_wconf 86' lang='lat' dir='ltr'><strong>successoribus</strong></span> <span class='ocrx_word' id='word_1_59' title='bbox 777 1134 971 1204; x_wconf 87' lang='lat' dir='ltr'><strong>contulimus</strong></span> <span class='ocrx_word' id='word_1_60' title='bbox 997 1142 1030 1202; x_wconf 89' lang='lat' dir='ltr'><strong>et</strong></span> <span class='ocrx_word' id='word_1_61' title='bbox 1054 1135 1250 1204; x_wconf 80' lang='lat' dir='ltr'><strong>conferimus</strong></span> <span class='ocrx_word' id='word_1_62' title='bbox 1270 1137 1516 1223; x_wconf 88' lang='lat' dir='ltr'><strong>inperpetuum</strong></span> 
     </span>
     <span class='ocr_line' id='line_1_9' title="bbox 380 1241 1516 1331; baseline -0.002 -21"><span class='ocrx_word' id='word_1_63' title='bbox 380 1245 477 1331; x_wconf 92' lang='lat' dir='ltr'><strong>pleno</strong></span> <span class='ocrx_word' id='word_1_64' title='bbox 493 1242 573 1310; x_wconf 90' lang='lat' dir='ltr'><strong>iure.</strong></span> <span class='ocrx_word' id='word_1_65' title='bbox 598 1241 635 1308; x_wconf 89' lang='lat' dir='ltr'><strong>ln</strong></span> <span class='ocrx_word' id='word_1_66' title='bbox 660 1261 795 1328; x_wconf 84' lang='lat' dir='ltr'><strong>qnorum</strong></span> <span class='ocrx_word' id='word_1_67' title='bbox 819 1243 1062 1329; x_wconf 88' lang='lat' dir='ltr'><strong>possessionem</strong></span> <span class='ocrx_word' id='word_1_68' title='bbox 1087 1245 1288 1331; x_wconf 88' lang='lat' dir='ltr'><strong>corporalem</strong></span> <span class='ocrx_word' id='word_1_69' title='bbox 1307 1241 1516 1331; x_wconf 87' lang='lat' dir='ltr'><strong>perfidelem</strong></span> 
     </span>
     <span class='ocr_line' id='line_1_10' title="bbox 383 1349 1516 1438; baseline -0.001 -20"><span class='ocrx_word' id='word_1_70' title='bbox 383 1355 528 1420; x_wconf 87' lang='lat' dir='ltr'><strong>nostrum</strong></span> <span class='ocrx_word' id='word_1_71' title='bbox 544 1349 648 1418; x_wconf 90' lang='lat' dir='ltr'><strong>Keled</strong></span> <span class='ocrx_word' id='word_1_72' title='bbox 662 1350 765 1418; x_wconf 86' lang='lat' dir='ltr'><strong>filium</strong></span> <span class='ocrx_word' id='word_1_73' title='bbox 779 1349 866 1418; x_wconf 88' lang='lat' dir='ltr'><strong>Petri</strong></span> <span class='ocrx_word' id='word_1_74' title='bbox 881 1351 988 1438; x_wconf 90' lang='lat' dir='ltr'><strong>ipsum</strong></span> <span class='ocrx_word' id='word_1_75' title='bbox 1010 1351 1147 1420; x_wconf 78' lang='lat' dir='ltr'><strong>fecimus</strong></span> <span class='ocrx_word' id='word_1_76' title='bbox 1159 1352 1330 1422; x_wconf 79' lang='lat' dir='ltr'><strong>introduci.</strong></span> <span class='ocrx_word' id='word_1_77' title='bbox 1346 1353 1397 1420; x_wconf 85' lang='lat' dir='ltr'><strong>Ne</strong></span> <span class='ocrx_word' id='word_1_78' title='bbox 1411 1353 1516 1437; x_wconf 82' lang='lat' dir='ltr'><strong>igitur</strong></span> 
     </span>
     <span class='ocr_line' id='line_1_11' title="bbox 383 1457 1518 1548; baseline -0.002 -22"><span class='ocrx_word' id='word_1_79' title='bbox 383 1457 470 1526; x_wconf 85' lang='lat' dir='ltr'><strong>ldenn</strong></span> <span class='ocrx_word' id='word_1_80' title='bbox 485 1459 519 1526; x_wconf 83' lang='lat' dir='ltr'><strong>S.</strong></span> <span class='ocrx_word' id='word_1_81' title='bbox 546 1457 661 1527; x_wconf 79' lang='lat' dir='ltr'><strong>Comes</strong></span> <span class='ocrx_word' id='word_1_82' title='bbox 685 1459 739 1526; x_wconf 89' lang='lat' dir='ltr'><strong>uel</strong></span> <span class='ocrx_word' id='word_1_83' title='bbox 763 1478 824 1526; x_wconf 88' lang='lat' dir='ltr'><strong>suc</strong></span> <span class='ocrx_word' id='word_1_84' title='bbox 847 1461 1023 1546; x_wconf 77' lang='lat' dir='ltr'><strong>posteritas</strong></span> <span class='ocrx_word' id='word_1_85' title='bbox 1043 1467 1221 1548; x_wconf 89' lang='lat' dir='ltr'><strong>temporum</strong></span> <span class='ocrx_word' id='word_1_86' title='bbox 1237 1460 1397 1528; x_wconf 87' lang='lat' dir='ltr'><strong>curriculo</strong></span> <span class='ocrx_word' id='word_1_87' title='bbox 1413 1477 1518 1544; x_wconf 87' lang='lat' dir='ltr'><strong>super</strong></span> 
     </span>
     <span class='ocr_line' id='line_1_12' title="bbox 384 1566 1517 1655; baseline -0.004 -20"><span class='ocrx_word' id='word_1_88' title='bbox 384 1567 477 1635; x_wconf 89' lang='lat' dir='ltr'><strong>terris</strong></span> <span class='ocrx_word' id='word_1_89' title='bbox 493 1566 616 1636; x_wconf 89' lang='lat' dir='ltr'><strong>eisdem</strong></span> <span class='ocrx_word' id='word_1_90' title='bbox 633 1586 691 1654; x_wconf 91' lang='lat' dir='ltr'><strong>per</strong></span> <span class='ocrx_word' id='word_1_91' title='bbox 706 1568 892 1655; x_wconf 87' lang='lat' dir='ltr'><strong>quempiam</strong></span> <span class='ocrx_word' id='word_1_92' title='bbox 908 1567 1081 1653; x_wconf 83' lang='lat' dir='ltr'><strong>inquietari</strong></span> <span class='ocrx_word' id='word_1_93' title='bbox 1096 1570 1218 1654; x_wconf 83' lang='lat' dir='ltr'><strong>ualeat,</strong></span> <span class='ocrx_word' id='word_1_94' title='bbox 1238 1587 1294 1636; x_wconf 92' lang='lat' dir='ltr'><strong>seu</strong></span> <span class='ocrx_word' id='word_1_95' title='bbox 1305 1567 1517 1653; x_wconf 86' lang='lat' dir='ltr'><strong>aliquatenus</strong></span> 
     </span>
     <span class='ocr_line' id='line_1_13' title="bbox 384 1675 1518 1764; baseline -0.004 -20"><span class='ocrx_word' id='word_1_96' title='bbox 384 1675 561 1764; x_wconf 84' lang='lat' dir='ltr'><strong>molestari,</strong></span> <span class='ocrx_word' id='word_1_97' title='bbox 576 1683 746 1762; x_wconf 77' lang='lat' dir='ltr'><strong>presentes</strong></span> <span class='ocrx_word' id='word_1_98' title='bbox 761 1676 796 1744; x_wconf 88' lang='lat' dir='ltr'><strong>in</strong></span> <span class='ocrx_word' id='word_1_99' title='bbox 811 1681 1003 1764; x_wconf 78' lang='lat' dir='ltr'><strong>perpetuent</strong></span> <span class='ocrx_word' id='word_1_100' title='bbox 1027 1675 1239 1746; x_wconf 76' lang='lat' dir='ltr'><strong>stabilitatem</strong></span> <span class='ocrx_word' id='word_1_101' title='bbox 1253 1675 1441 1745; x_wconf 73' lang='lat' dir='ltr'><strong>donacionis</strong></span> <span class='ocrx_word' id='word_1_102' title='bbox 1458 1695 1518 1740; x_wconf 91' lang='lat' dir='ltr'><strong>no·</strong></span> 
     </span>
     <span class='ocr_line' id='line_1_14' title="bbox 384 1783 1517 1873; baseline -0.002 -21"><span class='ocrx_word' id='word_1_103' title='bbox 384 1789 450 1852; x_wconf 91' lang='lat' dir='ltr'><strong>stre</strong></span> <span class='ocrx_word' id='word_1_104' title='bbox 465 1783 661 1853; x_wconf 72' lang='lat' dir='ltr'><strong>tradidimus</strong></span> <span class='ocrx_word' id='word_1_105' title='bbox 686 1784 812 1854; x_wconf 86' lang='lat' dir='ltr'><strong>litteras</strong></span> <span class='ocrx_word' id='word_1_106' title='bbox 839 1785 873 1854; x_wconf 92' lang='lat' dir='ltr'><strong>iu</strong></span> <span class='ocrx_word' id='word_1_107' title='bbox 902 1792 1094 1873; x_wconf 87' lang='lat' dir='ltr'><strong>perpetuum</strong></span> <span class='ocrx_word' id='word_1_108' title='bbox 1118 1785 1325 1872; x_wconf 80' lang='lat' dir='ltr'><strong>priuilegium</strong></span> <span class='ocrx_word' id='word_1_109' title='bbox 1349 1783 1517 1872; x_wconf 88' lang='lat' dir='ltr'><strong>dupplicis</strong></span> 
     </span>
     <span class='ocr_line' id='line_1_15' title="bbox 384 1891 1518 1979; baseline -0.001 -20"><span class='ocrx_word' id='word_1_110' title='bbox 384 1891 485 1977; x_wconf 81' lang='lat' dir='ltr'><strong>sigilli</strong></span> <span class='ocrx_word' id='word_1_111' title='bbox 509 1892 611 1960; x_wconf 90' lang='lat' dir='ltr'><strong>nostri</strong></span> <span class='ocrx_word' id='word_1_112' title='bbox 636 1893 811 1960; x_wconf 89' lang='lat' dir='ltr'><strong>munimine</strong></span> <span class='ocrx_word' id='word_1_113' title='bbox 836 1893 1018 1962; x_wconf 82' lang='lat' dir='ltr'><strong>roboratas.</strong></span> <span class='ocrx_word' id='word_1_114' title='bbox 1046 1896 1167 1961; x_wconf 87' lang='lat' dir='ltr'><strong>Datum</strong></span> <span class='ocrx_word' id='word_1_115' title='bbox 1193 1894 1285 1960; x_wconf 81' lang='lat' dir='ltr'><strong>iuxta</strong></span> <span class='ocrx_word' id='word_1_116' title='bbox 1309 1892 1390 1960; x_wconf 88' lang='lat' dir='ltr'><strong>Bors</strong></span> <span class='ocrx_word' id='word_1_117' title='bbox 1413 1911 1518 1979; x_wconf 86' lang='lat' dir='ltr'><strong>snper</strong></span> 
     </span>
    </p>
   </div>
   <div class='ocr_carea' id='block_1_3' title="bbox 384 1999 1517 2192">
    <p class='ocr_par' dir='ltr' id='par_1_3' title="bbox 384 1999 1517 2192">
     <span class='ocr_line' id='line_1_16' title="bbox 385 1999 1517 2070; baseline 0.001 -3"><span class='ocrx_word' id='word_1_118' title='bbox 385 1999 530 2067; x_wconf 73' lang='lat' dir='ltr'><strong>(tranum</strong></span> <span class='ocrx_word' id='word_1_119' title='bbox 546 2018 631 2067; x_wconf 84' lang='lat' dir='ltr'><strong>anno</strong></span> <span class='ocrx_word' id='word_1_120' title='bbox 647 1999 816 2067; x_wconf 87' lang='lat' dir='ltr'><strong>Dominioe</strong></span> <span class='ocrx_word' id='word_1_121' title='bbox 841 2000 1082 2070; x_wconf 84' lang='lat' dir='ltr'><strong>lucerneciouis</strong></span> <span class='ocrx_word' id='word_1_122' title='bbox 1102 2001 1275 2070; x_wconf 89' lang='lat' dir='ltr'><strong>millesimo</strong></span> <span class='ocrx_word' id='word_1_123' title='bbox 1291 2001 1517 2068; x_wconf 86' lang='lat' dir='ltr'><strong>ducentesimo</strong></span> 
     </span>
     <span class='ocr_line' id='line_1_17' title="bbox 384 2105 588 2192; baseline -0.005 -19"><span class='ocrx_word' id='word_1_124' title='bbox 384 2105 588 2192; x_wconf 68' lang='lat' dir='ltr'><strong>xuqninto.</strong></span> 
     </span>
    </p>
   </div>
   <div class='ocr_carea' id='block_1_4' title="bbox 385 2321 1518 2486">
    <p class='ocr_par' dir='ltr' id='par_1_4' title="bbox 385 2321 1518 2486">
     <span class='ocr_line' id='line_1_18' title="bbox 385 2321 1518 2393; baseline 0.003 -15"><span class='ocrx_word' id='word_1_125' title='bbox 385 2323 527 2390; x_wconf 77' lang='lat' dir='ltr'><strong>(Eredetie</strong></span> <span class='ocrx_word' id='word_1_126' title='bbox 540 2321 714 2393; x_wconf 75' lang='lat' dir='ltr'><strong>bdrlrtrtydm</strong></span> <span class='ocrx_word' id='word_1_127' title='bbox 727 2325 840 2390; x_wconf 82' lang='lat' dir='ltr'><strong>melyrdl</strong></span> <span class='ocrx_word' id='word_1_128' title='bbox 849 2321 1092 2393; x_wconf 65' lang='lat' dir='ltr'><strong>stege-violassent</strong></span> <span class='ocrx_word' id='word_1_129' title='bbox 1102 2327 1329 2392; x_wconf 77' lang='lat' dir='ltr'><strong>sslyemnsinoron</strong></span> <span class='ocrx_word' id='word_1_130' title='bbox 1338 2341 1356 2378; x_wconf 84' lang='lat' dir='ltr'><strong>a</strong></span> <span class='ocrx_word' id='word_1_131' title='bbox 1367 2325 1464 2393; x_wconf 76' lang='lat' dir='ltr'><strong>peccet</strong></span> <span class='ocrx_word' id='word_1_132' title='bbox 1475 2334 1518 2381; x_wconf 84' lang='lat' dir='ltr'><strong>to-</strong></span> 
     </span>
     <span class='ocr_line' id='line_1_19' title="bbox 584 2411 1313 2486; baseline 0 -18"><span class='ocrx_word' id='word_1_133' title='bbox 584 2413 683 2468; x_wconf 77' lang='lat' dir='ltr'><strong>reddke</strong></span> <span class='ocrx_word' id='word_1_134' title='bbox 696 2415 771 2486; x_wconf 74' lang='lat' dir='ltr'>fflgg,</span> <span class='ocrx_word' id='word_1_135' title='bbox 791 2430 809 2466; x_wconf 85' lang='lat' dir='ltr'><strong>a</strong></span> <span class='ocrx_word' id='word_1_136' title='bbox 821 2415 904 2470; x_wconf 88' lang='lat' dir='ltr'><strong>budai</strong></span> <span class='ocrx_word' id='word_1_137' title='bbox 917 2416 969 2468; x_wconf 88' lang='lat' dir='ltr'><strong>kir.</strong></span> <span class='ocrx_word' id='word_1_138' title='bbox 983 2417 1108 2470; x_wconf 85' lang='lat' dir='ltr'><strong>kamarai</strong></span> <span class='ocrx_word' id='word_1_139' title='bbox 1121 2411 1313 2483; x_wconf 68' lang='lat' dir='ltr'><strong>levelttrbau.)</strong></span> 
     </span>
    </p>
   </div>
   <div class='ocr_carea' id='block_1_5' title="bbox 815 2748 1077 2763">
    <p class='ocr_par' dir='ltr' id='par_1_5' title="bbox 815 2748 1077 2763">
     <span class='ocr_line' id='line_1_20' title="bbox 815 2748 1077 2763; baseline 0 0"><span class='ocrx_word' id='word_1_140' title='bbox 815 2748 1077 2763; x_wconf 60' lang='grc' dir='ltr'><strong>Μ..</strong></span> 
     </span>
    </p>
   </div>
   <div class='ocr_carea' id='block_1_6' title="bbox 441 3496 1467 3588">
    <p class='ocr_par' dir='ltr' id='par_1_6' title="bbox 441 3496 1467 3588">
     <span class='ocr_line' id='line_1_21' title="bbox 441 3496 1467 3588; baseline -0.001 -23"><span class='ocrx_word' id='word_1_141' title='bbox 441 3500 463 3565; x_wconf 91' lang='lat' dir='ltr'><em>I</em></span> <span class='ocrx_word' id='word_1_142' title='bbox 469 3499 501 3564; x_wconf 90' lang='lat' dir='ltr'><strong>V.</strong></span> <span class='ocrx_word' id='word_1_143' title='bbox 518 3500 598 3568; x_wconf 75' lang='lat' dir='ltr'><strong>Belo</strong></span> <span class='ocrx_word' id='word_1_144' title='bbox 613 3503 786 3588; x_wconf 74' lang='lat' dir='ltr'><strong>oceperdrtti</strong></span> <span class='ocrx_word' id='word_1_145' title='bbox 805 3501 891 3568; x_wconf 81' lang='lat' dir='ltr'><strong>Troo</strong></span> <span class='ocrx_word' id='word_1_146' title='bbox 908 3503 996 3567; x_wconf 77' lang='lat' dir='ltr'><strong>odroa</strong></span> <span class='ocrx_word' id='word_1_147' title='bbox 1012 3501 1201 3586; x_wconf 80' lang='lat' dir='ltr'><strong>saobcdccipr&#39;</strong></span> <span class='ocrx_word' id='word_1_148' title='bbox 1215 3499 1344 3578; x_wconf 71' lang='lat' dir='ltr'><strong>eeteros.</strong></span> <span class='ocrx_word' id='word_1_149' title='bbox 1361 3496 1467 3564; x_wconf 74' lang='lat'><em>1245.</em></span> 
     </span>
    </p>
   </div>
   <div class='ocr_carea' id='block_1_7' title="bbox 385 3711 1522 4664">
    <p class='ocr_par' dir='ltr' id='par_1_7' title="bbox 385 3711 1522 4664">
     <span class='ocr_line' id='line_1_22' title="bbox 492 3711 1522 3785; baseline 0.002 -5"><span class='ocrx_word' id='word_1_150' title='bbox 492 3714 531 3780; x_wconf 89' lang='lat' dir='ltr'><strong>In</strong></span> <span class='ocrx_word' id='word_1_151' title='bbox 548 3715 677 3784; x_wconf 90' lang='lat' dir='ltr'><strong>nominc</strong></span> <span class='ocrx_word' id='word_1_152' title='bbox 693 3715 813 3784; x_wconf 86' lang='lat' dir='ltr'><strong>Sancte</strong></span> <span class='ocrx_word' id='word_1_153' title='bbox 834 3716 1005 3785; x_wconf 85' lang='lat' dir='ltr'><strong>Trinitatis</strong></span> <span class='ocrx_word' id='word_1_154' title='bbox 1021 3723 1054 3783; x_wconf 90' lang='lat' dir='ltr'><strong>et</strong></span> <span class='ocrx_word' id='word_1_155' title='bbox 1069 3711 1242 3783; x_wconf 88' lang='lat' dir='ltr'><strong>Indiuidue</strong></span> <span class='ocrx_word' id='word_1_156' title='bbox 1257 3711 1413 3782; x_wconf 82' lang='lat' dir='ltr'><strong>Unitatis.</strong></span> <span class='ocrx_word' id='word_1_157' title='bbox 1434 3711 1522 3782; x_wconf 83' lang='lat' dir='ltr'><strong>Bclc</strong></span> 
     </span>
     <span class='ocr_line' id='line_1_23' title="bbox 386 3819 1521 3910; baseline -0.004 -18"><span class='ocrx_word' id='word_1_158' title='bbox 386 3825 449 3892; x_wconf 92' lang='lat' dir='ltr'><strong>Dei</strong></span> <span class='ocrx_word' id='word_1_159' title='bbox 459 3823 761 3910; x_wconf 78' lang='lat' dir='ltr'><strong>graciaHuugarie,</strong></span> <span class='ocrx_word' id='word_1_160' title='bbox 779 3831 840 3892; x_wconf 86' lang='lat' dir='ltr'><strong>etc.</strong></span> <span class='ocrx_word' id='word_1_161' title='bbox 851 3825 921 3893; x_wconf 84' lang='lat' dir='ltr'><strong>Rex</strong></span> <span class='ocrx_word' id='word_1_162' title='bbox 931 3833 993 3894; x_wconf 87' lang='lat' dir='ltr'><strong>ete.</strong></span> <span class='ocrx_word' id='word_1_163' title='bbox 1009 3823 1221 3892; x_wconf 84' lang='lat' dir='ltr'><strong>Adnotitiam</strong></span> <span class='ocrx_word' id='word_1_164' title='bbox 1231 3821 1331 3907; x_wconf 78' lang='lat' dir='ltr'><strong>igitur</strong></span> <span class='ocrx_word' id='word_1_165' title='bbox 1346 3819 1521 3888; x_wconf 84' lang='lat' dir='ltr'><strong>uniuerso·</strong></span> 
     </span>
     <span class='ocr_line' id='line_1_24' title="bbox 387 3924 1521 4019; baseline -0.005 -20"><span class='ocrx_word' id='word_1_166' title='bbox 387 3953 457 4000; x_wconf 89' lang='lat' dir='ltr'><strong>rum</strong></span> <span class='ocrx_word' id='word_1_167' title='bbox 468 3931 667 4018; x_wconf 88' lang='lat' dir='ltr'><strong>presentium</strong></span> <span class='ocrx_word' id='word_1_168' title='bbox 678 3932 763 4000; x_wconf 90' lang='lat' dir='ltr'><strong>serie</strong></span> <span class='ocrx_word' id='word_1_169' title='bbox 778 3931 927 4000; x_wconf 84' lang='lat' dir='ltr'><strong>volumus</strong></span> <span class='ocrx_word' id='word_1_170' title='bbox 941 3933 1120 4019; x_wconf 87' lang='lat' dir='ltr'><strong>peruenire,</strong></span> <span class='ocrx_word' id='word_1_171' title='bbox 1132 3928 1302 4013; x_wconf 86' lang='lat' dir='ltr'><strong>quodcum</strong></span> <span class='ocrx_word' id='word_1_172' title='bbox 1320 3924 1437 3995; x_wconf 87' lang='lat' dir='ltr'><strong>arduis</strong></span> <span class='ocrx_word' id='word_1_173' title='bbox 1450 3929 1521 4012; x_wconf 88' lang='lat' dir='ltr'><strong>qui·</strong></span> 
     </span>
     <span class='ocr_line' id='line_1_25' title="bbox 386 4035 1521 4128; baseline -0.005 -20"><span class='ocrx_word' id='word_1_174' title='bbox 386 4039 525 4110; x_wconf 86' lang='lat' dir='ltr'><strong>busdam</strong></span> <span class='ocrx_word' id='word_1_175' title='bbox 546 4040 679 4128; x_wconf 90' lang='lat' dir='ltr'><strong>impulsi</strong></span> <span class='ocrx_word' id='word_1_176' title='bbox 698 4039 840 4127; x_wconf 72' lang='lat' dir='ltr'><strong>negotijs</strong></span> <span class='ocrx_word' id='word_1_177' title='bbox 860 4039 1034 4127; x_wconf 80' lang='lat' dir='ltr'><strong>adportes</strong></span> <span class='ocrx_word' id='word_1_178' title='bbox 1059 4036 1313 4108; x_wconf 88' lang='lat' dir='ltr'><strong>accessissemus</strong></span> <span class='ocrx_word' id='word_1_179' title='bbox 1333 4035 1521 4102; x_wconf 81' lang='lat' dir='ltr'><strong>maritimas</strong></span> 
     </span>
     <span class='ocr_line' id='line_1_26' title="bbox 387 4143 1520 4234; baseline -0.005 -18"><span class='ocrx_word' id='word_1_180' title='bbox 387 4149 567 4234; x_wconf 75' lang='lat' dir='ltr'><strong>tractaturi,</strong></span> <span class='ocrx_word' id='word_1_181' title='bbox 579 4168 665 4234; x_wconf 85' lang='lat' dir='ltr'><strong>qnae</strong></span> <span class='ocrx_word' id='word_1_182' title='bbox 674 4167 796 4216; x_wconf 85' lang='lat' dir='ltr'><strong>causae</strong></span> <span class='ocrx_word' id='word_1_183' title='bbox 805 4147 947 4234; x_wconf 77' lang='lat' dir='ltr'><strong>qualitas</strong></span> <span class='ocrx_word' id='word_1_184' title='bbox 956 4153 989 4214; x_wconf 92' lang='lat' dir='ltr'><strong>et</strong></span> <span class='ocrx_word' id='word_1_185' title='bbox 999 4145 1141 4216; x_wconf 86' lang='lat' dir='ltr'><strong>conditio</strong></span> <span class='ocrx_word' id='word_1_186' title='bbox 1151 4143 1306 4232; x_wconf 87' lang='lat' dir='ltr'><strong>temporis</strong></span> <span class='ocrx_word' id='word_1_187' title='bbox 1315 4143 1520 4228; x_wconf 86' lang='lat' dir='ltr'><strong>requirebat</strong></span> 
     </span>
     <span class='ocr_line' id='line_1_27' title="bbox 385 4246 1520 4341; baseline -0.004 -19"><span class='ocrx_word' id='word_1_188' title='bbox 385 4263 419 4322; x_wconf 91' lang='lat' dir='ltr'><strong>et</strong></span> <span class='ocrx_word' id='word_1_189' title='bbox 428 4257 471 4324; x_wconf 86' lang='lat' dir='ltr'><strong>ed</strong></span> <span class='ocrx_word' id='word_1_190' title='bbox 480 4255 645 4324; x_wconf 78' lang='lat' dir='ltr'><strong>ciuitatem</strong></span> <span class='ocrx_word' id='word_1_191' title='bbox 654 4263 799 4324; x_wconf 88' lang='lat' dir='ltr'><strong>nostram</strong></span> <span class='ocrx_word' id='word_1_192' title='bbox 811 4255 964 4341; x_wconf 76' lang='lat' dir='ltr'><strong>Tragurij</strong></span> <span class='ocrx_word' id='word_1_193' title='bbox 975 4246 1193 4339; x_wconf 87' lang='lat' dir='ltr'><strong>venissemus;</strong></span> <span class='ocrx_word' id='word_1_194' title='bbox 1209 4249 1409 4319; x_wconf 81' lang='lat' dir='ltr'><strong>uenerabilis</strong></span> <span class='ocrx_word' id='word_1_195' title='bbox 1427 4259 1520 4337; x_wconf 84' lang='lat' dir='ltr'><strong>pater</strong></span> 
     </span>
     <span class='ocr_line' id='line_1_28' title="bbox 386 4356 1520 4451; baseline -0.005 -21"><span class='ocrx_word' id='word_1_196' title='bbox 386 4363 766 4450; x_wconf 76' lang='lat' dir='ltr'><strong>Tregcauusllpisoopus</strong></span> <span class='ocrx_word' id='word_1_197' title='bbox 775 4363 879 4451; x_wconf 85' lang='lat' dir='ltr'><strong>ipsius</strong></span> <span class='ocrx_word' id='word_1_198' title='bbox 885 4361 1035 4432; x_wconf 76' lang='lat' dir='ltr'><strong>Ciuitatis</strong></span> <span class='ocrx_word' id='word_1_199' title='bbox 1044 4360 1168 4450; x_wconf 82' lang='lat' dir='ltr'><strong>pariter</strong></span> <span class='ocrx_word' id='word_1_200' title='bbox 1178 4379 1251 4428; x_wconf 89' lang='lat' dir='ltr'><strong>eum</strong></span> <span class='ocrx_word' id='word_1_201' title='bbox 1261 4356 1438 4446; x_wconf 72' lang='lat' dir='ltr'><strong>recolere,</strong></span> <span class='ocrx_word' id='word_1_202' title='bbox 1452 4379 1520 4426; x_wconf 86' lang='lat' dir='ltr'><strong>uec</strong></span> 
     </span>
     <span class='ocr_line' id='line_1_29' title="bbox 387 4464 1519 4542; baseline -0.004 -4"><span class='ocrx_word' id='word_1_203' title='bbox 387 4490 452 4540; x_wconf 92' lang='lat' dir='ltr'><strong>non</strong></span> <span class='ocrx_word' id='word_1_204' title='bbox 466 4471 572 4539; x_wconf 88' lang='lat' dir='ltr'><strong>fidelis</strong></span> <span class='ocrx_word' id='word_1_205' title='bbox 587 4477 696 4540; x_wconf 89' lang='lat' dir='ltr'><strong>noster</strong></span> <span class='ocrx_word' id='word_1_206' title='bbox 712 4471 859 4542; x_wconf 80' lang='lat' dir='ltr'><strong>Ohernoe</strong></span> <span class='ocrx_word' id='word_1_207' title='bbox 883 4469 1043 4540; x_wconf 78' lang='lat' dir='ltr'><strong>Carbonis</strong></span> <span class='ocrx_word' id='word_1_208' title='bbox 1060 4470 1179 4538; x_wconf 85' lang='lat' dir='ltr'><strong>Rector</strong></span> <span class='ocrx_word' id='word_1_209' title='bbox 1197 4473 1230 4536; x_wconf 88' lang='lat' dir='ltr'><strong>et</strong></span> <span class='ocrx_word' id='word_1_210' title='bbox 1245 4464 1354 4536; x_wconf 88' lang='lat' dir='ltr'><strong>ludex</strong></span> <span class='ocrx_word' id='word_1_211' title='bbox 1371 4471 1405 4533; x_wconf 89' lang='lat' dir='ltr'><strong>et</strong></span> <span class='ocrx_word' id='word_1_212' title='bbox 1422 4464 1519 4534; x_wconf 80' lang='lat' dir='ltr'><strong>ciue</strong></span> 
     </span>
     <span class='ocr_line' id='line_1_30' title="bbox 388 4575 1519 4664; baseline -0.002 -18"><span class='ocrx_word' id='word_1_213' title='bbox 388 4575 538 4646; x_wconf 84' lang='lat' dir='ltr'><strong>uniuersi</strong></span> <span class='ocrx_word' id='word_1_214' title='bbox 552 4575 741 4648; x_wconf 84' lang='lat' dir='ltr'><strong>fidelitatem</strong></span> <span class='ocrx_word' id='word_1_215' title='bbox 756 4576 963 4648; x_wconf 88' lang='lat' dir='ltr'><strong>reddolentes</strong></span> <span class='ocrx_word' id='word_1_216' title='bbox 982 4575 1212 4664; x_wconf 77' lang='lat' dir='ltr'><strong>omnimodam,</strong></span> <span class='ocrx_word' id='word_1_217' title='bbox 1231 4577 1519 4663; x_wconf 74' lang='lat' dir='ltr'><strong>quamatemport</strong></span> 
     </span>
    </p>
   </div>
   <div class='ocr_carea' id='block_1_8' title="bbox 0 0 1563 5148">
    <p class='ocr_par' dir='ltr' id='par_1_8' title="bbox 0 0 1563 5148">
     <span class='ocr_line' id='line_1_31' title="bbox 0 0 1563 5148; baseline 0 0"><span class='ocrx_word' id='word_1_218' title='bbox 0 0 1563 5148; x_wconf 95' lang='lat' dir='ltr'><strong> </strong></span> 
     </span>
    </p>
   </div>
  </div>
 </body>
</html>
