3122 5154
860 268 1003 366 ac„

365 463 437 530 nius
454 483 493 530 ao
504 464 641 530 Michael
660 462 701 529 de
713 465 804 531 Pook
822 465 853 530 in
866 462 1006 546 qrradum
1019 482 1120 528 carrea
1136 462 1168 528 in
1179 461 1266 530 iacto
1277 463 1383 547 predij
1396 463 1490 529 Zaku

365 571 472 636 vocati
498 568 711 638 indemitate
737 570 951 656 Sopronienei
967 569 1081 655 habiti,
1109 579 1254 656 tempore
1279 569 1387 636 adhuc
1411 572 1490 636 olim

365 676 570 744 Sereniseimi
586 676 708 745 domini
724 678 924 762 Sigiemundi
940 679 1151 764 Imperatoria
1168 686 1265 760 mota,
1291 685 1405 745 contra
1422 697 1492 746 eoe-

370 786 444 850 dem
471 793 597 854 actorca
624 785 828 872 procedendo
845 786 878 854 in
895 785 1020 852 octauis
1046 785 1120 852 festi
1142 785 1401 871 Epiphaniarum
1426 788 1491 852 Do·

367 892 445 958 mini
462 891 590 980 (1489.)
609 943 716 962 ......
734 895 882 980 predium
898 893 1082 962 huiusmodi
1099 893 1194 961 iactis
1214 892 1316 959 eciam
1334 899 1492 959 metarum

368 1001 591 1068 creceiouibus
602 1024 660 1088 pro
677 1021 713 1069 ae
724 1003 824 1070 statui
835 1002 942 1070 facere
953 1007 1194 1090 procurassent,
1214 999 1492 1088 (melybenmiud-

364 1108 487 1174 caaltul
512 1109 641 1194 Mttyts
670 1111 777 1195 kirtly
803 1111 1073 1196 megengedven),
1099 1117 1133 1178 vt
1157 1109 1222 1195 ipsi
1247 1129 1311 1176 non
1338 1107 1489 1175 obstante

365 1213 513 1299 predicta
530 1217 707 1299 sentencia,
734 1237 834 1284 causa
850 1217 883 1282 in
899 1217 1085 1284 huiusmodi
1111 1238 1220 1284 coram
1243 1236 1304 1284 sua
1321 1216 1493 1282 Personali

364 1321 537 1390 Prcscucia
555 1343 673 1390 nouum
686 1323 845 1407 judicium
862 1325 1015 1411 recipere,
1043 1345 1082 1390 ae
1099 1326 1246 1394 raciones
1267 1332 1299 1392 et
1315 1323 1492 1406 allegecio·

365 1449 422 1498 nee
450 1432 586 1498 suendo
612 1453 696 1500 nouo
713 1439 745 1500 et
761 1451 801 1497 ex
826 1451 911 1499 nouo
929 1431 1036 1499 dicere
1058 1440 1089 1499 ct
1106 1431 1224 1514 iacere,
1251 1433 1442 1515 litterasque
1462 1439 1493 1496 et

366 1538 539 1624 priuilegia
555 1559 616 1605 aua
640 1539 821 1624 producere
839 1539 985 1606 valerent
1001 1545 1099 1624 atque
1115 1541 1252 1624 possint.
1277 1539 1379 1626 (uren
1396 1539 1493 1604 alka-

365 1646 496 1713 lammul
524 1653 609 1714 most
624 1667 662 1714 az
688 1650 829 1732 apttstg
854 1647 989 1714 1225-1n
1013 1645 1350 1733 adomtnylevelenck
1373 1647 1494 1712 ellend-

371 1754 446 1839 ben,
460 1755 580 1838 rnelyet
590 1757 614 1821 Ι.
632 1755 801 1824 kdteteink
811 1757 886 1823 270.
898 1759 1008 1824 scema
1019 1757 1101 1824 alatt
1114 1756 1373 1840 felcmlltettllnk,
1384 1755 1495 1822 Poolri

368 1860 467 1926 Antal
482 1861 595 1928 htrom
613 1861 770 1946 olrmdnyt
780 1860 962 1946 eldmutat.)
981 1861 1094 1930 Tercle
1110 1863 1287 1930 earundem
1298 1863 1492 1946 litterarum,

369 1966 508 2034 condam
520 1964 649 2034 Andree
666 1967 723 2051 filij
740 1967 913 2053 Seraphini
923 1967 944 2034 J
947 1968 1050 2034 udicis
1067 1968 1141 2035 aule
1157 1969 1258 2050 Regie
1274 1971 1307 2034 in
1323 1988 1409 2034 anuo
1429 1969 1495 2034 Do·

369 2075 447 2140 mini
467 2073 639 2142 millesimo
650 2073 869 2143 ducentesimo
886 2074 1136 2159 quadragesimo
1148 2074 1292 2142 confecte
1309 2095 1367 2160 per
1376 2094 1496 2142 eureus

368 2182 504 2248 metalcs
520 2187 654 2248 eatenus
667 2181 897 2268 informabant,
915 2181 1002 2266 quod
1012 2184 1118 2268 prima
1138 2188 1224 2250 meta
1239 2181 1275 2270 (t.
1287 2183 1308 2248 i.
1325 2180 1432 2268 predii
1443 2183 1497 2248 aui

367 2287 475 2376 Zaira)
493 2287 607 2374 incipit
629 2288 671 2355 de
690 2290 777 2356 valle
792 2289 826 2356 in
843 2291 898 2356 via
922 2309 1051 2373 magna,
1076 2291 1109 2356 in
1125 2309 1190 2374 qna
1205 2289 1249 2355 ad
1264 2287 1390 2375 Sopron
1406 2289 1497 2374 itur,

366 2396 469 2464 tendit
481 2415 593 2462 versus
605 2396 801 2481 aquilonem,
819 2401 850 2463 et
860 2397 1008 2481 peruenit
1024 2396 1066 2462 ed
1077 2395 1223 2482 predium
1234 2397 1383 2480 Abbatis‚
1402 2395 1498 2479 quod

367 2504 476 2570 Boron
494 2511 637 2587 vocatur,
664 2505 693 2569 ei
710 2503 756 2569 ibi
773 2509 848 2569 sunt
863 2510 929 2570 tres
947 2512 1041 2587 mete,
1064 2503 1189 2570 scilicet
1205 2523 1269 2570 vna
1284 2523 1395 2570 earum
1420 2525 1498 2570 con

366 2619 431 2677 stat
446 2611 487 2678 dc
504 2619 590 2677 terro
607 2610 745 2696 Gyroltlr
762 2611 795 2675 in
812 2611 1007 2678 occidentali
1023 2617 1125 2697 parte,
1152 2611 1219 2676 alia
1236 2607 1278 2677 de
1298 2609 1410 2698 predio
1433 2613 1498 2676 Ab·

368 2717 452 2784 batia
468 2717 501 2783 in
528 2725 619 2803 parte
635 2717 809 2802 aquilonia,
837 2718 939 2784 tercia
956 2737 1033 2786 vero
1059 2721 1092 2784 in
1109 2716 1314 2785 meridionali
1339 2724 1438 2802 parte
1456 2718 1498 2783 do

368 2835 456 2892 terra
471 2825 585 2909 Zuka;
613 2823 730 2892 deinde
745 2823 850 2892 tondit
868 2831 981 2893 contra
998 2827 1163 2912 orientem,
1192 2825 1430 2893 conterminata
1448 2831 1498 2891 est

366 2933 483 3015 Boron,
512 2939 544 2998 et
560 2932 708 3017 peruenit
734 2932 778 2998 ad
795 2932 898 2998 Wkec
923 2931 1072 3018 predium
1095 2933 1173 3000 dicti
1188 2932 1346 3015 Abbatis;
1372 2934 1499 2998 abhinc

366 3047 474 3106 autem
500 3039 579 3106 iacit
595 3041 699 3124 girum
725 3048 839 3108 contra
864 3039 1043 3124 meridiem,
1071 3046 1103 3106 et
1118 3061 1175 3126 per·
1198 3041 1377 3125 virgultum
1404 3041 1500 3107 vadit

367 3147 459 3212 iuxta
475 3145 630 3212 terminos
640 3146 751 3230 eroc,
771 3147 918 3232 peruenit
934 3145 977 3214 ad
994 3147 1140 3232 predium
1156 3168 1236 3233 eope
1252 3148 1330 3214 dicti
1340 3147 1500 3231 nubatis,

367 3251 454 3338 quod
470 3251 563 3320 Zake
578 3251 714 3338 dicitur;
741 3252 817 3320 inde
836 3273 934 3320 vxero
956 3252 1131 3322 reflectitur
1147 3275 1262 3322 neruus
1279 3253 1502 3340 occidentem,

365 3358 470 3428 tendit
486 3361 517 3425 in
535 3361 590 3426 uia
606 3360 757 3446 herbosa,
775 3368 807 3427 et
823 3363 986 3428 subintrat
999 3366 1119 3428 terram
1137 3361 1321 3446 Laurencij,
1347 3381 1416 3445 que
1434 3365 1503 3431 eibi

366 3467 485 3535 dotata
501 3473 551 3534 est
577 3488 647 3534 cum
664 3487 764 3536 uxore
780 3489 860 3554 eua3
887 3467 1006 3536 deinde
1022 3469 1211 3556 protelatur,
1231 3477 1263 3536 et
1282 3472 1442 3554 peruenit
1460 3473 1503 3538 ad

364 3575 469 3642 locum
486 3576 642 3664 priorem,
659 3599 680 3643 a
696 3597 759 3663 quo
775 3577 942 3663 inceperat
958 3577 1019 3644 etb.

502 3771 639 3842 (Ercdetle
652 3773 817 3843 bdrhdrtya'ur
831 3792 847 3828 u
861 3776 943 3830 budai
957 3777 1006 3828 kir.
1021 3776 1143 3828 kamarai
1156 3771 1346 3844 lovtrctrtan.)

798 4085 1059 4100 *utun—*m—
