3082 5150
614 275 678 346 set

76 473 141 538 rins
156 473 354 557 continetur,
372 471 588 540 concedentes
604 473 810 542 concedimus
827 481 860 542 et
875 475 1127 547 determinamus
1147 499 1202 548 no·

75 581 160 648 mine
178 588 212 648 et
229 581 300 648 vice
316 581 556 668 praedictorum
573 582 709 650 Comitis
725 591 758 650 et
774 583 1040 652 consiliariorum
1062 593 1095 654 et
1111 585 1204 653 Oum-

73 690 182 756 mnnis
192 688 328 774 Jadrae,
340 695 374 756 ut
389 687 509 758 amodo
521 689 683 758 ladretini
693 688 735 758 de
751 692 921 777 mercibus,
934 713 1016 778 quas
1032 693 1207 761 detulerint

72 795 233 864 Venetiae
250 795 291 862 de
306 797 421 882 Regno
437 796 572 864 Siciliae
591 799 662 864 sire
677 798 830 884 Apuliae,
856 807 888 866 et
904 801 945 867 de
966 801 1041 868 aliis
1056 803 1206 886 partibus

73 903 301 988 undecunque,
327 904 407 971 illud
434 904 559 972 datium
580 902 750 974 Communi
770 907 981 976 Venetiarum
1006 909 1040 975 in
1057 908 1205 978 Venetiis

73 1013 155 1078 dare
174 1021 209 1080 ct
233 1012 361 1080 soluere
386 1009 529 1080 debeant
553 1020 586 1080 ct
602 1022 781 1101 teneantur,
807 1015 894 1100 quod
911 1017 1120 1085 constitutum
1144 1024 1203 1102 est,

72 1121 128 1186 vel
145 1119 189 1188 de
205 1127 313 1188 cetero
328 1119 425 1188 inerit
439 1123 649 1190 coustitutum
665 1143 723 1210 per
738 1121 904 1194 dominnm
920 1127 1042 1192 Ducem
1062 1133 1095 1193 et
1110 1126 1202 1192 Oum-

72 1246 174 1294 mune
184 1229 392 1296 Venellorum
409 1229 511 1298 dandi
524 1237 557 1298 et
572 1231 722 1298 solvendi
738 1233 782 1299 ab
798 1231 983 1301 hominibus
994 1233 1203 1301 venetiarum

71 1337 108 1401 in
126 1335 275 1404 venetiis
291 1336 460 1404 Communi
477 1337 686 1406 venetiarum
712 1359 770 1425 pro
792 1339 882 1408 datio
908 1341 1068 1410 dictorum
1093 1343 1204 1410 meroi-

72 1444 268 1527 munierum,
284 1463 368 1528 quas
383 1443 499 1512 Veneti
510 1445 667 1513 Venetias
683 1453 913 1534 apportarent;
930 1450 977 1516 ita
993 1447 1080 1532 qnod
1090 1447 1204 1518 Jadre·

72 1552 135 1618 tini
156 1553 189 1618 in
215 1552 312 1618 dictis
338 1551 525 1619 dationibus
551 1553 707 1639 aequales
732 1573 805 1622 esse
830 1554 972 1622 debeant
999 1557 1204 1624 Venetorum.

71 1663 185 1728 Tener
200 1666 308 1727 summ
324 1659 574 1745 commissionis,
598 1663 692 1748 cujus
708 1667 759 1730 est
775 1661 889 1729 habita
904 1664 1053 1749 superius
1071 1664 1203 1748 mentio,

72 1769 154 1836 talis
170 1773 239 1836 est:

185 1879 223 1943 ln
238 1874 368 1943 nominc
383 1875 445 1942 Dei
456 1875 586 1942 Aeterni
595 1876 711 1944 Amen.
727 1877 822 1945 Anno
840 1877 883 1944 ab
899 1877 1127 1945 incarnatione
1138 1879 1201 1948 Do-

75 1986 156 2055 mini
165 1985 276 2054 Nostri
286 1985 368 2052 lesu
379 1983 497 2052 Christi
508 1983 682 2052 millesimo
698 1984 919 2053 ducentesimo
935 1985 1203 2072 quinquagesimo

75 2097 192 2182 primo,
207 2113 318 2162 mense
335 2095 356 2160 J
359 2093 416 2159 ulii
431 2092 485 2162 die
501 2099 617 2176 quarto
633 2093 785 2178 intrante,
801 2093 979 2162 Indictione
994 2095 1053 2163 IX.
1069 2093 1202 2162 Jadrae.

76 2203 322 2270 committentes
346 2201 575 2268 committimus
600 2221 660 2270 nos
684 2199 815 2286 quidem
841 2201 1029 2268 Baudninns
1050 2201 1203 2281 Quirinus

77 2311 140 2378 Dei
156 2311 265 2396 gratia
281 2309 397 2378 Comes
412 2309 544 2394 dadrae,
564 2317 598 2376 et
611 2309 757 2378 Joanues
774 2309 975 2396 Delphinus,
1000 2329 1040 2375 ac
1055 2310 1203 2396 Raphael

77 2421 206 2504 Betani,
222 2419 320 2486 ambo
330 2417 530 2502 consiliarii,
547 2425 646 2500 atque
670 2437 743 2486 cum
760 2416 879 2484 nostris
895 2415 1067 2482 Judicibns
1091 2417 1203 2483 Proeto

76 2525 239 2612 Matalari,
263 2528 354 2612 Papo
370 2525 564 2610 Pretognue,
588 2531 622 2591 et
637 2523 723 2592 Cosa
742 2522 904 2607 saladini,
922 2541 987 2589 nna
1002 2541 1075 2588 cum
1090 2531 1203 2590 nostro

77 2633 222 2702 (lonsilio
253 2635 405 2702 universo
437 2633 480 2700 ad
506 2651 620 2700 sonum
655 2649 839 2718 campanae
864 2631 897 2696 in
922 2629 1070 2698 Ecclesia
1093 2631 1203 2698 Sancti

78 2743 168 2808 Petri
183 2741 261 2808 nori
286 2759 374 2807 more
398 2739 494 2808 solito
510 2747 719 2825 congregato,
744 2759 803 2826 per
818 2758 877 2806 nos
892 2745 925 2804 et
947 2737 1133 2806 universum
1148 2759 1202 2805 no·

75 2859 179 2918 strum
198 2847 377 2918 Commune
393 2846 575 2932 Jadretino,
592 2847 686 2914 vobin
702 2865 844 2929 namque
862 2845 1025 2913 nobilibus
1042 2846 1120 2914 viris
1135 2848 1204 2914 Ste-

76 2957 188 3044 phano
206 2955 247 3024 de
262 2956 387 3040 Piciga,
403 2963 436 3022 et
452 2953 555 3021 Cerno
571 2954 612 3021 de
628 2953 753 3038 Mergio
769 2952 898 3021 dilectis
914 2955 1033 3021 nostris
1054 2955 1205 3023 fidelibus

75 3073 107 3131 et
123 3063 252 3130 nunciis
277 3062 487 3148 specialibus,
512 3061 601 3146 quod
616 3060 664 3128 ire
680 3081 739 3148 pro
765 3061 860 3129 nobis
886 3071 918 3128 ct
934 3069 1046 3128 nostro
1072 3063 1203 3130 nomine

75 3171 227 3241 debeatis
254 3171 299 3240 ad
322 3171 424 3258 pedes
448 3169 666 3238 illustrissimi
692 3189 732 3236 ac
756 3170 923 3254 Magnifici
948 3168 1072 3236 domini
1099 3171 1204 3238 nostri

73 3279 195 3350 llarini
220 3283 416 3348 lllanrocenc
431 3279 494 3346 Del
521 3278 630 3362 mutia
645 3277 854 3344 venetiarum
880 3285 941 3344 cto.
958 3278 1059 3346 Ducis
1083 3285 1144 3345 etc.
1161 3278 1203 3346 ad

73 3389 253 3478 petendum
278 3388 420 3474 gratiam
446 3395 478 3454 ct
503 3385 761 3455 misericordiam
786 3386 958 3454 abeodem
983 3386 1025 3454 do
1044 3387 1204 3472 omnibus,

74 3518 160 3584 quae
176 3495 272 3564 vobis
287 3493 453 3563 videbitnr
478 3493 673 3562 conveniens
689 3501 789 3579 atque
806 3493 936 3577 decens,
956 3500 988 3560 et
1004 3494 1038 3560 in
1054 3493 1205 3580 augendo

73 3609 147 3674 sivo
163 3603 340 3672 minuendo
350 3624 390 3672 ae
407 3601 599 3688 eorrigendo
615 3609 747 3690 pactum
763 3601 1011 3670 iuteernetias
1027 3601 1204 3670 etJadram

74 3713 270 3798 consectum,
287 3713 513 3800 promittentes
528 3712 655 3778 firmum
671 3717 825 3777 stratum
841 3710 973 3794 habere,
995 3707 1154 3793 quidquid
1169 3709 1203 3774 in

74 3825 226 3892 omnibns
252 3821 486 3909 etperomnia
502 3819 667 3906 superbis
684 3817 843 3886 duxeritis
867 3817 1063 3885 laciendum.
1088 3818 1204 3882 Actum

75 3942 124 4002 est
149 3934 213 4000 hoc
237 3930 271 3996 in
286 3931 406 4016 lllajori
429 3928 584 4012 Consilio,
611 3937 643 3994 ct
658 3929 819 3994 firmatum
847 3925 996 3994 omnibns
1024 3923 1202 4010 praesenti-

76 4041 137 4108 bns
155 4040 190 4106 in
204 4036 377 4125 praedicta
391 4037 544 4105 Ecclesia
559 4037 673 4104 Sancti
689 4035 778 4102 Petri
794 4034 871 4104 noui
888 4033 929 4099 de
945 4029 1058 4100 Jadra

186 4147 257 4231 ligo
267 4145 449 4214 Baldninus
460 4143 595 4224 Quirino
607 4143 857 4212 ComesJadrae
873 4162 971 4209 manu
985 4161 1059 4208 mea
1075 4140 1205 4225 scripsi.

75 4293 118 4304 -
134 4254 208 4340 ugo
220 4256 365 4324 loannes
375 4255 551 4340 Delphyne
564 4250 763 4320 Consiliator
778 4249 902 4317 Jadrae
917 4269 959 4317 m.
971 4269 1011 4318 m.
1025 4269 1068 4317 ss.
1081 4285 1124 4296 -
1134 4248 1205 4334 Ego

76 4366 228 4452 Raphael
244 4364 362 4432 Betani
378 4363 576 4432 Consiliator
593 4383 634 4429 m.
646 4384 688 4429 m.
700 4381 744 4429 ss.
763 4395 807 4406 -
821 4359 956 4444 Signum
972 4359 1205 4445 suprascripto·

78 4495 146 4540 rum
159 4475 274 4541 Preste
289 4479 322 4540 et
332 4472 439 4540 (losse
449 4471 613 4554 lodicum,
630 4469 684 4554 qui
701 4469 762 4536 hoc
777 4470 974 4552 rogaverunt
990 4465 1069 4532 lieri.
1080 4465 1206 4551 -llgo

78 4581 167 4669 Papo
194 4579 236 4648 de
252 4581 394 4648 Petrona
409 4579 518 4646 Judex
542 4601 585 4645 m.
602 4599 643 4644 m.
660 4597 704 4645 ss.
721 4611 765 4626 -
781 4577 852 4659 Ego
869 4573 1138 4642 Bartholomaeus
1164 4572 1205 4638 de

121 4715 225 4755 nom.
242 4715 325 4754 nuso.
342 4713 412 4753 mer.
431 4725 469 4738 —-
488 4715 560 4752 urrn.
577 4703 611 4744 ¹¹·
1001 4689 1041 4746 22
