3134 5158
849 951 927 1024 uel.

323 1159 436 1227 aarum
452 1157 569 1244 caspe
581 1155 700 1243 papas
715 1161 745 1219 a
761 1135 845 1219 llos
859 1165 967 1218 maaet·
993 1151 1090 1217 macr
1101 1157 1227 1237 proptu
1246 1177 1266 1216 a
1281 1151 1453 1238 acapna

319 1267 581 1356 mepbupydadbdl
593 1289 613 1331 a
623 1264 802 1351 balottpoe‘lt
812 1268 946 1350 opdtsdq
961 1267 992 1326 e'a
1001 1261 1256 1348 obltjotbopyai
1264 1260 1345 1326 ledzti
1360 1285 1450 1347 epyc-

633 1369 846 1456 mdemcpelst
861 1369 1008 1434 elintc'zr'k.
1035 1367 1133 1434 1254.

427 1589 496 1656 Nos
511 1587 627 1655 Gallus
643 1585 764 1652 Diuina
780 1585 993 1653 miseracione
1003 1585 1186 1670 Episcopus
1197 1585 1447 1668 Transiloanus,

321 1706 353 1767 et
362 1699 610 1784 MagisterAcus
622 1696 808 1782 Propositus
818 1693 980 1760 Budeusis
991 1695 1065 1760 aule
1075 1693 1215 1760 Illustris
1225 1693 1348 1778 Regiuc
1359 1691 1449 1758 Hun-

321 1807 656 1893 garieccuoellmius,
676 1804 907 1888 significamus,
923 1802 1092 1888 quodcum
1112 1821 1253 1886 causam,
1281 1821 1345 1887 que
1360 1801 1448 1868 inter

321 1917 482 1984 Abbatem
492 1921 525 1981 ct
534 1913 736 1982 Conuentum
745 1911 874 1979 deBeel
885 1932 926 1978 ex
936 1932 1002 1977 vna
1011 1919 1112 1998 parte,
1125 1933 1165 1979 ac
1180 1912 1320 2000 populos
1330 1931 1448 1980 eorun-

322 2025 395 2090 dem
412 2023 453 2090 de
469 2022 550 2088 villa
561 2021 695 2089 Okolen
711 2023 814 2088 altera
824 2022 959 2088 vertitur
975 2041 1073 2106 super
1088 2020 1283 2106 quibusdem
1298 2021 1446 2088 articulis

322 2130 546 2199 condicionum
555 2130 633 2196 dicti
643 2131 763 2217 populi,
775 2128 924 2199 dominus
935 2132 1005 2197 Rex
1013 2131 1108 2198 nobis
1118 2131 1278 2200 commisit
1287 2127 1446 2198 iudiciali-

321 2247 371 2306 ter
380 2239 638 2323 cognoscendam
654 2259 712 2306 seu
728 2239 959 2321 decidendam,
976 2240 1089 2308 Abbas
1105 2260 1162 2327 pro
1178 2259 1215 2307 se
1230 2247 1263 2306 et
1274 2239 1446 2306 Conuentu

320 2368 380 2416 suo
391 2346 627 2432 jobcgionibus
638 2347 782 2414 Ecclesie
797 2367 855 2415 ane
870 2347 932 2414 sibi
943 2347 1150 2414 adstantibus
1166 2348 1344 2434 proposuit,
1356 2349 1447 2434 quod

320 2456 432 2542 populi
443 2453 599 2522 antedicti
615 2455 780 2522 renitendo
795 2455 1028 2522 contumaciter
1039 2455 1247 2542 denegabant
1260 2456 1401 2524 seruicia
1411 2465 1446 2523 et

320 2565 431 2634 debita
445 2584 542 2648 quam
558 2563 708 2651 plurima,
726 2564 842 2648 quibus
853 2563 1000 2632 Ecclesia
1015 2583 1073 2632 sue
1088 2565 1290 2649 tenebantur,
1311 2565 1444 2633 exbibe-

319 2694 365 2760 re,
376 2675 559 2759 quaomnia
574 2675 607 2739 in
616 2673 720 2740 forma
734 2673 932 2759 peticionum
948 2693 1078 2740 suarum
1089 2674 1287 2742 arbculatim
1297 2693 1446 2759 compra-

320 2781 502 2866 beudebat;
520 2782 648 2866 populis
667 2801 708 2848 ex
723 2781 864 2848 aduerso
883 2781 1164 2868 respondentibus,
1181 2781 1268 2867 quod
1277 2779 1445 2867 predictus

320 2889 433 2955 Abbas
444 2886 666 2955 etOouuentns
677 2887 820 2954 indebite
830 2909 887 2956 ecs
897 2898 930 2956 et
939 2888 1099 2975 superflue
1110 2889 1388 2975 grauabantultra
1397 2889 1444 2973 id,

321 3016 419 3079 quam
435 2995 534 3062 fuerit
549 3015 570 3061 a
584 2995 696 3083 primis
712 2997 975 3081 progenitoribus
992 2995 1223 3080 dominillegis
1239 2997 1443 3082 institutum

321 3110 494 3193 propterea
508 3103 712 3170 vendicando
728 3104 953 3190 specificantes
979 3125 1039 3171 sua
1056 3103 1166 3172 debita
1181 3113 1215 3172 et
1229 3105 1369 3172 seruicia
1392 3126 1445 3173 co-

321 3234 390 3279 ram
406 3213 513 3295 nobis,
528 3212 682 3279 videlicet
696 3213 783 3297 quod
799 3213 919 3280 alesto
931 3213 1045 3282 Sancti
1054 3213 1154 3299 Regis
1164 3215 1321 3300 Stephani
1338 3235 1444 3299 usque

320 3320 364 3386 ed
379 3321 593 3389 Natiuitatem
609 3321 751 3409 Domini,
776 3323 926 3389 similiter
942 3329 975 3388 at
990 3343 1011 3389 a
1029 3321 1254 3408 Oarnisprioio
1270 3343 1372 3408 usque
1398 3325 1444 3390 ad

319 3428 437 3494 festum
453 3428 564 3494 Sancti
580 3427 740 3496 lobannis
756 3429 906 3517 Baptista
922 3431 985 3498 duc
1002 3437 1035 3496 et
1050 3432 1113 3496 duo
1128 3451 1188 3517 per
1203 3431 1351 3516 singulus
1366 3432 1444 3499 heb-

320 3535 479 3603 domadas
503 3537 659 3622 inopere
684 3543 903 3623 carpentcueo
931 3537 1055 3606 sennim
1079 3539 1277 3607 Mouasterio
1303 3546 1443 3606 tautum-

319 3643 414 3713 modo
439 3646 652 3728 tcnebantur;
678 3647 808 3713 nomine
834 3667 909 3714 vero
936 3647 1135 3713 decimarum
1160 3667 1224 3714 nou
1250 3650 1325 3733 plus
1340 3667 1443 3730 quam

320 3753 400 3822 dnos
416 3755 561 3840 cubulos,
578 3775 676 3820 vnum
691 3754 732 3820 de
746 3755 918 3838 frumento,
945 3755 1044 3822 alium
1061 3755 1108 3852 do
1118 3753 1247 3842 hordeo,
1266 3764 1298 3824 et
1312 3757 1443 3843 singule

320 3867 505 3932 mansiones
521 3863 566 3929 ud
581 3863 727 3946 singulas
744 3863 886 3946 gallinas
903 3863 1053 3930 similiter
1067 3870 1234 3950 tenentur,
1258 3872 1443 3934 tornatores
1460 3919 1466 3930 .

318 3992 394 4040 uero
411 3971 540 4039 nonnisi
552 3971 586 4037 in
601 3972 703 4038 tribus
718 3971 813 4040 festis
828 3971 870 4038 de
886 3973 1024 4056 singulis
1036 3971 1259 4040 mansionibus
1276 3975 1320 4042 ad
1334 3977 1443 4061 singu·

318 4081 368 4146 las
393 4080 506 4146 decem
523 4081 678 4146 scutellas
704 4086 737 4146 et
755 4080 819 4146 tria
834 4079 985 4165 peccaris
1010 4080 1119 4148 danda
1137 4099 1196 4148 seu
1220 4081 1441 4168 persoluenda

317 4198 393 4256 sunt
407 4188 562 4274 obligati,
589 4189 715 4255 adalia
731 4209 819 4271 vero,
846 4207 908 4272 que
924 4187 1038 4256 Abbas
1062 4189 1203 4276 petebat,
1230 4190 1385 4257 dicebant
1403 4211 1441 4258 se

315 4299 445 4382 penitus
468 4317 533 4364 non
549 4298 662 4364 teneri.
688 4297 756 4364 Nos
776 4317 853 4364 vcro
878 4295 1001 4364 auditis
1026 4298 1209 4366 nacionibus
1232 4297 1379 4384 parcium
1407 4305 1441 4364 et

317 4405 443 4490 plenius
458 4403 640 4489 intellectis,
656 4405 703 4471 ita
718 4403 871 4472 duximus
883 4403 1130 4489 interloquendo
1146 4405 1437 4494 pronunciandum,

316 4513 524 4600 vtpredictus
535 4513 649 4582 Abbas
665 4520 861 4580 memoratos
872 4513 1009 4599 populos
1024 4534 1090 4583 non
1100 4515 1143 4582 ad
1153 4515 1315 4600 ampliora
1334 4519 1439 4580 arcta-

317 4641 361 4705 re,
379 4641 475 4704 quam
492 4621 534 4688 ad
550 4642 600 4708 ea,
617 4641 679 4704 que
695 4623 844 4708 superius
862 4641 1018 4706 expressa
1032 4632 1107 4694 suut
1122 4645 1180 4710 per
1200 4623 1437 4692 confessionem
