3134 5158
773 275 933 382 „epo-

292 487 343 546 tas
370 479 464 545 iuxta
487 475 725 544 continenciam
750 475 996 563 priuilegiorum
1012 475 1156 564 Capituli
1182 477 1420 562 Zagrabiensis

290 610 348 677 per
371 607 464 656 vsum
483 585 588 672 Regni
614 593 814 670 consuetum,
839 605 976 669 quorum
1001 585 1104 654 forme
1129 587 1275 654 seriatim
1300 584 1412 653 distin·

289 697 395 782 gendo
421 695 674 778 subscribuntur,
700 694 898 762 Monasterio
924 693 1036 760 Sancti
1061 695 1220 781 Stephani
1245 694 1347 778 Regis
1375 694 1418 760 de

289 805 463 890 Zagrabia‚
481 811 514 870 ct
528 822 587 889 per
602 822 675 869 curn
692 800 843 889 Capitulo
860 802 923 870 loci
939 802 1085 870 eiusdem
1105 812 1263 891 perpetuo
1280 824 1321 870 ex
1337 810 1415 870 voto

291 933 350 981 suo
366 912 564 995 contulisset,
582 910 609 978 si
620 928 680 977 nos
690 909 723 976 id
739 910 780 977 de
796 910 909 994 gracia
919 910 1023 996 Regia
1033 930 1176 978 annuere
1191 911 1414 997 dignaremur.

287 1021 356 1088 Nos
371 1020 493 1104 itaque,
510 1019 594 1084 sicut
608 1037 649 1084 ex
665 1017 772 1086 officio
789 1019 933 1105 suscepti
947 1019 1116 1096 regiminis
1132 1020 1238 1086 metiri
1255 1019 1416 1086 debemus

288 1129 405 1196 merita
428 1127 641 1212 singulorum,
668 1145 780 1193 omnes
805 1125 981 1196 fidelitates
1008 1135 1041 1196 et
1066 1129 1230 1194 meritoria
1255 1126 1417 1209 obsequia

288 1237 394 1322 ipsius
403 1235 553 1318 Magistri
564 1233 691 1318 Stephk
706 1238 740 1298 et
755 1239 999 1300 antecessorum
1015 1253 1147 1300 suorum
1163 1233 1206 1300 ad
1223 1233 1415 1300 memoriam

286 1365 351 1412 non
367 1343 527 1410 immerito
544 1347 745 1426 reuocantes,
772 1342 985 1425 volentesque
1009 1342 1348 1428 recompensacionem
1369 1340 1416 1408 ei·

288 1454 361 1520 dem
378 1471 437 1538 pro
448 1450 604 1517 fidelitate
620 1468 678 1534 per
694 1449 800 1534 ipsum
811 1448 907 1515 uobis
923 1449 1135 1518 laudabiliter
1145 1450 1292 1518 exhibita
1302 1469 1415 1518 occur-

286 1578 358 1628 rere
373 1557 527 1642 graciori,
542 1564 578 1622 vt
594 1556 663 1621 eius
680 1555 833 1641 exemplo
850 1557 992 1640 reliquos
1009 1555 1053 1622 ad
1068 1557 1236 1624 fidelitatis
1253 1558 1415 1642 obsequia

285 1669 406 1738 sorcius
431 1665 663 1750 accendamus3
690 1665 852 1752 prefatam
878 1665 1091 1735 donacionem
1112 1665 1226 1754 ipsius,
1243 1689 1341 1752 quam
1364 1669 1414 1734 iu·

177 1781 178 1784 ’
286 1783 371 1844 stam
396 1795 469 1843 esse
493 1773 715 1860 cognorimus,
747 1772 788 1840 de
814 1773 951 1858 speciali
975 1774 1090 1857 gracia
1115 1780 1225 1840 nostra
1257 1775 1414 1843 duximus

286 1885 517 1970 annuendam,
549 1890 582 1950 et
612 1887 770 1969 perpetuo
801 1901 859 1948 seu
890 1882 1149 1951 irrcuocabiliter
1180 1885 1413 1953 roborandam.

286 1995 431 2073 Quorum
445 1991 692 2080 priuilegiorum
707 1996 838 2059 tenores
854 1991 913 2056 tali
930 1991 1015 2056 serie
1031 1992 1255 2058 continentur:

403 2100 588 2188 Capitulum
615 2081 849 2184 Zagrabiensis
877 2101 1023 2167 Ecclesia
1048 2101 1110 2166 stb.
1146 2101 1359 2186 (sovetkezik
1389 2124 1415 2168 a

285 2209 421 2298 nagrabi
436 2207 662 2295 kaptalannak
682 2207 816 2276 raas-ki
833 2208 1009 2296 okmauya
1027 2207 1108 2274 mint
1128 2209 1414 2294 gyujumsuyunk

284 2319 309 2390 Ι.
326 2318 502 2387 koteteben
520 2318 595 2386 294.
613 2337 658 2384 sa.
675 2317 721 2401 a.)

391 2425 577 2511 Capitulum
591 2422 825 2508 Zagrabiensis
845 2424 992 2490 Ecclesic
1008 2421 1070 2491 stb.
1092 2422 1303 2508 (kdvetkeaik
1320 2445 1342 2490 a
1357 2428 1415 2490 aa·

283 2535 378 2620 grabi
394 2531 624 2620 kaptalannak
639 2530 772 2598 lats-ki
782 2530 958 2618 okmanya,
976 2531 1056 2598 mint
1072 2530 1204 2597 fentebb
1225 2533 1296 2598 133.
1308 2553 1351 2597 sa.
1362 2533 1414 2620 a.)

390 2642 432 2708 nt
447 2646 482 2708 vt
498 2640 599 2707 series
615 2658 769 2706 concesse
785 2639 895 2722 gracie
906 2645 1017 2707 nostre
1033 2637 1212 2724 prescripto
1228 2639 1326 2706 robur
1336 2661 1415 2725 per-

283 2759 380 2839 petue
405 2749 569 2816 firmitatis
594 2749 751 2835 obtineat,
777 2769 837 2816 nec
853 2768 1009 2836 processu
1035 2755 1215 2835 temporum
1235 2750 1414 2816 retractari

282 2862 403 2945 valeat,
420 2863 476 2924 aut
491 2857 526 2922 in
541 2855 666 2922 irritum
683 2856 844 2943 reuocari,
860 2865 1031 2943 presentes
1048 2857 1268 2924 concessimus
1279 2856 1413 2924 litteras

283 2966 423 3053 duplicis
446 2963 547 3050 sigilli
568 2963 670 3030 nostri
687 2962 865 3031 munimine
890 2965 1073 3032 roboratas.
1100 2965 1221 3031 Datum
1238 2967 1280 3032 ab
1298 2967 1416 3032 Incar-

283 3073 419 3141 nacione
436 3071 566 3140 Domini
591 3091 676 3140 anno
693 3071 864 3140 millesimo
889 3071 1111 3141 ducentesimo
1134 3073 1412 3161 quinquagesimo

282 3181 382 3249 tercio
397 3180 503 3265 Regni
519 3186 626 3248 autem
642 3179 745 3248 nostri
761 3180 888 3247 decimo
904 3185 1032 3247 octauo.
1352 3191 1359 3202 “

149 3435 150 3440 ,
282 3379 371 3449 (ngy
384 3377 466 3444 Lajos
479 3375 624 3445 kirtlynalr
637 3379 705 3430 1359
719 3377 811 3448 „xm
825 3378 957 3431 kalendas
970 3373 1087 3445 Aprilia“
1102 3377 1161 3429 kelt
1180 3375 1344 3444 megerdsito'
1357 3381 1414 3431 olr-

282 3467 434 3539 mrtnyibdh
448 3468 676 3537 melyetl.12ipdt
691 3471 769 3520 1699.
783 3467 851 3520 Bece
861 3471 973 3521 martius
990 3472 1030 3518 14.
1043 3468 1112 3518 alatt
1123 3465 1198 3534 ujus}
1212 3465 1418 3532 megertisltett.

629 3559 712 3610 Liber
724 3557 827 3625 Regius
841 3558 941 3613 XXVI,
955 3559 1068 3624 kdtete.)

710 3843 964 3857 ffl-
