3134 5150
679 323 702 388 5

611 409 766 424 h*

133 539 192 603 eos,
209 519 264 606 qui
279 517 365 588 intra
382 528 511 606 tempus
531 524 734 609 probationis
749 527 903 592 Fratrum
923 526 1083 596 llinorum
1100 532 1259 601 Ordinem

132 627 362 715 derelinquunt,
389 629 469 696 licet
484 629 651 698 evidenter
675 640 848 718 appareat,
878 632 965 718 quod
989 635 1139 705 absolute
1154 639 1256 708 vitam

132 747 249 805 nutare
264 736 440 823 voluerint,
466 739 685 806 renunciando
700 740 832 826 penitus
856 741 980 808 saeculi
996 746 1153 832 vanitati;
1178 751 1256 817 viva

131 847 176 912 rel
200 848 332 914 funesta
356 845 468 931 potins
484 865 564 913 voce
580 847 796 932 pronuncias,
822 868 921 934 posse
946 849 1050 918 libere
1074 855 1117 919 ad
1135 862 1255 926 statum

131 955 229 1021 redire
243 953 429 1040 pristinum,
447 971 508 1018 nec
523 961 658 1038 propter
673 954 745 1038 hoc,
762 953 796 1020 in
813 957 1035 1024 contrahendo
1045 963 1254 1032 matrimonio

129 1063 277 1148 ipsorum,
294 1060 402 1127 redire
413 1059 545 1144 aliquod
562 1059 829 1145 impedimentum
843 1087 850 1148 3
868 1063 963 1146 quasi
974 1066 1125 1134 voluntas
1140 1069 1173 1135 in
1191 1071 1253 1138 hac

128 1177 214 1256 parte
229 1169 290 1236 tibi
306 1189 366 1256 pro
384 1167 455 1234 iure
470 1167 620 1253 sufficiat,
639 1176 672 1234 et
687 1169 784 1237 timor
799 1177 877 1237 tuae
893 1173 1164 1244 conscientiaedc
1178 1198 1251 1264 prc-

128 1297 215 1346 cassu
224 1284 342 1346 contra
351 1277 538 1344 sanctiones
548 1277 723 1346 canonicas
739 1298 804 1346 non
814 1279 988 1348 incumbat.
1009 1283 1153 1362 Quarum
1162 1284 1252 1371 igno-

127 1389 262 1454 rentiam
277 1387 333 1454 vel
357 1391 577 1472 contemptum
603 1406 644 1452 ex
660 1387 722 1454 hoc
746 1388 917 1456 manifeste
940 1391 1138 1476 praetendis,
1164 1395 1251 1476 quod

127 1496 305 1581 quemdam,
323 1494 379 1580 qui
393 1495 574 1580 praemisso
592 1494 687 1562 modo
704 1495 851 1562 habitum
868 1497 1054 1582 reliquerat,
1072 1501 1252 1568 reclaman-

126 1606 204 1672 tibus
222 1604 321 1670 dictis
337 1601 504 1684 fratribus,
520 1601 684 1670 concessis
700 1603 764 1669 sibi
781 1603 884 1669 sacris
901 1605 1080 1690 ordinibus,
1097 1607 1131 1673 in
1147 1605 1250 1675 (iano-

125 1717 225 1782 nicum
251 1719 286 1780 et
301 1711 434 1779 tandem
459 1711 493 1777 in
513 1711 737 1777 Primioerium
763 1712 977 1798 promovisti,
1004 1713 1101 1780 alteri
1126 1714 1182 1800 qui
1206 1715 1250 1782 ad

126 1822 265 1890 eiusdem
283 1819 417 1887 Ordinis
440 1819 588 1886 habitum
604 1825 811 1906 processerat
821 1821 1060 1902 assumendum,
1078 1822 1248 1890 suadendo

123 1931 233 1999 litteris
243 1935 277 1996 et
292 1925 579 2014 promissionibus,
597 1924 684 2012 qnod
695 1927 817 1994 rediret
827 1927 870 1992 ad
886 1929 1064 2012 saeculum,
1081 1931 1172 1998 cuius
1189 1951 1248 2017 per

123 2057 292 2124 processus
319 2033 504 2101 huiusmodi
519 2039 553 2100 te
578 2039 758 2101 amatorem
775 2033 883 2102 innuis
899 2055 964 2103 non
979 2037 1162 2104 remissum.
1188 2038 1249 2104 Ve-

124 2166 187 2212 mm
205 2165 281 2212 cum
298 2163 340 2210 ex
357 2143 558 2230 praemissis,
573 2143 602 2208 si
618 2141 756 2208 veritate
771 2142 926 2226 nituntur,
950 2143 1010 2212 tibi
1026 2154 1059 2213 et
1074 2145 1246 2213 multitudo

122 2255 245 2322 ruboris
271 2251 469 2334 incumbere,
498 2255 531 2316 et
555 2249 692 2334 grandis
718 2249 836 2316 debeat
861 2251 1000 2318 materia
1025 2252 1248 2338 poenitudinis

125 2364 307 2446 imminere,
334 2357 477 2425 maxime
493 2375 565 2422 cum
581 2377 642 2423 nos
665 2355 730 2442 ipsi
745 2377 805 2442 pro
821 2357 1018 2424 verecundia
1033 2367 1247 2444 reportemus,

123 2479 242 2540 tantum
259 2467 440 2535 membrum
457 2463 625 2531 Ecclesiae
640 2481 832 2530 excessuum
848 2464 1092 2550 perpetratione
1110 2473 1176 2532 tam
1194 2485 1247 2531 va·

124 2581 177 2664 na,
193 2579 265 2645 Deo
281 2581 315 2642 et
331 2572 515 2641 hominibus
531 2569 722 2656 displicere,
741 2569 936 2637 fraternitati
952 2579 1027 2637 tuae
1044 2575 1247 2660 perApcsto-

25 2717 27 2756 r
123 2689 183 2754 licut
197 2685 325 2772 scripta
340 2681 487 2750 districte
503 2679 733 2766 praecipiendo
754 2678 957 2764 mandamus,
974 2687 1144 2766 quatenus,
1161 2701 1246 2764 quae

25 2843 26 2888 ᾖ
123 2815 217 2880 supra
231 2789 424 2880 praemissis
448 2785 632 2872 improvide
650 2791 864 2872 attemptasse
880 2786 1072 2873 dinosceris,
1091 2789 1245 2877 prompti-

122 2903 229 2970 tudine
243 2898 398 2985 diligenti
423 2894 598 2963 emendare
614 2893 782 2976 sollicitus,
797 2913 818 2960 a
835 2893 994 2986 dictarum
1016 2896 1195 2982 mulierum,
1212 2903 1245 2964 et

122 3011 252 3078 nanum
269 3007 428 3076 Ordinum
436 3002 691 3087 Praedictornm,
712 3008 745 3067 et
760 3001 899 3070 aliorum
915 3003 1067 3086 omniurn,
1085 3005 1141 3090 qui
1158 3023 1194 3072 sc
1210 3005 1244 3072 in

122 3119 264 3208 partibus
280 3111 480 3202 supradictis
491 3129 606 3178 sacrae
622 3109 788 3195 religionis
799 3109 1027 3176 observantiae
1040 3111 1244 3198 dedicarunt,

123 3225 344 3296 molestatione
360 3219 532 3302 desistens,
548 3225 606 3283 aut
621 3216 749 3301 aliquos
765 3236 787 3282 a
802 3219 922 3285 semita
937 3219 1165 3288 mandatorum
1180 3220 1244 3286 Dei

123 3358 181 3406 non
195 3340 359 3416 avertens,
385 3329 484 3396 talem
500 3335 534 3393 te
550 3323 668 3394 amodo
694 3343 793 3410 super
808 3325 860 3410 iis,
885 3344 971 3409 quae
985 3325 1176 3392 Pontificale
1191 3325 1244 3392 de-

25 3467 26 3480 *
120 3446 219 3534 poscit
233 3442 390 3522 officium,
416 3437 517 3504 verbo
533 3434 691 3502 exhibeas
707 3440 741 3500 et
756 3433 917 3520 exemplo,
938 3433 1024 3517 quod
1039 3433 1156 3502 fratres
1171 3454 1242 3504 eos·

121 3555 199 3640 dem,
223 3558 258 3620 et
282 3546 457 3632 religiosos
482 3545 565 3611 alios
590 3541 639 3610 tui
662 3538 803 3607 nominis
829 3540 1007 3608 constitues
1032 3541 1241 3629 laudatores,

120 3669 150 3730 et
162 3659 271 3728 Patris
285 3653 421 3724 Aeterni
436 3651 565 3736 Filium,
590 3669 687 3736 quem
702 3650 736 3715 in
751 3647 911 3735 praelatis
934 3649 1120 3717 excessibus
1136 3647 1243 3736 gravi-

118 3777 165 3838 ter
188 3765 367 3838 offendisse
391 3760 572 3829 dinosceris
584 3809 593 3844 ,
619 3759 681 3827 tibi
705 3759 881 3846 propitium
905 3757 1041 3825 reddere
1064 3757 1241 3826 merearis:

118 3877 260 3963 alioquin
278 3875 396 3941 danum
411 3867 593 3938 venerabili
608 3867 703 3934 fratri
718 3874 829 3936 nostro
845 3914 854 3930 .
871 3915 879 3932 .
897 3917 905 3932 .
922 3865 1189 3950 Arcbicpisccpo,
1210 3871 1242 3934 et

117 3989 232 4056 dilecto
257 3982 325 4065 tilip
374 4027 409 4046 ..
435 3974 675 4045 Archidiacono
701 3974 892 4062 Spalatensi
918 3973 1038 4040 nostris
1062 3971 1181 4039 litteris
1206 3972 1241 4040 in

116 4091 289 4176 mandatis,
314 4097 351 4156 ut
365 4094 400 4155 tc
416 4086 460 4153 ab
483 4082 670 4151 huiusmodi
695 4077 1025 4168 praesumptionibus,
1049 4079 1241 4148 anctoritate

114 4210 242 4289 nostra,
267 4194 493 4287 appellatione
508 4197 634 4260 remota
654 4199 872 4278 compescant.
896 4191 1018 4256 Datum
1033 4187 1181 4273 Viterbii,
1197 4187 1240 4254 X.

25 4365 26 4394 ,
117 4309 269 4380 calendas
283 4301 497 4389 Decembris,
513 4297 727 4368 Pontificatus
749 4297 854 4366 nostri
878 4317 964 4365 anno
980 4314 1085 4381 nono,
1111 4293 1241 4382 (1235.)

371 4499 498 4565 (Parlati,
511 4497 649 4564 Illyricum
661 4495 773 4547 Sacrum
785 4496 818 4548 V.
832 4497 888 4548 ker.
904 4497 946 4546 73.
958 4491 989 4558 1.)

543 4691 810 4708 Q*
