3198 5160
565 311 717 415 jsr-

81 527 167 590 quem
187 508 269 596 regi,
294 513 327 576 et
341 516 452 577 tenere
469 509 577 578 faeere
594 509 749 578 debemus
764 507 940 577 secundum
957 509 1060 582 bonas
1077 519 1109 578 et
1125 510 1204 578 anti-

80 634 155 698 quas
172 613 425 684 eonsuetudines
442 615 476 683 in
493 617 566 704 ipso
583 615 748 686 Comitatu
765 617 925 686 obtentas.
954 619 1058 685 Nobis
1074 636 1205 704 quoqne

81 723 170 808 Dnei,
191 724 378 811 nostrisque
398 725 640 794 suecessoribus
660 731 693 792 et
708 725 878 794 Communi
897 725 1116 812 Venetiamm,
1136 733 1204 792 tam

79 831 137 915 ipsi
153 831 310 926 Comites,
336 833 392 919 qui
407 854 492 901 nuno
508 843 592 920 sunt,
619 853 717 921 quam
737 854 847 902 eorum
864 833 1033 921 haeredes,
1058 834 1115 920 qni
1133 853 1204 922 pro·

78 947 220 1026 tempore
246 939 384 1026 fuerint,
416 941 502 1008 inira
527 962 624 1010 unum
650 963 770 1010 annum
796 948 970 1030 postquam
999 941 1204 1030 pervenerint

80 1046 118 1112 ad
136 1055 293 1137 nentem,
318 1049 394 1118 fidei
410 1059 505 1120 erunt
520 1059 725 1120 sacramento
747 1053 872 1120 astricti
889 1053 921 1120 in
938 1057 1138 1140 perpetuum.
1160 1051 1206 1146 ¹Et
1274 1131 1277 1136 1

80 1155 196 1240 omnia,
213 1175 298 1241 quae
314 1159 518 1226 eontinentur
534 1161 687 1246 superins
704 1179 776 1226 oum
793 1179 905 1226 eorum
925 1156 1122 1226 haeredibus
1138 1157 1204 1246 ipsi

80 1261 220 1332 Comites
231 1265 325 1333 nobis
336 1265 522 1354 supradicto
536 1268 627 1352 Daoi,
638 1277 671 1336 et
681 1267 925 1336 suecessoribus
934 1268 1065 1354 nostris,
1078 1265 1203 1335 etCom·

80 1374 163 1440 mnni
179 1373 391 1442 Venetiarum
412 1381 616 1450 sacramento
635 1375 763 1443 astricti
778 1395 814 1443 se
838 1374 1067 1444 observaturos
1087 1375 1204 1461 promi-

80 1487 198 1564 serunt,
224 1482 289 1548 nisi
305 1481 497 1548 remanserit
512 1501 571 1567 per
587 1499 657 1566 nos,
684 1486 740 1547 arrt
757 1499 962 1548 successores
984 1486 1123 1568 nostros,
1151 1479 1203 1548 rel

80 1587 232 1672 majorem
248 1593 375 1675 partem
393 1587 494 1656 nostri
510 1586 666 1674 Consilii;
683 1587 731 1655 ita
747 1593 867 1673 tamen,
885 1587 971 1670 quod
988 1589 1203 1676 nonpossint,

80 1713 135 1759 neo
150 1693 293 1762 debeant
319 1715 391 1764 esse
408 1714 449 1763 ex
466 1693 564 1762 dietis
580 1693 774 1780 Comitibus,
792 1694 854 1762 nisi
875 1695 939 1762 duo
955 1695 1119 1781 Reetores,
1136 1695 1203 1779 qui-

81 1801 137 1869 bua
162 1801 203 1869 de
228 1802 483 1870 honorificentiis
504 1802 684 1870 Comitatus
711 1801 851 1871 debeant
877 1803 1084 1890 respondero.
1108 1803 1151 1869 Et
1175 1803 1203 1868 si

81 1909 197 1994 aliquis
222 1929 263 1977 ex
289 1908 385 1978 dietis
402 1909 581 1979 Comitibns
607 1919 726 1979 terram
752 1909 877 1996 exierit,
904 1911 957 1979 vel
982 1929 1061 1979 oasn
1084 1911 1204 1978 absens

83 2016 182 2104 inerit,
199 2039 283 2086 unus
300 2019 384 2086 alins
401 2015 522 2086 debeat
537 2037 609 2088 esse
619 2020 738 2088 Reotor
754 2019 796 2086 de
811 2017 980 2088 Colonello
996 2017 1065 2103 illo,
1082 2016 1123 2084 de
1139 2039 1203 2104 quo

85 2126 186 2213 tuerit,
202 2125 259 2212 qui
275 2125 394 2194 absens
410 2127 489 2212 erit;
517 2132 549 2194 et
565 2125 594 2194 si
610 2144 723 2194 omnes
740 2125 818 2193 dieti
836 2123 979 2194 Comites
1000 2133 1096 2194 erunt
1111 2133 1205 2194 extra

84 2241 208 2320 temam,
234 2231 433 2302 eonstituant
448 2253 546 2300 unum
561 2234 614 2300 vel
630 2233 712 2302 dnos
728 2235 893 2316 Reetoree,
920 2233 1003 2300 sient
1028 2233 1076 2300 eis
1093 2231 1205 2300 utilius

84 2341 262 2430 apparebit.
289 2343 376 2409 Etsi
393 2341 511 2427 omnia,
539 2341 624 2408 sieut
642 2341 788 2430 superins
814 2339 1004 2422 continetur,
1031 2340 1205 2408 observata

83 2469 140 2517 non
154 2449 284 2535 inerint,
300 2469 378 2536 pars
389 2448 569 2519 Comitatus
585 2450 684 2535 iilius,
703 2449 757 2534 qui
769 2447 1005 2532 eontraieeerit,
1023 2448 1203 2528 amittatur,

84 2579 149 2624 onm
165 2558 316 2627 omnibus
331 2579 432 2646 snpra
448 2559 630 2643 noncessit,
652 2567 684 2627 et
699 2558 733 2624 in
749 2555 831 2624 alios
847 2553 1035 2642 deveniant,
1052 2553 1094 2621 de
1110 2554 1204 2639 eujus

84 2665 246 2735 Colonelio
263 2665 359 2734 inerit
375 2667 594 2751 obseruatum,
615 2685 699 2752 quae
715 2663 865 2750 superius
882 2663 970 2730 diota
986 2668 1081 2747 sunt;
1099 2661 1203 2728 donee

84 2773 135 2839 ibe
158 2775 216 2859 qui
241 2773 477 2859 eontraieeerit,
503 2773 547 2840 ad
570 2781 714 2841 nostram
740 2779 773 2840 et
790 2771 977 2840 Communis
993 2769 1203 2838 Venetiarom

85 2883 219 2964 gratiam
245 2881 342 2948 fuerit
365 2882 540 2950 restitutus.
566 2881 601 2947 Si
627 2901 704 2948 vero
726 2899 837 2946 omnes
864 2877 1024 2965 praedicti
1049 2876 1203 2960 Comites,

84 2991 131 3056 vei
145 3011 258 3060 eornm
275 2991 434 3060 haeredes
457 2997 571 3060 eontra
586 2989 755 3077 praedicta
774 2988 918 3074 iecerint,
941 2986 1128 3074 praediotns
1145 2985 1202 3052 Co-

86 3100 210 3168 mitatus
236 3099 270 3166 in
286 3119 345 3170 nos
361 3109 393 3167 et
409 3099 586 3167 Commune
602 3095 811 3164 venetiarum
836 3115 909 3162 oum
931 3094 1079 3162 omnibus
1106 3112 1205 3180 supra

85 3208 241 3276 concessis
258 3207 412 3274 devenire
428 3206 557 3291 debeat,
583 3225 656 3274 oum
672 3206 759 3274 omni
777 3203 981 3291 plenitudine
1006 3203 1144 3272 rationis
1161 3199 1204 3268 ad

85 3313 265 3384 iaciendum
282 3313 410 3401 exinde,
436 3313 592 3401 quidquid
607 3323 739 3383 nostrae
755 3313 922 3398 nostrique
943 3311 1078 3380 Consilii
1094 3310 1205 3378 reinn-

86 3421 156 3488 tatis
172 3422 291 3509 inerit3
316 3429 350 3490 et
364 3423 542 3490 seeundum
558 3423 662 3490 bonas
678 3427 711 3488 et
727 3421 881 3506 antiquas
904 3418 1156 3488 eonsuetudines
1172 3418 1205 3484 in

87 3529 152 3614 ipso
167 3532 330 3600 Comitetu
356 3531 507 3599 obtentas
523 3531 630 3616 ipsum
647 3529 716 3615 regi
733 3535 765 3596 et
780 3537 890 3597 tenere
908 3529 1019 3596 faeere
1035 3525 1202 3596 debemus.

87 3635 126 3702 Et
139 3636 313 3726 seiendnm,
333 3638 422 3722 quod
436 3635 598 3726 praedicti
614 3635 755 3706 Comites
772 3643 895 3706 suntet
911 3655 984 3706 esse
1004 3634 1147 3704 debeant
1163 3633 1206 3700 de

88 3751 190 3814 nostro
206 3745 324 3813 Maiori
340 3745 482 3814 Consilio
507 3751 713 3813 sacramento
739 3744 874 3830 astricti,
899 3744 1028 3829 quando
1051 3763 1109 3830 per
1124 3750 1190 3810 tem
1290 3793 1292 3802 .

89 3871 163 3938 pora
177 3853 324 3922 venetiis
349 3861 452 3921 erunt.
477 3853 518 3920 Iit
533 3849 577 3918 ad
592 3852 748 3939 majorem
773 3849 870 3935 hujus
895 3850 942 3917 rei
958 3849 1143 3917 firmitatem
1171 3859 1204 3918 et

91 3959 276 4029 evidentiam
293 3961 481 4048 pleniorem,
509 3979 665 4048 praesens
682 3957 891 4046 privilegium
907 3957 976 4024 fieri
988 3959 1155 4042 jussimus,
1173 3965 1206 4023 et

90 4089 285 4152 pernionum
301 4067 438 4140 Corradi
455 4069 572 4138 Curiae
587 4080 718 4136 nostrae
735 4064 930 4134 Oanoeltarii
950 4065 1114 4150 roborari;
1135 4083 1204 4130 our-

91 4181 174 4242 rente
189 4197 274 4246 anno
290 4176 424 4245 Domini
441 4175 653 4243 b1⁰CC⁰LX⁰.

187 4284 257 4370 Ego
282 4285 465 4372 Raynerius
489 4285 581 4354 Ceno
598 4283 660 4351 Dei
679 4283 787 4370 gratia
812 4282 888 4350 Dur
905 4279 1113 4352 venetiarum
1139 4289 1204 4346 eto.

188 4393 258 4478 Ego
273 4391 419 4459 Joannes
435 4391 590 4471 Quirinus
609 4391 728 4460 tuder.

189 4500 258 4585 bigo
275 4499 420 4568 Joannes
436 4497 641 4566 Gradenious
661 4497 778 4566 Jndex.

188 4607 257 4700 ligo
274 4608 426 4678 eibertus
443 4608 614 4677 Dandulus
629 4603 750 4674 Jndex.
