3112 5148
585 263 741 376 „nor-

97 465 366 556 possessionibus,
373 468 585 553 suggestione
595 466 745 536 falsavel
753 467 857 534 taeita
868 468 1016 553 veritate,
1023 463 1155 553 aliquod
1165 466 1229 552 pri·

96 577 251 663 niiegium
267 575 451 662 aliquande
478 574 711 663 impetrauerit‚
733 573 895 643 nollemus
911 581 1025 644 eontra
1039 577 1122 642 haee
1138 575 1225 642 eires

92 685 221 770 aliquas
238 683 398 752 ebu'nere.
426 684 471 752 Vt
494 683 592 769 igitur
617 682 728 750 emnia
739 683 922 770 praemissa
936 683 1035 752 robur
1049 688 1228 772 perpetuae

95 792 258 860 firmitatis
281 791 465 876 ebsineent,
492 810 552 860 nee
576 789 704 878 possint
727 811 786 879 per
808 810 1001 876 quemquam
1016 790 1228 878 imposterum

99 899 270 968 retraetari
287 919 346 968 seu
360 899 395 966 in
411 898 546 968 dnbinm
571 897 730 984 renouari,
747 899 913 986 praesenti
928 897 1102 986 priuilegio
1122 920 1161 966 ae
1177 920 1229 967 ea-

96 1017 222 1078 metere
238 1027 361 1078 aureae
387 1007 498 1077 bullae
512 1014 645 1076 nestrae
661 1029 704 1076 ea
725 1007 861 1076 fecimus
880 1006 1080 1076 eommuniri.
1107 1009 1228 1075 Datum

92 1137 145 1204 per
175 1136 296 1184 manns
321 1116 474 1202 Magistri
492 1116 659 1184 Benedicti
685 1115 868 1203 Praepositi
884 1115 1036 1184 Albensis
1058 1117 1156 1184 aulae
1171 1137 1227 1184 no·

95 1235 181 1292 strae
206 1223 409 1310 Oaneellarij
433 1230 466 1292 et
490 1224 594 1292 Eleeti
617 1223 651 1292 in
667 1223 958 1312 Arobiepiseopnm
983 1223 1228 1311 Oolleeensem5

92 1333 307 1402 existentibus
329 1332 563 1402 Bartbelemee
588 1329 962 1419 Quinqueeeelesiarum,
979 1332 1144 1419 Stephano
1168 1333 1227 1399 Za·

92 1443 279 1528 grabiense,
299 1442 367 1512 aiio
383 1441 549 1530 Stephane
566 1440 727 1510 Vaoiense
742 1441 933 1528 Episeepis3
953 1439 1098 1508 rimaldo
1114 1439 1224 1506 Palla-

93 1553 170 1636 tine,
195 1555 232 1618 et
256 1549 383 1618 Gemite
410 1548 637 1636 Symigiense,
662 1548 811 1618 Dionisie
835 1549 952 1617 Banne
977 1548 1172 1618 Selauoniae
1197 1551 1229 1612 et

94 1659 344 1745 maritimarum,
368 1658 500 1726 Matheo
516 1659 673 1744 Magistro
689 1645 946 1726 Tenamieorum
971 1665 1003 1724 et
1028 1657 1153 1724 Gemite
1168 1655 1226 1722 Ni·

93 1767 230 1852 trienae,
246 1766 416 1853 Vyllermo
426 1765 627 1855 Agasenum,
643 1766 803 1836 Bellando
819 1765 1058 1854 Dapderorum,
1074 1765 1225 1832 Mauritie

92 1873 323 1944 Pineernaram
332 1875 632 1962 Magistrisinaula
639 1880 761 1962 nostra,
767 1873 934 1943 Demetrio
944 1874 1071 1944 Gemite
1081 1873 1223 1942 Musuni-

93 2003 180 2070 enae,
196 1991 231 2052 et
245 1983 365 2052 ueteris
382 2004 482 2070 quem
497 1984 646 2072 pluribus
656 1985 869 2071 Magistratus
879 1991 912 2052 et
924 1983 1104 2053 Comitatus
1119 1981 1226 2069 Regni

93 2091 194 2160 nestn'
211 2091 397 2160 tenentibus
413 2111 474 2160 sno
489 2091 595 2160 modo.
611 2090 705 2160 Anne
721 2092 765 2159 ab
776 2091 1002 2159 Inoarnetiene
1017 2092 1063 2158 Μο
1073 2088 1225 2176 Odena-

94 2198 277 2284 drageeime
293 2199 419 2286 quinto,
435 2199 561 2268 decime
577 2199 770 2270 ehallendas
781 2201 907 2288 Aprilis
923 2199 1028 2284 Regni
1043 2207 1152 2268 autem
1169 2219 1222 2268 ne·

94 2307 151 2373 stri
167 2326 253 2377 aune
268 2307 427 2396 septime.

97 2503 129 2569 (Δ
143 2505 278 2558 velenezei
290 2503 472 2574 kdatdrsasdg
486 2508 578 2578 ,Libri
591 2507 624 2560 de
637 2507 869 2562 Oemmemeriali‘'
883 2507 969 2562 eaimil
983 2505 1230 2574 dilamkdnyveibdl

522 2599 557 2649 11.
570 2599 627 2649 aaa.
641 2601 701 2650 tao.
715 2600 759 2650 on.
773 2597 815 2667 n.)

542 2881 797 2896 Ἣ

636 3327 711 3398 lte.

17 3577 18 3580 ,
103 3508 122 3573 I
126 3509 158 3575 Ρ.
175 3510 256 3576 Be'lu
270 3507 437 3595 Hrdlpnuk
463 3509 546 3576 Bibe
554 3507 673 3596 fuldje'r
696 3511 846 3597 tdrpyuae'
870 3509 1049 3600 adorndnye
1074 3513 1171 3580 Pudor
1186 3537 1233 3580 eo·

17 3617 18 3632 ¹
495 3639 556 3682 mee
571 3619 725 3683 sedemus.
742 3617 839 3683 1245.

205 3812 289 3878 Bela
305 3812 368 3878 Dei
383 3811 498 3898 grada
513 3813 693 3900 Hungarie,
713 3813 896 3903 Dalmaeie‚
912 3815 1102 3904 Chemmis,
1118 3818 1231 3900 Reme,

17 4001 18 4020 χ
103 3921 222 4004 Sernie,
241 3919 394 4005 Gallieie,
412 3920 616 4008 Lodomerie,
635 3918 930 4009 CumanieqneRex
939 3923 1102 3991 uniuersis
1112 3923 1232 3992 christi

103 4027 253 4095 fidelibus
277 4029 483 4114 presencium
508 4029 659 4098 notieiam
687 4029 845 4098 habiteris
869 4030 1008 4098 satutem
1033 4030 1066 4097 iu
1091 4051 1149 4117 eo,
1175 4030 1231 4115 qui
1335 4097 1341 4120 ,-

17 4153 18 4216 i
103 4135 244 4221 Regibus
260 4137 320 4204 dat
334 4139 482 4206 salutem.
508 4138 613 4224 Regia
629 4137 826 4226 benignitas,
846 4157 908 4224 qne
924 4139 1111 4226 frequenter
1127 4147 1232 4207 extra·

104 4247 169 4311 nois
185 4245 360 4330 benefacit,
378 4245 473 4314 debet
488 4247 556 4316 suis
572 4245 734 4332 fidelibus,
753 4265 929 4332 eorumque
948 4247 1152 4332 gratantibus
1168 4267 1231 4315 ser·

17 4381 18 4406 r
102 4351 194 4438 uieijs
219 4353 395 4438 benignius
418 4355 586 4441 porrigere
609 4353 833 4422 ‘mnnifieeneie
859 4375 917 4423 sue
941 4374 1076 4442 manns,
1110 4362 1146 4422 nt
1172 4355 1229 4442 aiij

104 4461 251 4548 exemplo
274 4459 353 4528 inde
377 4467 505 4548 sumpto
521 4461 565 4528 ad
581 4461 749 4530 efferenda
772 4461 917 4548 Prineipi
932 4461 1100 4532 fidelitatis
1116 4471 1149 4532 et
1164 4484 1228 4532 ser·

104 4567 257 4638 diciorum
282 4587 417 4639 munera
433 4569 614 4639 terueneius
639 4571 825 4640 inuitentur.
852 4569 991 4638 Proinde
1007 4571 1050 4636 ad
1065 4572 1231 4640 uniuerso·
