3122 5154
338 1059 368 1123 A
386 1056 653 1142 szdbeafeddrodri
677 1050 900 1138 kdptolnnauk
915 1045 1187 1135 bisooyodpleoele,
1207 1048 1293 1132 bopy
1307 1046 1439 1128 Mittor,
1455 1069 1478 1109 o

341 1165 451 1230 Simon
465 1166 497 1228 ds
510 1162 620 1228 Mioud
635 1159 770 1225 oomesek
785 1160 817 1222 6⁸
832 1181 852 1222 o
868 1157 1001 1220 hainoni
1014 1154 1222 1218 odoarnokok
1235 1155 1305 1218 ledat
1326 1154 1479 1239 dizonyos

448 1268 771 1335 szdldkreoonotkozd
784 1265 1078 1351 epyeoetlcosdgeloet
1090 1263 1251 1328 etinctum.
1269 1263 1368 1326 1237.

657 1439 1161 1508 ABGDE

450 1622 637 1709 Capitulum
652 1619 808 1687 Albensis
825 1617 976 1683 Iicoiesie
991 1615 1141 1684 omnibus
1162 1623 1330 1702 presentes
1349 1617 1478 1682 litteras

345 1731 541 1816 inspectoris
566 1731 706 1795 salutem
732 1727 766 1792 in
782 1746 860 1791 vero
885 1725 1033 1792 salutari.
1060 1722 1258 1789 Cunctorum
1284 1724 1479 1790 discrecioni

345 1837 497 1904 duximus
522 1836 755 1917 intimandum
785 1829 872 1918 quod
892 1830 1007 1898 Comes
1027 1832 1194 1914 Nicolaus,
1220 1829 1321 1896 irater
1345 1851 1480 1897 venera-

346 1945 422 2011 bilis
438 1943 594 2010 memorie
604 1941 720 2026 Vgrini
736 1938 902 2022 quondam
917 1936 1164 2024 Archiepiscopi
1179 1937 1425 2024 strigoniensis,
1444 1946 1480 2004 et

345 2051 476 2118 Simone
502 2054 534 2115 et
558 2047 669 2115 llicud
688 2045 869 2113 comitibus
895 2067 935 2112 ex
960 2065 1026 2111 una
1049 2054 1164 2132 parte,
1190 2053 1223 2112 et
1241 2046 1410 2114 vduomici
1436 2049 1480 2114 de

347 2158 484 2239 Huinar,
501 2157 555 2240 qui
572 2175 608 2222 se
623 2155 731 2220 Fitam
741 2153 874 2220 fratrem
885 2153 1040 2237 Soegene,
1062 2161 1095 2219 et
1111 2153 1360 2220 alterTiranum
1374 2153 1480 2220 filium

346 2265 457 2331 Hante
473 2283 547 2329 esse
558 2261 720 2345 dixerunt,
737 2282 809 2328 oum
826 2261 1015 2326 centurione
1025 2279 1085 2326 suo
1100 2261 1232 2326 nomine
1244 2260 1418 2344 Homodoy
1436 2281 1480 2326 ex

348 2373 473 2456 altera,
500 2368 666 2436 mediante
690 2367 851 2454 pristaldo
877 2385 935 2433 sex
954 2367 1103 2451 Judioum
1128 2367 1253 2433 domini
1267 2367 1369 2452 Regis
1386 2369 1481 2452 Belo,

348 2477 478 2547 nomine
493 2476 680 2559 Valentino,
706 2475 762 2560 qui
779 2495 814 2542 se
830 2474 931 2540 lilium
946 2473 1076 2560 ‘Pompa
1091 2475 1132 2541 de
1157 2475 1237 2541 uilla
1253 2475 1382 2542 'Foroba
1402 2495 1482 2541 esse

350 2585 445 2668 dixit,
463 2583 506 2650 ad
520 2592 665 2652 nostram
678 2583 1113 2666 accesseruntpresenoiam3
1130 2591 1162 2648 et
1171 2583 1309 2668 predicti
1321 2581 1478 2665 Comites,

348 2691 505 2757 Nicolaus
530 2691 666 2772 scilicet,
682 2690 794 2757 Simon
811 2695 843 2755 et
859 2687 976 2776 Mioud,
1003 2707 1104 2775 super
1122 2689 1228 2756 altare
1243 2690 1356 2755 Sancti
1373 2691 1478 2774 Regis

352 2797 512 2882 Stephani
538 2817 596 2881 pro
612 2795 715 2862 tribus
730 2795 835 2861 vineis
860 2795 895 2860 in
910 2795 1000 2861 dicta
1015 2795 1097 2860 uilla
1112 2794 1239 2861 Hvinar
1258 2795 1339 2879 sitis,
1365 2816 1481 2863 secun-

351 2905 428 2971 dum
444 2903 576 2987 quidem
592 2901 720 2969 adiotis
736 2921 795 2969 sex
807 2902 976 2988 judicibus
990 2902 1097 2970 iuerat
1112 2904 1347 2989 adiudicatum,
1364 2912 1481 2971 oontm

350 3011 535 3079 nominatos
553 3011 758 3094 vduornioos,
783 3011 839 3096 qui
854 3011 945 3097 ipsas
963 3011 1077 3078 vineas
1093 3033 1115 3077 a
1131 3011 1257 3079 Comite
1276 3013 1415 3079 Nicolao
1431 3035 1483 3080 re·

352 3115 534 3202 quirebant,
560 3123 799 3184 sacramentum
825 3117 1052 3203 prestiterunt;
1085 3119 1230 3186 dicentes
1242 3172 1251 3206 ,
1280 3121 1368 3203 quod
1392 3119 1484 3187 idem

352 3222 468 3291 (lomes
484 3223 639 3291 Nicolaus
655 3224 746 3309 ipsas
762 3224 877 3291 vineas
894 3225 937 3290 ab
954 3225 1079 3293 eisdem
1096 3226 1293 3313 vduorniois,
1325 3227 1486 3295 videlicet

351 3329 586 3416 prenominatis
605 3331 751 3414 Soegene
776 3337 807 3396 et
823 3332 943 3417 Hanta,
969 3354 1028 3418 pro
1054 3342 1178 3420 septem
1204 3337 1324 3401 marcis
1350 3337 1485 3420 argenti

353 3439 592 3522 conparauerit.
619 3438 669 3504 Ne
685 3437 784 3523 igitur
800 3439 878 3505 dieti
895 3439 1074 3523 vduornioi,
1101 3441 1154 3506 vel
1171 3441 1274 3526 aliqui
1294 3445 1337 3508 ab
1353 3442 1481 3509 eisdem

353 3543 589 3611 descendentes
606 3543 727 3612 dictum
738 3545 898 3613 Comitem
909 3547 1091 3634 Nicolaum,
1109 3547 1179 3614 siue
1189 3549 1336 3614 eiusdem
1352 3569 1486 3617 succes-

353 3669 445 3719 sores
471 3653 612 3737 amplius
630 3671 728 3737 super
752 3651 812 3718 tali
828 3651 915 3720 iacto
932 3654 1078 3720 audeant
1093 3656 1146 3720 vel
1171 3656 1299 3742 possint
1323 3655 1487 3742 inpetere,

353 3763 545 3845 prenarrate
560 3759 609 3824 rei
621 3757 736 3824 seriem
753 3759 870 3826 litteris
880 3760 1086 3846 presentibus
1103 3763 1213 3846 sigillo
1224 3768 1334 3830 nostro
1346 3763 1486 3829 munitis

352 3863 614 3935 confirmabimus
624 3864 868 3951 inperpetuum.
885 3867 1003 3931 Actum
1014 3886 1100 3934 anno
1111 3865 1223 3950 gracie
1238 3869 1283 3933 li⁰
1294 3867 1358 3935 00⁰
1369 3869 1487 3935 XXX⁰

353 3973 502 4062 septimo.
519 3971 957 4040 Eoolesienostrellliohaele
967 3973 1137 4059 Proposito
1153 3993 1190 4040 se
1206 3973 1249 4039 ab
1265 3974 1487 4042 amministra-

353 4081 445 4148 cione
461 4099 639 4165 suspenso;
667 4080 809 4149 Martino
826 4079 977 4165 Cantore,
1005 4081 1072 4149 alio
1087 4081 1229 4150 Martino
1252 4083 1404 4170 Custode,
1420 4086 1488 4152 Sil-

354 4193 461 4254 vestre
476 4189 610 4254 Decano
633 4188 862 4256 existentibus.

428 4379 477 4446 (Aa
490 4383 590 4433 eredsti
602 4383 668 4436 utdn
681 4385 805 4452 Vdghely
816 4387 912 4445 Deusd,
925 4385 1013 4436 Huzai
1026 4343 1195 4452 (lkmdnytdr
1208 4387 1231 4436 Ι.
1245 4385 1303 4438 irbi.
1322 4385 1365 4436 19.
1377 4385 1409 4453 L)

784 4621 1046 4632 ιιι-..ιμ’-
