3112 5148
574 219 727 320 -1-4-1-

92 415 194 484 nmeis
210 415 346 502 argenti
362 413 512 482 uendidit
526 411 737 501 perhenniter
752 409 982 500 possidendas,
1003 421 1036 482 et
1050 433 1210 483 summam

92 523 215 609 pecunie
241 520 444 590 untedietem
469 521 534 590 sibi
557 520 702 591 totaliter
729 519 834 588 fuisse
857 519 1068 606 persolutam,
1096 528 1129 589 et
1153 541 1213 590 sex

91 649 239 718 personas
265 630 496 698 libertinorum
513 648 655 714 suorum,
680 647 816 715 qnorum
832 627 998 697 uocabula
1015 635 1111 698 suut:
1129 628 1214 697 Tho·

90 757 149 806 nus
172 757 248 806 eum
264 737 342 820 lilio,
367 733 486 804 Albert
501 755 574 804 oum
599 735 679 820 tilio,
699 735 858 803 Kelemen
883 741 917 803 et
934 735 1079 820 timeret,
1105 736 1213 804 eidem

91 845 197 914 Gomiti
213 843 430 928 uendidisset,
457 863 532 912 enm
547 849 636 912 terra
650 850 684 910 et
698 843 807 910 insule
823 841 1031 930 supradietis.
1055 844 1098 910 vt
1112 843 1213 930 igitur

90 952 309 1039 possessiones
325 950 571 1038 prenominatus
586 949 705 1019 Comes
720 949 863 1018 Miohuel
879 951 988 1037 quiete
1004 957 1038 1018 et
1051 951 1213 1020 irreuoes·

90 1059 189 1129 biliter
202 1061 320 1128 ualeat
334 1058 515 1146 possidere,
542 1065 576 1126 et
590 1064 625 1126 ut
642 1057 748 1125 eeium
764 1059 889 1128 solutio
914 1061 1052 1148 pecunie
1067 1079 1126 1147 pro
1150 1059 1212 1126 eis-

24 1245 25 1248 *
89 1167 152 1233 dem
167 1165 436 1250 possessionibus
453 1164 664 1251 solempniter
678 1163 775 1247 laets,
796 1163 886 1251 opud
900 1163 1071 1234 uniuersos
1089 1165 1210 1234 hebes·

24 1251 25 1304 ¹
89 1281 132 1340 tur
146 1273 344 1358 manifeste3
368 1280 538 1358 presentes
554 1271 598 1338 ed
613 1271 809 1358 peticionem
823 1271 970 1356 peruium
988 1273 1210 1340 oppressimus

89 1381 204 1448 litteras
228 1381 333 1466 sigilli
361 1381 468 1451 nosui
487 1380 664 1448 munimine
680 1381 861 1448 roboratus.
886 1381 972 1450 June
988 1378 1138 1465 tentore,
1162 1383 1210 1448 Si·

89 1508 182 1572 mone,
199 1487 363 1575 Philippo,
391 1489 476 1555 Hine
500 1489 645 1571 Depeno,
671 1486 836 1555 Damieno
859 1486 1008 1570 Notario,
1040 1493 1072 1554 et
1092 1489 1209 1556 esteris

24 1645 25 1664 t
89 1594 251 1664 Omonieis
277 1596 506 1663 existentibus.
530 1595 648 1662 Aotum
663 1615 749 1663 enno
765 1595 808 1661 ub
825 1593 1058 1662 Ineurnsoione
1078 1595 1209 1662 Domini

89 1701 248 1771 millesimo
266 1701 333 1769 00⁰
343 1700 598 1787 quadragesimo
612 1701 722 1770 tercio.

90 1901 213 1964 Melie
231 1896 407 1966 btrhirtytn,
427 1897 539 1964 melyrtl
556 1893 671 1964 hirtprln
684 1914 701 1948 e
714 1894 844 1963 kiptulen
863 1893 981 1963 peosetje
995 1896 1070 1964 sugg,
1094 1899 1206 1952 ebudsi

447 1989 500 2040 kir.
514 1988 636 2041 kamerai
648 1983 836 2048 leuelttrbsn.)

86 2891 401 2980 Ardkesfelseroelrr'
425 2895 649 2977 tuprotannat
675 2895 948 2982 bizonysdpleoele,
975 2895 1055 2981 hopy
1079 2895 1209 2981 Hipolr't

24 2999 25 3006 '
85 2997 216 3066 kanalt
222 3001 277 3086 fio
292 3001 403 3066 melma
428 3001 568 3066 tir-totos
584 3001 776 3067 Konstantia
791 3012 903 3068 mester·
914 2999 1086 3086 fellerodri
1109 3002 1205 3068 kano-

456 3106 582 3171 nokrruk
597 3105 716 3174 sladtu.
732 3109 831 3172 1243.

177 3301 376 3368 Vniuersum
391 3298 547 3367 Albensis
571 3300 720 3369 Eoolesie
735 3299 924 3384 Capitulum
952 3299 1111 3386 omnibus,
1138 3303 1206 3387 qui·

84 3407 136 3474 tus
150 3413 326 3493 presentes
351 3407 458 3474 littere
483 3413 670 3493 presentato
694 3406 824 3491 luerint,
850 3407 993 3475 sulutem
1017 3408 1052 3474 in
1066 3409 1206 3480 Domino

82 3517 318 3602 sempiternum.
344 3514 493 3584 Noseunt
506 3515 660 3600 vniuersi,
686 3513 774 3599 quod
790 3513 951 3582 secedens
970 3516 1015 3582 ed
1030 3535 1089 3583 nos
1109 3519 1206 3603 Ipoli-

81 3629 126 3687 tus
148 3623 235 3690 filim
253 3621 339 3688 ka
361 3623 532 3710 proposuit
557 3641 669 3689 eorum
684 3621 780 3690 nobis
804 3621 883 3689 uiua
908 3642 997 3708 roes,
1025 3623 1113 3709 quod
1134 3643 1207 3694 oum

81 3747 232 3797 consensu
246 3727 362 3796 fratris
377 3727 430 3797 sui
445 3729 550 3812 Pauli,
576 3727 632 3814 qui
648 3727 753 3795 seium
768 3745 861 3794 suum
877 3730 973 3796 nobis
995 3729 1200 3813 presentium

81 3839 231 3923 exhibuit,
249 3839 362 3908 etheo
378 3838 466 3905 idem
483 3837 670 3922 affirmauit,
686 3843 788 3904 totum
804 3845 928 3906 terrum
943 3856 1046 3923 suum,
1067 3857 1207 3906 necnon

80 3945 216 4013 feretum
231 3951 267 4013 et
281 3943 593 4030 loeummolendini,
618 3963 658 4012 eo
673 3961 802 4010 onmem
816 3942 1007 4029 porcionem
1029 3944 1206 4030 possessio·

80 4055 207 4140 mrism,
226 4071 330 4136 quem
345 4052 490 4120 habebut
506 4070 711 4121 communem
726 4070 800 4119 oum
813 4051 918 4119 fratre
934 4069 1003 4135 suo,
1021 4069 1079 4118 seu
1095 4070 1154 4137 per
1170 4071 1208 4119 se

80 4157 215 4229 diuisam
241 4161 287 4227 eb
304 4158 420 4226 eodem
446 4166 479 4227 et
498 4163 698 4246 separatum,
723 4156 927 4225 vendidisset
949 4179 1008 4245 pro
1033 4157 1207 4226 duodecim

78 4270 192 4336 nereis
207 4267 371 4350 Magistro
383 4265 599 4336 Constantino
616 4267 845 4336 Gonoenonioo
861 4273 982 4354 nostro,
1003 4268 1098 4338 metis
1115 4270 1207 4338 vndi-

76 4396 132 4459 qne
146 4373 298 4460 antiqnis
309 4374 551 4460 consignatum,
563 4375 794 4444 commeteneis
805 4393 871 4443 non
887 4375 1205 4465 eontredieentibus5

74 4484 244 4568 presertim
259 4503 336 4550 enm
359 4481 434 4569 ipse
449 4483 615 4570 possessio
632 4485 737 4570 magis
762 4483 869 4551 affinis
892 4491 989 4570 esset,
1015 4492 1048 4553 et
1066 4485 1204 4554 vieinior
