3134 5158
591 295 749 397 mc„

127 497 327 584 presbitcrum
352 495 593 564 Sibeniccnsem
618 494 747 563 nomine
763 491 995 578 Statimerium,
1024 491 1111 577 quod
1126 493 1233 578 ipsam

124 609 292 675 corroboret
308 625 383 674 cuno
400 603 518 689 sigillis
534 610 744 687 utrarumque
761 603 946 690 Ciuitatnm,
965 608 1086 670 etcum
1102 601 1231 686 nostris,

122 715 220 800 quiin
242 714 306 781 hoc
331 731 443 780 sumus
467 709 599 796 negotio
627 709 742 777 arbitri
769 709 953 796 constituti,
989 705 1142 776 videlicet
1168 708 1232 774 mei

122 821 238 891 lidonis
253 819 486 906 'l‘rsguriensis
503 818 693 902 Potestotis,
718 836 758 885 ac
773 818 837 886 mci
852 817 971 886 Daniel
987 815 1121 884 Comitis
1140 815 1232 882 Sibe-

121 931 255 1000 moesus.
273 928 457 996 Actumest
472 928 533 994 boc
548 926 583 992 in
593 924 745 992 Sibenico
763 945 849 994 anno
861 925 992 994 Domini
1011 926 1108 996 1250.
1126 921 1230 993 Indic-

121 1039 195 1106 ticne
210 1040 239 1106 9.
256 1037 380 1105 mensis
394 1035 544 1103 Octobris
563 1037 614 1103 15.
633 1035 687 1104 die
703 1040 842 1104 astante.
859 1037 902 1102 lto
917 1034 978 1102 hec
996 1033 1106 1102 omnia
1121 1052 1231 1119 supra-

120 1145 195 1214 dicto
208 1146 251 1214 ad
267 1148 424 1215 honorem
439 1144 562 1214 domini
580 1145 681 1230 Regis
696 1145 884 1230 Hungarie;
913 1149 945 1213 et
960 1147 1138 1229 propterea
1157 1141 1232 1208 stri·

120 1275 207 1343 usque
220 1255 327 1342 pertis
342 1257 546 1322 sacramento
560 1251 691 1321 firmata
709 1257 794 1320 sunt.

118 1451 224 1522 (Lucius,
236 1455 369 1510 Memorio
378 1451 406 1506 di
415 1453 490 1506 Trou
502 1455 545 1506 69.
559 1453 586 1519 1.;
599 1468 666 1506 enen
679 1449 854 1519 okmdnpnalr
866 1447 1008 1503 tbredblrdt
1020 1449 1128 1502 kbnblte
1140 1449 1230 1514 Pejor,

425 1543 489 1599 ocu.
501 1543 576 1612 Dipl.
589 1544 650 1598 v11.
662 1544 718 1598 kbt.
733 1545 758 1594 4.
771 1558 792 1593 r.
808 1543 868 1592 103.
881 1539 911 1606 l.)

632 2298 710 2368 222.

30 2431 31 2458 ¹
118 2477 169 2545 W.
188 2480 266 2547 Beda
291 2477 457 2567 lcirdlyouk
481 2477 595 2546 Brcbc'r
618 2486 756 2567 mepycre
780 2480 948 2546 combreto
968 2479 1193 2566 privilegiatus
1213 2505 1233 2545 α

401 2587 528 2654 Brcdiod
541 2588 655 2676 prescio
670 2594 828 2656 sructura.
845 2587 942 2654 1151.

30 2827 31 2842 ,
216 2767 256 2833 Ιιι
271 2769 402 2837 nomine
417 2768 536 2836 Sancte
546 2766 715 2836 'Ibinitutis
732 2773 764 2836 ec
777 2767 951 2836 indiuiduo
961 2766 1103 2836 Unitutis
1119 2768 1231 2833 Arnen.

30 2909 31 2918 ι
117 2873 191 2941 Belo
205 2873 270 2940 Dei
289 2874 402 2958 gracie
423 2874 603 2960 Hungarie,
620 2874 802 2961 Dalmaeie,
821 2876 967 2962 Groacie,
983 2879 1095 2960 Reme,
1112 2874 1234 2958 Seruio,

30 3007 31 3010 ¹
117 2979 260 3066 Gallicis,
285 2980 487 3067 Lodomerie,
513 2981 735 3068 Cumanieque
754 2983 824 3052 Rex
847 2987 1083 3072 inperpetuum.
1110 2985 1235 3068 Regum

116 3089 268 3159 celsitudo
293 3089 428 3174 requirit
455 3097 487 3156 et
503 3090 689 3158 sublimium
710 3091 847 3160 debetur
862 3090 1025 3179 dignitati,
1052 3099 1087 3158 ut
1101 3079 1235 3159 intuitus

116 3198 161 3262 sui
176 3198 288 3267 oculos
304 3204 395 3266 tanto
412 3197 585 3266 iocundius
601 3199 635 3264 in
650 3218 728 3267 suos
743 3198 857 3266 fideles
873 3199 997 3285 iniciat,
1022 3205 1146 3284 quante
1162 3200 1237 3286 ipsa

30 3335 31 3338 ι
115 3303 260 3388 fidelitas,
285 3323 344 3390 per
369 3323 467 3389 quam
492 3306 619 3390 Regum
642 3306 891 3392 Regnorumque
918 3309 1059 3374 omnium
1083 3309 1237 3394 potencia

116 3411 292 3496 roboretur,
309 3413 424 3480 ceteris
440 3413 614 3480 virtutibus
631 3413 774 3499 politicis
792 3420 841 3482 est
854 3417 968 3484 merito
980 3416 1185 3504 preferenda,
1202 3423 1235 3484 et

116 3518 328 3604 amplioribus
353 3523 488 3607 premiis
516 3521 700 3609 attolenda3
734 3525 926 3608 praesertim
951 3545 1022 3592 cum
1052 3525 1234 3593 bominibus

114 3625 239 3695 infectis
251 3629 435 3714 corruptela
447 3630 549 3698 seculi
566 3631 777 3718 senescentis,
795 3651 859 3716 quc
869 3631 974 3700 rarior
984 3633 1179 3719 repperitur,
1197 3652 1236 3700 eo

115 3735 216 3803 carior
232 3737 276 3804 sit
292 3737 445 3806 habenda
460 3745 492 3805 et
507 3738 681 3806 ardencius
708 3740 936 3827 amplexanda.
962 3741 1034 3808 Hac
1049 3740 1148 3826 igitur
1164 3759 1236 3806 con-

114 3839 315 3912 sideracione
330 3844 454 3912 inducti
479 3853 590 3913 tenore
605 3846 808 3931 presencium
828 3848 919 3938 scire
938 3848 1084 3926 uolumus
1109 3846 1235 3914 univer·

30 3989 31 3992 =
115 3969 175 4036 sos,
193 3950 369 4034 quodcum
385 3949 497 4018 fideles
525 3951 628 4020 nostri
644 3950 785 4038 Stephco
801 3953 918 4022 (lomes
935 3961 967 4020 et
983 3954 1088 4022 Jacou
1103 3953 1162 4020 lilii
1179 3953 1236 4021 (io-

114 4056 198 4124 mitis
212 4059 382 4144 Stephani,
401 4055 576 4142 Gregorius
593 4065 626 4125 et
635 4061 755 4128 Daniel
771 4059 886 4128 Comes
903 4060 962 4126 filii
981 4059 1115 4128 Bribine
1130 4058 1234 4128 Comi-

30 4155 31 4200 l
114 4165 163 4249 tis,
180 4173 212 4232 ct
225 4165 349 4253 Obrad,
376 4185 517 4233 necnon
535 4175 567 4234 et
593 4175 730 4254 nepotes
746 4171 826 4254 eJus,
843 4170 903 4236 filii
929 4167 1082 4236 uidelicet
1103 4167 1236 4238 Comitis

30 4335 31 4338 ,
112 4272 278 4360 Bndyulei,
292 4274 428 4344 Nobiles
439 4275 480 4342 de
490 4275 657 4361 Breberic,
675 4278 861 4364 eprimeuis
874 4279 1021 4364 ipsorum
1037 4278 1236 4366 temporibus

112 4383 254 4466 paternis
272 4384 423 4468 uestigiis
448 4385 633 4455 inherentes
649 4392 718 4453 tarn
733 4394 829 4471 grata
853 4406 981 4473 semper
998 4385 1166 4455 fidelitatis
1182 4389 1237 4457 cb-

30 4553 31 4576 ,
113 4491 224 4574 sequia
249 4498 282 4559 ct
307 4493 428 4578 ubique
453 4493 635 4562 attollenda
661 4513 770 4563 coram
786 4496 907 4564 Nostro
926 4496 1107 4566 Maiestatis
1133 4498 1235 4566 oculis

30 4679 31 4690 2
110 4597 283 4668 studiosius
309 4599 533 4688 impedissent,
561 4609 596 4670 ut
611 4604 808 4690 expugnatis
825 4613 858 4672 et
883 4605 1035 4690 effugatis
1061 4605 1235 4690 Damoldo,
