3102 5160
107 1146 128 1210 1
134 1147 165 1210 V.
179 1146 265 1212 Iaces
284 1151 378 1234 pcipe
392 1169 432 1211 oz
456 1161 543 1210 owse
559 1145 668 1229 sdldrc
684 1139 865 1228 (monetet
887 1143 1085 1233 Galiczs'o'ba)
1110 1147 1229 1212 kdlddtt

107 1252 255 1319 ἒόυαέιιιΙι
277 1251 468 1339 mepeapeds',
491 1252 574 1338 kopp
587 1275 608 1317 a
622 1252 748 1318 ezriletcis
765 1254 1032 1340 meapdemepe
1052 1254 1228 1340 tdrppdbaa

428 1356 603 1441 felmcntdet
617 1357 783 1424 actam
799 1354 898 1424 1247.

207 1549 417 1620 Innocentius
441 1549 624 1638 Episcopus
650 1569 763 1619 servus
787 1570 937 1620 servoum
962 1553 1024 1621 Dei
1047 1553 1226 1622 venerabili

102 1659 193 1726 fratri
209 1713 216 1726 .
235 1706 245 1724 .
262 1707 270 1723 .
285 1655 541 1744 Archiepiscopo
557 1657 702 1744 Pruseie,
728 1656 865 1726 Livonie
879 1666 914 1726 et
928 1659 1072 1746 Estouie,
1088 1661 1226 1748 Aposto-

101 1767 163 1835 liee
192 1763 288 1834 Sedis
319 1767 446 1853 Legato
476 1765 616 1833 salutem
647 1770 681 1833 et
703 1765 927 1853 Apostolicam
958 1765 1225 1837 benedictionem.

100 1875 292 1944 Deuotionis
322 1879 378 1943 tue
408 1873 560 1962 precibus
589 1873 764 1960 benignum
791 1873 1014 1962 impertientes
1044 1895 1226 1962 assensum,

101 1981 313 2072 dispensandi
328 1982 363 2050 in
377 1983 496 2051 Bessis
519 1981 669 2069 partibus
694 1982 983 2070 compatientibus
1007 1984 1155 2072 geniture
1173 1985 1226 2054 dc·

102 2093 231 2177 fectum,
247 2089 424 2158 dummodo
439 2110 505 2158 non
515 2089 584 2158 siut
598 2088 641 2160 de
655 2089 850 2178 adulterino,
871 2093 925 2161 vel
940 2092 1124 2162 incestuoso
1138 2093 1226 2162 coitu

102 2201 273 2288 procreati,
299 2207 336 2268 ut
350 2199 395 2268 ad
411 2219 525 2269 saeros
549 2199 679 2270 ordines
695 2200 889 2289 promoveri,
914 2208 947 2269 et
971 2201 1225 2270 ecclesiasticum

99 2308 290 2376 beneficium
308 2307 455 2376 obtinere
469 2308 622 2395 valeant,
651 2315 684 2377 et
700 2310 801 2378 etiam
816 2327 890 2376 cum
905 2309 984 2394 iilis,
1000 2311 1056 2394 qui
1072 2309 1225 2396 irregula-

98 2419 226 2485 ritatem
252 2417 397 2504 aliquam
422 2417 634 2504 incurrerunt,
662 2417 779 2486 extuli
801 2437 888 2504 casu,
912 2419 947 2485 iu
971 2437 1034 2502 quo
1059 2413 1226 2484 consucvit

98 2525 197 2594 Sedes
212 2519 410 2614 Apostolica
435 2523 639 2611 dispensare,
663 2525 794 2612 plenam
810 2525 868 2592 tibi
888 2523 1094 2592 consedimus
1119 2527 1225 2590 oucto-

100 2635 193 2700 ritatc
217 2631 434 2720 presentium,
457 2629 657 2700 facultatem.
683 2633 804 2700 Datum
827 2630 978 2718 Lugduni
1001 2633 1039 2698 V.
1063 2629 1225 2697 kalendae

100 2739 312 2828 Septembris.
330 2737 543 2808 Pontificatus
558 2739 661 2808 nostri
679 2759 766 2810 anno
781 2738 903 2827 quinto.

441 2933 604 3006 (iburgener
613 2937 650 2990 id.
662 2939 730 2994 md.
742 2937 799 2991 tet
812 2939 855 2991 tt.
868 2935 898 3003 i)

621 3725 697 3795 lot.

138 3929 161 3993 Ι
168 3927 201 3993 V.
219 3928 308 3996 Inczc
317 3929 410 4016 pcipe
425 3925 631 4014 opponodboz
646 3930 677 3992 ds
691 3947 878 4012 uppasoeon
895 3925 1063 3991 ebdonsben.
1081 3921 1179 3988 1247.

203 4125 415 4195 Innocentius
430 4123 616 4212 Episcopus
641 4141 755 4190 sservu
779 4139 945 4190 servorum
964 4120 1026 4188 Dei
1045 4121 1226 4190 venerabili

94 4233 188 4302 ostri
205 4281 214 4300 .
232 4281 242 4300 .
258 4281 266 4299 .
283 4232 540 4321 Arcbiepiscopo
563 4229 718 4316 nivonis,
742 4229 876 4298 listonio
901 4237 934 4298 et
962 4228 1113 4318 Prussie,
1139 4232 1226 4319 Apo·

94 4341 211 4411 atoliee
236 4339 334 4410 Sedis
350 4339 476 4428 Legato
501 4338 640 4409 edutsm
656 4343 689 4406 et
702 4335 928 4426 Apostolioam
953 4336 1225 4410 benedictionem.

96 4449 175 4518 dum
191 4449 252 4517 tibi
268 4453 337 4516 tam
352 4449 387 4516 iu
402 4445 541 4515 Prussia
555 4463 653 4532 quem
669 4447 704 4514 in
716 4446 838 4515 Ruesia
853 4443 1028 4516 ordinandi
1042 4447 1226 4537 Episcopus

95 4560 227 4645 plenam
254 4556 511 4626 concesserimus
534 4554 742 4642 facultatem,
766 4553 917 4643 predicta
941 4555 1002 4622 tibi
1030 4557 1225 4624 auctoritate

98 4663 316 4751 concedimus,
344 4669 380 4733 ut
404 4683 476 4734 cnm
501 4681 585 4749 uno,
612 4681 707 4748 quem
731 4663 776 4732 ad
799 4660 1009 4732 Pontificatus
1033 4661 1224 4748 dimitetern
