3112 5148
548 323 710 426 -ιρι-

67 523 108 590 u'o
120 521 217 588 lino
245 527 280 586 et
304 520 397 586 Duee
412 518 520 585 tocius
533 519 715 605 Sunumie,
741 518 907 586 Demetrio
922 519 1038 586 Judiee
1053 518 1128 585 sule
1142 539 1196 588 uo·

66 639 121 698 stre
134 637 171 697 et
185 629 321 699 comite
343 628 559 713 Musunieusi
574 627 724 696 Boletum
743 625 903 713 Magistro
919 625 1149 714 Dupiierurum
1165 635 1198 692 et

65 739 181 808 comme
194 736 429 824 Supruuiensi,
446 736 602 804 liuurieio
612 736 770 821 Magistro
780 735 1011 802 Pineeruerum
1022 741 1055 802 et
1070 734 1196 804 Gemite

64 847 233 930 Jsmimsi,
252 843 423 932 stepusm
442 843 603 928 Magistro
611 843 804 929 Agsrouum
823 849 857 909 et
871 840 1196 926 OomitedeVrlusuu,

65 952 200 1021 iruuldo
227 950 403 1036 Nitrimui,
428 949 590 1018 Bulrluiuo
612 949 726 1017 Ferrei
742 947 850 1016 (lustri
866 949 1058 1032 comitibus,
1074 954 1107 1015 et
1121 948 1198 1032 eliis

65 1077 153 1145 quern
167 1057 328 1146 pluribus
343 1056 527 1127 Comitatus
544 1067 577 1126 et
590 1057 804 1143 Magistratus
820 1057 1013 1141 tenentibus,
1033 1075 1118 1124 euuo
1135 1057 1198 1121 Du

65 1169 173 1235 miuiee
188 1168 444 1234 lneemsoiouis
460 1165 845 1252 M⁶OO⁰qunsirsgesimo
870 1173 985 1249 quarto
1010 1165 1136 1232 deoimo
1152 1181 1200 1229 se

68 1275 161 1360 pu'mo
174 1273 347 1341 kalmdss
362 1273 446 1359 Julij
462 1273 570 1358 Regni
582 1282 693 1341 eutem
712 1271 818 1339 uestri
833 1290 919 1339 euno
934 1291 1031 1341 nouo.

76 1473 243 1523 Autumni
264 1468 459 1538 kiptduunslr
484 1471 595 1522 lew-ki
617 1471 767 1532 „Nieoluuo
779 1469 850 1522 iilius
864 1469 999 1522 Johuuuis
1012 1467 1062 1520 filii
1073 1467 1153 1520 lieris
1166 1467 1200 1518 de

68 1562 200 1614 vrbuusr‘*
215 1558 346 1614 “imita
359 1563 448 1624 ‚fieris
462 1563 488 1612 5.
501 1576 574 1628 prom
585 1567 647 1626 post
657 1561 756 1612 festum
769 1560 897 1612 Omnium
906 1557 1084 1610 sanctorum
1093 1557 1201 1610 kiudott

289 1647 448 1711 itiustfibol
462 1665 480 1701 s
493 1649 575 1702 budei
586 1650 638 1700 lrir.
652 1650 776 1702 inmersi
788 1644 978 1714 lerelttrbeu).

510 1929 765 1943 m

604 2409 681 2479 1⁰4.

70 2593 124 2657 W.
141 2595 223 2659 Be'la
250 2592 422 2678 kirdlynok
439 2591 555 2671 Ιιοόιιν,
589 2590 701 2670 Velim,
722 2587 868 2655 Cleoonil
884 2603 913 2654 et
927 2591 1102 2677 Zloponam
1116 2590 1201 2674 hely-

70 2701 182 2785 ur'pslrre
200 2697 376 2764 wnaikozd
401 2697 591 2784 adomdopa,
617 2695 753 2784 Melctlp,
779 2697 895 2762 Buzad
910 2699 1035 2782 fiduak,
1069 2695 1204 2762 Varuede'

420 2803 555 2890 fdeepdn
569 2810 727 2870 ειάιιιάνα.
744 2803 841 2868 1244.

172 2999 648 3085 BelsDeigreoisHuugerie‚
664 3000 845 3084 Delmeeie,
862 3001 1074 3080 Choroaohie
1091 3001 1202 3081 Rome,

69 3111 191 3192 Seruio,
203 3107 383 3190 Gellieluie²
394 3107 598 3192 Ledomerie‚
606 3106 903 3192 OumauiequeRex
913 3110 1072 3177 uniuersis
1083 3107 1204 3175 Oluristi

70 3215 221 3284 ielehlms
247 3219 421 3301 presentes
445 3214 573 3282 litteras
589 3215 787 3300 inspeoturis
803 3217 941 3284 salutem
957 3217 991 3284 iu
1007 3235 1056 3302 eo,
1074 3217 1130 3300 qui
1145 3217 1204 3282 Re-

72 3323 164 3406 gibus
191 3323 256 3388 dut
279 3323 430 3388 salutem.
456 3323 494 3388 lu
518 3327 645 3407 purtem
671 3321 759 3389 eedit
777 3324 1005 3392 sollicitudinis
1020 3324 1204 3408 illustrium,

72 3431 386 3516 summepeooionls
401 3447 461 3496 sue
477 3431 588 3498 oeulos
604 3447 702 3516 super
720 3432 891 3499 uniuersos
907 3433 971 3500 sibi
988 3433 1134 3499 subditos
1144 3431 1203 3494 ini·-

74 3557 154 3622 oere,
179 3545 218 3605 et
242 3539 349 3606 bonos
373 3559 433 3624 pro
459 3544 620 3624 sppersto
643 3540 734 3606 luero
749 3559 966 3624 remunerere,
984 3559 1114 3608 seruum
1130 3557 1206 3606 uero

73 3653 258 3731 torpentem
283 3645 327 3709 ab
354 3663 451 3730 opere
475 3647 561 3712 bono
577 3644 833 3731 eundempuere;
850 3649 1021 3733 uulpeeule
1038 3667 1127 3729 uero,
1144 3667 1207 3732 que

74 3755 247 3820 multorum
273 3751 523 3836 perpetreeioue
547 3753 707 3820 mulorum
730 3755 835 3838 Regni
859 3757 962 3820 eoiem
980 3753 1136 3820 sublimes
1152 3753 1206 3819 (le

74 3861 263 3944 moliuntur,
290 3858 460 3944 sepieuuis
484 3861 560 3947 oapi
583 3861 711 3946 debent,
737 3867 774 3928 ut
787 3863 920 3929 liberius
937 3865 1064 3950 possint
1079 3861 1157 3928 boni
1172 3861 1206 3924 iu

73 3967 125 4032 uis
148 3966 386 4034 meatorum
410 3966 542 4035 Domini
564 3969 741 4034 ambulare.
767 3968 908 4035 Proinde
924 3970 967 4036 ad
983 3969 1207 4036 uniuersorum

72 4075 283 4159 premium
300 4079 333 4138 et
348 4081 552 4158 posterorum
567 4074 722 4141 noticiam
743 4073 856 4141 herum
872 4075 958 4142 serie
974 4075 1122 4142 uolumus
1138 4093 1208 4160 per-

74 4181 198 4264 uenire,
228 4178 319 4264 quod
343 4176 483 4246 dileetus
509 4186 541 4246 et
556 4179 662 4247 fidelis
677 4187 788 4247 noster
805 4179 946 4246 Miehael
962 4178 1077 4246 (lomes
1094 4179 1135 4246 de
1151 4180 1209 4246 Vo

74 4289 157 4374 rosel,
174 4288 287 4354 freter
295 4285 409 4352 Buued
418 4284 564 4373 Comitis,
582 4289 763 4374 eprimeuo
776 4289 920 4375 puerieie
939 4295 1049 4355 nostre
1064 4295 1210 4373 tempore

72 4397 224 4464 exhibuit
248 4393 349 4461 uobis
365 4393 545 4460 emiueueie
559 4393 727 4462 fidelitatis
750 4415 853 4481 opere
867 4394 1048 4462 liberaliter
1064 4401 1097 4461 et
1111 4398 1212 4465 libeu-

74 4518 131 4589 ιιι,
147 4505 238 4574 adeo
256 4511 296 4570 ut
310 4510 422 4572 nostro
438 4503 546 4571 adhue
570 4513 683 4572 tenero
700 4505 795 4572 lateri
815 4506 941 4572 erdeuti
958 4505 1121 4575 desiderio
1138 4525 1207 4572 eou-

71 4615 213 4698 metus,
232 4613 270 4678 iu
288 4610 441 4680 eustodia
456 4617 489 4678 et
505 4613 646 4678 tuioioue
671 4631 811 4696 persone
826 4621 937 4679 nostre
955 4614 1037 4679 nulli
1053 4633 1089 4680 se
1105 4621 1138 4678 et
1152 4633 1212 4677 sus
