3148 5156
825 803 902 872 823.

306 1008 327 1074 Ι
332 1008 365 1074 V.
390 1008 472 1074 Rota
494 1007 599 1093 hircilp
619 1004 748 1070 Choroule
770 1003 903 1070 durator
926 1005 1088 1091 Wipmdui
1111 1005 1222 1072 Eudae
1246 1029 1344 1075 eomes
1359 1011 1390 1070 e'e
1416 1029 1436 1070 o

561 1115 681 1199 Irirdtpr'
696 1113 835 1178 loociszole
849 1113 917 1182 hezo
931 1113 1063 1180 raudai.
1080 1115 1177 1180 1257.

413 1313 496 1380 bela
505 1313 567 1380 Dei
581 1312 695 1396 graoia
705 1311 885 1396 Hungarie,
894 1310 1073 1399 Dalmaeie‚
1090 1311 1235 1399 Orouoie,
1243 1315 1355 1400 Reme,
1364 1312 1437 1382 See

306 1424 371 1508 uie,
398 1420 550 1505 Gallioie,
574 1416 777 1506 hodomerie,
802 1417 1024 1504 numerisque
1048 1422 1117 1490 Rex
1143 1419 1292 1490 omnibus
1317 1421 1437 1506 quibus

305 1534 471 1614 presentes
487 1526 703 1617 ostenduntur
717 1533 785 1596 mm
808 1527 1015 1616 presentibus
1039 1546 1136 1611 qurum
1152 1527 1269 1598 futuris
1293 1527 1436 1597 salutem

305 1637 338 1703 in
362 1637 507 1706 omnium
531 1636 709 1706 saluatore
731 1634 825 1706 Lieet
849 1635 1077 1705 munifieeneie
1090 1637 1225 1721 Regalis
1240 1638 1437 1706 immensitas

306 1747 349 1816 ad
374 1745 537 1832 quoslibet
559 1766 658 1814 manu
684 1744 838 1831 largitlua
862 1765 898 1813 se
924 1743 1046 1812 habere
1070 1741 1200 1828 debeat;
1222 1745 1301 1812 illos
1326 1750 1440 1814 tamen

308 1855 469 1924 uberioris
494 1861 528 1924 et
552 1855 723 1941 amplioris
759 1857 870 1942 grauis
902 1853 1061 1922 henefioio
1095 1853 1206 1922 fouere
1245 1857 1372 1922 tenetur
1405 1860 1438 1921 et

306 1963 470 2048 amplecti,
487 1982 622 2048 quorum
638 1963 787 2032 inmense
803 1961 976 2031 fidelitatis
992 1961 1214 2030 constantiam
1229 1979 1288 2046 per
1312 1961 1437 2045 experi-

306 2075 417 2137 menta
433 2068 549 2136 didioit
565 2076 598 2138 et
612 2090 738 2136 morum
754 2071 958 2140 honestatem
974 2069 1095 2154 iugiter
1111 2066 1327 2156 oomprobari.
1357 2066 1436 2135 Pro·

304 2176 439 2244 indeed
455 2176 681 2270 uniuersorum
707 2179 862 2248 notioiam
879 2177 1029 2246 volumus
1055 2176 1236 2263 peruenire,
1261 2173 1349 2260 quod
1364 2194 1437 2242 eum

304 2291 426 2352 terram
452 2286 582 2353 nomine
596 2285 734 2355 Ghonuk
758 2307 859 2373 prope
875 2285 1247 2373 wigman-existentem,
1279 2301 1343 2370 que
1357 2301 1436 2366 aga·

305 2413 423 2460 nonum
439 2400 622 2462 nostrornm
638 2395 755 2482 fuerat,
780 2415 853 2463 oum
878 2416 983 2466 vaona
999 2402 1032 2462 et
1056 2393 1207 2462 desolata
1221 2398 1298 2480 post
1321 2391 1436 2458 Tarta·

303 2521 358 2568 ros
386 2501 607 2588 remansisset,
639 2504 761 2574 dileeto
787 2511 819 2572 et
844 2503 934 2571 fideli
960 2510 1069 2572 nostro
1095 2499 1214 2570 Comiti
1239 2499 1370 2567 Andros
1395 2499 1438 2568 de

305 2613 459 2696 wigman
474 2633 534 2702 pro
544 2615 696 2701 sernieijs
712 2619 746 2681 et
760 2613 987 2700 fidelitatibus,
1004 2634 1085 2700 quus
1102 2611 1197 2680 nobis
1213 2610 1437 2679 indesinenter

306 2719 510 2807 exhibuerat,
532 2743 591 2810 pro
607 2723 725 2809 quibus
743 2723 1009 2792 remuneracione
1025 2721 1180 2809 ampliori
1196 2721 1311 2789 merito
1327 2719 1437 2788 iuerat

304 2828 518 2916 attollendus,
540 2830 582 2898 de
598 2829 804 2916 plenitudine
819 2837 930 2898 nostre
945 2830 1055 2914 graeie
1071 2831 1340 2918 contulissemus3
1365 2835 1436 2895 tau·

304 2936 378 3006 dem
394 2957 467 3006 eum
483 2937 617 3022 quidam
633 2939 840 3027 postmodum
857 2939 899 3007 de
914 2939 998 3025 ipsis
1021 2939 1233 3024 agazonibus,
1257 2938 1314 3024 qui
1329 2937 1436 3024 primo

304 3049 410 3134 ipsam
431 3055 550 3116 terrum
577 3048 814 3136 inhabitabant,
838 3049 979 3135 dispersi
1006 3068 1065 3134 per
1084 3051 1243 3118 Tamaros
1260 3048 1437 3134 rediJsseut

304 3162 449 3222 nostram
464 3155 710 3225 Exeelleneiam
725 3155 943 3244 imploraturi,
970 3163 1004 3224 vt
1019 3157 1199 3244 prodieram
1214 3163 1338 3224 terram
1353 3155 1437 3242 ipsis

301 3263 473 3331 restituere
490 3263 523 3329 di
536 3283 728 3352 gauranum
743 3265 846 3350 Regia
861 3263 1066 3352 benignitate
1082 3261 1206 3331 iuduoti
1219 3263 1359 3331 terciam
1376 3284 1437 3348 par

301 3377 366 3439 tem
382 3369 528 3440 eiusdem
553 3377 638 3440 terre
663 3375 745 3461 ipsis
761 3374 959 3458 agasonibus
980 3391 1040 3459 per
1056 3374 1184 3441 fidelem
1210 3379 1241 3440 et
1266 3372 1427 3442 dileetum

301 3484 448 3548 nostrum
470 3479 663 3564 Magistrum
687 3480 903 3566 smaragdum
928 3482 1104 3550 Albensem
1120 3481 1327 3568 Propositum
1351 3481 1430 3548 aule

300 3593 412 3656 nostro
427 3587 759 3658 viee-Ganeellarium
775 3592 939 3676 assignari
955 3589 1110 3676 fecimus3
1132 3587 1214 3658 duas
1230 3593 1341 3674 partes
1368 3587 1438 3656 eo·-

304 3697 376 3763 miti
391 3696 529 3782 Andree,
556 3703 589 3766 et
603 3718 662 3784 per
676 3720 749 3768 eum
774 3701 843 3768 seis
859 3697 1044 3784 heredibus,
1067 3698 1290 3781 heredumque
1305 3716 1433 3765 summ·

300 3807 429 3874 sorihns
438 3813 595 3895 perpetuo
605 3807 828 3894 relinquendo,
837 3815 1007 3894 utramque
1015 3814 1145 3892 terrum,
1155 3804 1314 3874 videlieet
1331 3825 1431 3892 quam

300 3915 498 3996 agasonibus
523 3916 746 4002 restituimus,
768 3923 801 3984 et
825 3937 921 4003 quam
945 3915 1065 3985 Comiti
1080 3915 1212 3982 Andree
1225 3913 1437 4000 reliquimus,

299 4021 402 4088 certis
418 4025 515 4092 metis
531 4023 673 4110 undique
697 4026 846 4110 separari
872 4023 1017 4093 seeimus.
1043 4023 1190 4104 Quarum
1207 4020 1340 4107 quidem
1356 4019 1436 4092 dua-

301 4149 371 4196 rum
387 4132 536 4218 pareium
552 4137 640 4200 terre
654 4138 751 4215 mete,
775 4153 857 4219 quas
874 4131 940 4219 ipsi
955 4132 1075 4200 Oomiti
1091 4129 1223 4198 Andree
1240 4129 1438 4216 reliquimus

215 4301 219 4310 .
299 4235 361 4304 hoo
384 4237 500 4306 ordine
525 4237 766 4326 distinguntur3
791 4247 887 4326 prout
912 4241 999 4310 idem
1024 4239 1131 4308 tidelis
1147 4243 1260 4306 noster
1277 4233 1437 4308 Albensis

300 4345 487 4431 Propositus
497 4349 592 4416 nobis
610 4349 644 4415 in
654 4349 787 4435 seriptis
798 4350 1013 4435 presentauit.
1037 4347 1156 4434 Ineipit
1172 4347 1260 4415 enim
1274 4345 1310 4414 in
1324 4347 1436 4433 eapite

300 4453 466 4522 euinsdam
479 4457 576 4542 fosse,
594 4456 648 4526 vbi
664 4461 895 4543 eontinguatur
911 4457 1078 4527 torrehbe
1089 4456 1277 4544 jobagionis
1287 4457 1435 4544 Reginoi
1515 4471 1519 4484 '

301 4559 378 4625 inde
401 4562 493 4628 vadit
519 4565 553 4630 in
578 4573 698 4632 terrum
723 4568 899 4652 inoultam,
933 4587 996 4652 que
1020 4591 1079 4654 pop
1097 4572 1239 4649 voeatur,
1264 4565 1308 4632 ad
1333 4573 1436 4651 eaput
