3134 5150
823 270 982 371 —aa-

337 471 478 554 iudioia,
503 470 719 556 periculosum
742 466 898 533 existeret
921 469 1053 551 propter
1075 463 1202 530 uiarum
1217 461 1409 529 discrimina
1435 465 1466 526 et

337 581 406 646 alia
421 576 660 662 contingencia,
681 575 716 642 in
732 573 979 657 quibuscunque
993 571 1125 639 iudiciis
1140 571 1321 657 principale
1335 569 1466 655 priuile-

337 687 427 772 mum
442 685 606 754 exhibere.
631 683 701 749 Nos
728 681 828 765 igitur
856 679 960 766 ipsius
986 678 1080 746 iustis
1105 677 1258 765 precibus
1283 684 1379 766 grato
1396 696 1467 744 con-

336 805 502 862 currentes
515 811 661 874 assensn,
681 787 930 856 cunctacionem
941 786 1064 854 domini
1073 785 1258 871 innocencij
1268 787 1358 872 Paps
1373 786 1466 870 tercij

336 921 433 987 super
448 899 619 986 priuilegio
635 897 740 964 felicis
756 894 996 962 recordacionis
1010 894 1123 961 Sancti
1131 895 1232 980 Regis
1247 893 1418 979 Stephani,
1435 899 1467 958 et

336 1006 537 1076 sentenciam
562 1002 708 1070 eiusdem
723 1003 886 1070 dominil.
903 1002 993 1088 Papc
1016 1001 1119 1067 latam
1136 1007 1249 1068 contra
1268 996 1466 1088 Episcopum

337 1114 614 1201 vesprimiensem
623 1132 682 1199 pro
698 1110 834 1178 decimis
844 1108 1049 1194 simigiensis
1060 1107 1251 1191 Comitatus,
1268 1107 1467 1193 perfidelem

338 1221 578 1290 Oanccllarium
593 1229 739 1290 nostrum
754 1217 913 1288 Mathiam
928 1217 1137 1302 Propositum
1152 1217 1410 1300 Zagrabienscm
1422 1218 1467 1282 in·

338 1330 423 1418 spici
437 1329 572 1396 fecimus
584 1333 616 1394 et
624 1327 769 1412 rescribi,
786 1331 883 1409 atquc
895 1324 997 1409 sigilli
1007 1323 1109 1391 nostri
1120 1321 1295 1390 munimine
1304 1323 1466 1409 insigniri.

340 1437 484 1516 Quorum
500 1443 592 1502 tenor
608 1435 685 1502 talis
701 1441 776 1501 est:

446 1545 654 1612 Innocentius
671 1542 852 1628 Episcopus
869 1560 981 1608 seruus
999 1559 1165 1608 seruorum
1180 1539 1243 1606 Dei
1259 1540 1322 1605 atb.
1340 1540 1468 1622 (hovet-

338 1653 435 1720 kczik
450 1655 509 1721 ΠΙ.
521 1655 615 1720 lucae
631 1653 787 1739 paptnak
799 1649 935 1718 laissi
949 1650 1084 1735 bulltja,
1103 1649 1184 1716 mint
1200 1670 1221 1716 a
1230 1650 1322 1734 jelen
1338 1651 1468 1735 gydjte-

341 1763 437 1844 mdny
452 1759 478 1826 I.
495 1760 672 1826 kbtetdben
687 1759 763 1826 228.
780 1775 824 1822 su.
843 1754 889 1844 a.)

495 1974 633 2036 (Eredstic
647 1989 664 2024 a
675 1972 867 2038 pannonbalmi
881 1967 1082 2038 fbapbtsdgnak
1094 1965 1301 2036 lsrdltdrdban.)

771 2253 1039 2264 -—-—.—..

879 2755 934 2821 20.

291 3043 292 3046 ¹
342 2951 363 3014 J
368 2949 402 3014 V.
421 2948 500 3012 Βέὶα
516 2948 623 3032 barely
639 2971 678 3012 uz
703 2952 887 3035 materqami
903 2951 1055 3036 epyba'zot
1069 2949 1136 3036 sup
1160 2955 1191 3015 e's
1206 2951 1293 3016 ans
1309 2952 1392 3013 cecil
1399 2949 1471 3034 sbi-

619 3056 678 3118 deb
693 3056 879 3120 birlclodbuu
892 3058 1079 3143 ceepcrdaiti.
1101 3058 1198 3124 1237.

447 3249 528 3315 Bcla
543 3249 605 3314 Dei
622 3247 733 3334 gracia
749 3250 819 3316 Rex
834 3251 1003 3335 Hungarie
1028 3250 1178 3317 omnibus
1200 3258 1368 3338 presentes
1384 3251 1472 3318 litte-

341 3377 396 3423 ras
412 3356 615 3442 inspecturis,
632 3356 771 3422 salutem
787 3357 820 3422 in
836 3377 915 3424 uero
932 3358 1079 3424 salutari.
1105 3357 1158 3424 Ad
1173 3359 1327 3427 noticiam
1342 3359 1473 3428 uniuer-

342 3485 462 3548 sorum,
478 3469 546 3529 tam
562 3463 799 3550 modernorum,
826 3484 923 3548 quam
938 3463 1127 3550 futurorum,
1148 3464 1264 3537 harum
1278 3467 1363 3533 serie
1378 3469 1473 3534 uolu-

341 3591 413 3636 mus
437 3569 618 3656 peruenire,
645 3569 731 3654 quod
746 3591 820 3637 cum
835 3569 957 3637 Diuina
973 3572 1102 3639 fauente
1127 3573 1241 3656 gracia
1265 3594 1325 3660 per
1342 3594 1473 3644 succes·

341 3681 465 3746 sionem
482 3687 652 3764 paternam
666 3679 772 3762 Regni
788 3680 945 3763 regimine
963 3679 1006 3746 ad
1022 3699 1081 3747 nos
1097 3679 1260 3764 deuolute,
1285 3681 1473 3766 superfluas

340 3795 372 3856 et
390 3785 522 3854 illicitas
533 3785 729 3854 donaciones
741 3789 994 3872 perpetuitatum
1004 3807 1247 3873 reuocaremus3
1264 3789 1342 3872 quia
1357 3791 1474 3856 Eccle-

341 3900 424 3965 siam
440 3895 697 3981 Strigonienscm
714 3897 748 3960 in
764 3897 923 3982 omnibus,
939 3896 973 3962 in
990 3896 1107 3980 quibus
1121 3917 1307 3984 possumus,
1328 3896 1474 3982 diligere

339 4003 547 4090 intendimus,
573 4003 654 4069 duas
670 4008 775 4070 terras
792 4003 900 4070 Oastri
916 4005 1047 4071 nominc
1064 4005 1132 4088 Sag
1148 4012 1181 4070 st
1195 4005 1298 4090 Ebed,
1316 4023 1397 4090 quas
1413 4006 1473 4090 pie

340 4113 494 4178 memorie
509 4111 658 4178 Andreas
672 4112 753 4195 Rex,
780 4117 1017 4197 paternoster,
1044 4118 1142 4178 antea
1168 4111 1294 4198 prefate
1318 4111 1473 4182 Ecclesia

341 4219 533 4300 contulerat,
559 4239 618 4284 nos
635 4217 765 4301 cognita
790 4217 972 4302 quantitate
997 4219 1208 4304 etqualitate
1232 4219 1382 4302 illarum;
1408 4237 1475 4304 per

340 4319 461 4386 Lucam
478 4321 636 4390 Comitem
652 4324 693 4390 dc
708 4325 829 4408 Hunth,
857 4325 987 4394 fidelem
1001 4331 1167 4410 nostrum,
1186 4331 1309 4392 terram
1326 4326 1403 4410 Sag,
1422 4327 1474 4392 ad

340 4427 489 4493 Castrum
501 4429 616 4510 ,Hunth
631 4434 854 4520 pertinentem,
873 4453 936 4518 que
952 4439 1060 4519 potest
1076 4433 1225 4500 sufficere
1241 4433 1314 4500 usui
1329 4431 1474 4499 duorum

339 4539 520 4600 aratrorum
544 4542 577 4601 et
592 4538 727 4624 dimidij,
755 4547 788 4606 et
801 4541 908 4608 locum
924 4541 1101 4609 molendini
1126 4561 1224 4627 super
1248 4559 1368 4624 aquam
1391 4541 1473 4626 Ipul
