3198 5160
608 259 762 366 Q

118 478 155 528 cc
171 459 421 530 benedictiones
436 459 624 530 monialium
640 461 834 530 auctoritate
849 459 945 529 Sedis
960 460 1150 548 Apostolioe
1165 461 1246 529 reci·

119 591 195 655 pere
211 569 364 638 valeatis.
392 571 473 636 Cum
489 574 600 634 autem
626 568 779 653 gencrale
805 567 1013 635 interdictum
1038 574 1125 636 terre
1139 567 1247 653 tuerit,

118 680 217 746 liceat
234 679 338 764 vobis,
355 679 476 746 clausis
492 676 611 764 ianuis,
638 672 927 746 excommunicatis
944 685 977 746 et
991 678 1179 746 'interdictis
1196 698 1250 744 ex·

119 785 228 872 elusis,
255 807 319 856 nou
336 785 476 872 pulsatis
501 785 682 872 campanis,
709 785 873 852 submissa
889 803 981 870 voce,
999 783 1120 850 Divina
1139 785 1250 853 cilicia

119 895 297 961 celebrare.
325 894 475 961 Obeuute
491 912 567 960 vero
584 899 627 977 te,
643 911 729 959 nune
745 891 891 960 eiusdem
909 893 974 960 loci
989 891 1178 982 Abbatissa,
1195 896 1250 963 vel

118 1011 249 1070 tuarum
273 1003 421 1086 qualibet
446 1001 650 1086 succedente,
677 999 768 1068 nulla
783 1001 830 1067 ibi
855 1001 1002 1087 qualibet
1026 1003 1248 1090 subreptionis

119 1110 245 1178 astutia
258 1131 317 1178 seu
342 1111 499 1178 violentia
515 1115 723 1198 preponatur,
748 1109 812 1177 uisi
829 1129 925 1195 quam
941 1129 1071 1178 sorores
1088 1115 1249 1179 communi

120 1241 294 1306 consensu,
322 1222 375 1288 vel
391 1241 503 1288 earum
520 1219 624 1288 maior
648 1241 724 1305 pars
740 1219 869 1286 consilii
894 1219 1046 1307 sanioris,
1070 1220 1249 1289 secundnm

120 1331 227 1397 Deum
255 1330 449 1414 stragulam
475 1327 676 1414 providerint
701 1327 900 1414 eligendam.
926 1331 1027 1398 Porro
1047 1329 1076 1396 si
1092 1329 1250 1418 Episcopi

121 1438 172 1503 vol
198 1436 259 1502 alii
285 1436 506 1504 Ecclesiarum
532 1438 686 1504 Rectores
701 1435 736 1502 in
760 1437 994 1504 ldonaaterium
1019 1443 1173 1523 vestrum,
1199 1439 1251 1506 vel

122 1564 285 1632 personas
301 1545 471 1628 regulares
486 1543 568 1612 inibi
577 1545 718 1612 Domino
734 1543 932 1612 famulantes
943 1545 1179 1635 suspensionis,
1197 1567 1251 1614 ex-

122 1653 425 1723 communicationis
458 1652 510 1721 vel
540 1651 704 1720 interdicti
735 1653 930 1719 seutentiam
961 1655 1250 1740 promulgaverint,

121 1763 228 1848 ipsam
259 1768 428 1846 tamquam
454 1768 568 1831 contra
592 1760 686 1830 Sedis
713 1761 900 1849 Apostolioe
929 1760 1057 1830 indulta
1088 1765 1251 1850 prolatam

122 1868 327 1936 deceruimus
352 1890 417 1936 non
433 1875 553 1936 tenere.
579 1868 660 1935 Paci
685 1888 813 1954 quoquc
837 1876 870 1936 et
888 1869 1119 1956 tranquillitati
1143 1880 1249 1940 vestre

122 1985 261 2064 paterna
276 1979 486 2064 imposterum
502 1975 723 2045 sollicitudine
739 1977 912 2066 providere
927 1979 1086 2066 volentes,
1110 1981 1251 2048 auetori-

123 2093 190 2154 tate
215 2073 411 2174 Apostolica
434 2085 643 2175 prohibemus
654 2138 663 2173 ,
692 2093 728 2153 ut
751 2087 839 2154 inira
865 2087 1036 2156 clausuras
1061 2089 1252 2159 lionasterii

123 2197 225 2262 vestri
251 2195 360 2263 nullus
387 2194 538 2281 rapinam
564 2213 622 2262 seu
645 2193 764 2262 lurtum
788 2195 917 2280 facere,
944 2195 1053 2280 ignem
1076 2218 1252 2285 apponere,

123 2305 318 2391 sauguinem
344 2303 490 2390 fundere,
515 2303 679 2371 hominem
703 2310 825 2370 temere
841 2324 959 2390 capere
985 2306 1037 2372 vel
1059 2306 1251 2394 interficere,

126 2434 183 2481 sec
199 2413 375 2481 violentias
394 2409 517 2478 audeat
542 2429 703 2478 exercerc.
730 2410 883 2478 Preterea
899 2431 1010 2478 omnes
1035 2413 1203 2482 libertates
1220 2425 1254 2482 ct

125 2523 359 2606 immunitates,
377 2519 667 2606 quasMouasterio
683 2524 794 2586 vestro
811 2519 1009 2586 venerabilis
1027 2521 1128 2590 frater
1142 2531 1253 2591 noster

127 2681 135 2696 .
152 2683 160 2697 .
178 2683 186 2698 .
203 2630 482 2716 Archiepiscopus
499 2629 671 2696 ledrensis
697 2628 738 2694 de
753 2629 896 2714 Capituli
920 2629 972 2696 sui
988 2650 1126 2700 assensu
1150 2631 1255 2698 indul-

125 2739 207 2807 sisse
236 2736 435 2824 dinoscitur,
461 2739 545 2804 sicut
570 2737 606 2814 in
630 2756 741 2804 eorum
765 2736 883 2805 litteris
907 2737 1037 2825 plenius
1062 2739 1253 2825 continetur,

126 2847 322 2915 auctoritate
337 2845 530 2934 Apostolica
554 2846 781 2913 confirmamus
796 2851 829 2913 et
845 2847 1005 2934 presentis
1029 2849 1142 2936 scripti
1158 2848 1255 2937 privi-

126 2951 214 3042 legio
232 2953 475 3022 commuuimus.
503 2955 664 3024 Teuorem
688 2961 798 3022 autem
812 2953 997 3024 litterarum
1022 2957 1166 3044 ipsarum
1184 2977 1255 3045 pre-

128 3065 230 3133 sentis
247 3063 413 3152 privilegii
427 3063 528 3131 inseri
543 3063 689 3151 lecimus,
707 3064 763 3150 qui
778 3064 855 3132 talis
872 3069 922 3132 est
939 3088 947 3130 ι

237 3171 324 3252 Quia
338 3171 430 3238 iuxta
455 3192 617 3241 canonum
641 3172 826 3240 sanctiones
850 3157 999 3240 benerei
1023 3172 1103 3240 dare
1128 3171 1255 3242 oonsul-

128 3289 195 3348 tum
211 3280 276 3348 stb.
294 3277 507 3366 (idvetkeaik
523 3279 659 3348 Ldriuoa
680 3279 792 3366 jadrai
808 3277 1128 3350 erselrnck'1260ld
1144 3281 1256 3351 ckmt-

129 3410 206 3476 uya,
223 3389 305 3456 mint
319 3388 418 3456 alabb
434 3390 511 3456 378.
528 3408 574 3458 sz.
590 3388 641 3477 a)
1204 3385 1207 3393 ’
1231 3367 1240 3386 ’

236 3497 451 3566 Decernimus
467 3518 556 3584 ergo,
583 3507 619 3565 nt
633 3497 717 3565 nulli
733 3497 901 3567 homiuum
924 3499 1025 3568 liceat
1039 3501 1127 3570 idem
1149 3505 1257 3570 Mona-

128 3606 264 3674 sterium
279 3613 401 3673 temere
416 3605 615 3692 perturbare,
642 3612 699 3674 aut
714 3607 784 3675 eius
799 3609 1027 3694 possessiones
1042 3611 1179 3698 auferre,
1203 3611 1257 3679 vel

130 3715 262 3782 ablatas
278 3715 426 3802 retinere,
444 3714 589 3782 minuere
599 3715 652 3781 vel
669 3715 850 3786 temerariis
866 3717 1094 3785 vexationibus
1104 3718 1256 3805 fatigare,

129 3821 188 3893 sed
203 3821 316 3890 omnia
331 3823 705 3909 integraoouserveutur
720 3845 840 3912 eorum,
866 3845 927 3912 pro
944 3845 1080 3909 quorum
1095 3825 1255 3910 guberna-

130 3934 224 4002 tione
239 3937 273 3998 et
296 3932 531 3999 sustentatione
543 3949 701 3999 concessa
715 3937 800 4016 sunt,
826 3931 937 3999 usibus
962 3931 1155 4002 omnimodis
1179 3955 1256 4022 pro-

127 4042 248 4127 futura,
267 4040 362 4108 salva
377 4039 410 4107 in
427 4041 576 4109 omnibus
586 4039 681 4108 Sedis
690 4039 878 4128 Apostolioe
887 4041 1089 4113 auctoritate.
1103 4042 1154 4110 Ad
1169 4041 1252 4111 iudi·

129 4149 217 4217 cium
232 4153 341 4216 autem
357 4148 453 4216 huius
468 4153 622 4237 precepta
638 4147 956 4237 aSedeApostolica
967 4148 1138 4237 libertatis,
1155 4171 1253 4220 uuam

129 4256 249 4324 libram
274 4277 348 4324 cere
372 4258 467 4326 uobis
478 4308 488 4343 ,
513 4256 699 4344 nostrisque
723 4257 967 4326 successoribus
994 4258 1090 4328 anuis
1117 4259 1258 4346 singulis

130 4365 336 4453 persolvetis.
356 4365 473 4452 Siqua
489 4366 589 4452 igitur
603 4365 638 4432 iu
654 4365 796 4435 futurum
812 4365 1039 4436 ecclesiastica
1058 4366 1258 4438 secularisve

130 4493 273 4560 persona
288 4473 374 4542 bano
384 4480 494 4544 nostre
510 4473 750 4542 constitutionis
765 4476 923 4563 paginam
933 4475 1039 4544 sciens
1056 4481 1169 4544 contra
1185 4497 1258 4545 eam

129 4593 255 4653 temere
269 4581 382 4652 venire
406 4581 629 4671 temptaverit,
653 4582 807 4672 secundo,
832 4585 977 4654 terciove
1000 4584 1207 4673 commonita,
1231 4585 1262 4654 si
