3102 5160
595 883 671 956 let.

85 1061 132 1126 ll'.
149 1062 222 1128 Belo
237 1062 405 1149 lirdlpnak
422 1065 540 1132 Mibcila‘
553 1073 630 1132 need
638 1069 741 1153 fulciet
757 1071 907 1157 tdrppuzo'
923 1073 1103 1162 adonainpc
1120 1067 1198 1142 Iuda

415 1174 447 1237 e'e
464 1175 559 1261 Lpter
573 1183 730 1242 szdnadro.
755 1177 850 1242 1246.
876 1234 879 1242 ,

176 1368 258 1436 Bela
274 1369 337 1436 Dei
363 1370 478 1454 gracia
500 1371 679 1460 Hungaric,
705 1375 887 1462 Dalmacic,
912 1376 1058 1465 Croucie,
1084 1381 1197 1465 Reme,

81 1475 191 1562 Seruis,
204 1475 356 1564 Gallicie,
377 1478 578 1565 Lcdcmerie,
593 1479 814 1564 Cumauicquc
824 1483 894 1550 Rex
904 1484 1063 1553 uniuersis
1077 1484 1198 1555 Christi

81 1582 220 1649 fidelibus
246 1591 315 1650 tam
332 1586 539 1670 presentibus
565 1607 663 1670 quarn
687 1588 805 1655 futuris
830 1599 1014 1676 presentem
1038 1594 1196 1679 paginam

82 1691 265 1774 inspecturis
280 1692 419 1760 salutem
435 1694 469 1760 in
485 1697 627 1762 omnium
644 1697 818 1765 saluatorc.
836 1700 929 1766 Licet
944 1701 1077 1785 Regalis
1093 1705 1195 1770 muni·

13 1791 14 1820 ¹
82 1797 204 1866 icencie
220 1799 407 1886 benignitas
431 1801 474 1870 ad
491 1805 655 1888 quoslibet
670 1827 767 1874 manu
783 1807 935 1891 largiflua
953 1809 1076 1878 habere
1091 1831 1126 1878 sc
1143 1811 1195 1880 de-

13 2003 14 2012 ,
83 1909 165 1995 beat,
183 1911 261 1978 illos
276 1918 388 1978 tamen
403 1914 564 1981 uberioris
581 1924 614 1981 ct
630 1916 799 2002 amplioris
817 1919 930 2000 gracie
945 1920 1100 1989 beneficio
1122 1939 1197 1988 con·

81 2016 180 2086 locere
196 2027 326 2086 tenetur
335 2027 369 2086 ct
385 2021 548 2106 amplecti,
566 2042 701 2106 quorum
717 2021 886 2092 fidelitatis
897 2027 1119 2093 constanciam
1140 2045 1200 2112 per

82 2127 298 2213 experimenta
313 2129 437 2214 didicit,
455 2135 488 2195 et
502 2149 626 2207 morum
643 2131 846 2198 honestatem
862 2130 995 2200 firmiter
1012 2135 1200 2221 comproba·

13 2217 14 2296 i
82 2243 148 2303 tun.
173 2236 229 2303 Ad
245 2235 470 2305 uniuersorum
496 2237 598 2322 igitur
617 2240 770 2306 noticiam
796 2241 911 2307 harum
938 2241 1023 2308 serie
1049 2243 1199 2309 nolumus

13 2359 14 2430 ξ
83 2345 257 2431 peruenire,
283 2347 370 2430 quod
386 2366 459 2412 cum
485 2346 595 2414 dilecti
620 2355 653 2414 et
667 2347 781 2414 fideles
805 2349 906 2416 nostri
921 2350 1080 2434 Magister
1092 2351 1199 2433 quen,

13 2495 14 2512 ι
83 2456 223 2542 etLyter
238 2454 326 2521 filins
343 2455 452 2542 Lyter,
479 2455 674 2542 aprimeuis
696 2456 841 2543 puericie
866 2457 1009 2544 ipsorum
1035 2464 1067 2524 et
1091 2464 1200 2525 nostre
1281 2462 1283 2466 ’

13 3731 15 3816 l

13 3817 15 3926 l

82 2563 275 2651 temporibus
299 2570 397 2649 grata
421 2565 519 2632 nobis
544 2564 713 2632 fidelitatis
739 2585 839 2652 opera
863 2565 1108 2652 inpendisseut;
1134 2585 1200 2630 ma·

82 2673 159 2738 xime
175 2681 289 2740 tamen
305 2692 344 2738 eo
361 2678 517 2758 tempore,
534 2691 599 2756 quo
609 2671 738 2739 Tartari
753 2673 902 2756 Regnum
916 2679 1062 2740 nostrum
1078 2671 1201 2739 Diuina

81 2779 289 2864 permissione
315 2779 434 2845 acerbe
458 2777 674 2865 flagellarunt,
702 2779 768 2866 ipsi
783 2779 966 2847 venerabili
991 2778 1077 2866 patri
1097 2777 1198 2846 Bene-

80 2885 159 2954 dicto
174 2885 434 2974 Arcbicpiscopc
450 2885 621 2953 Ooloccusi
636 2892 669 2952 et
686 2881 761 2952 aule
777 2893 888 2954 nostre
900 2885 1104 2953 Cancellaric
1123 2883 1199 2952 ade-

80 3003 195 3081 rentes,
211 2994 351 3064 lrcncsta
361 2993 529 3061 fidelitatis
540 3011 642 3080 opera
654 2993 729 3080 sibi,
746 2999 779 3060 et
794 2993 829 3062 iu
844 2994 915 3061 eius
929 3013 1071 3079 persona
1081 2992 1202 3061 Nostre

79 3102 280 3187 (telsitudiui,
305 3109 374 3169 tum
390 3119 505 3170 uersus
522 3107 634 3188 partes
658 3101 840 3169 maritimas
857 3100 962 3185 Regni
977 3101 1083 3168 nostri
1102 3119 1200 3186 nego·

79 3211 117 3296 cij
132 3211 296 3298 qualitate
312 3209 464 3294 exigente
476 3209 570 3278 uobis
586 3208 851 3296 procedentibus,
871 3215 939 3274 tum
955 3207 1061 3275 eciam
1075 3209 1109 3274 in
1126 3207 1202 3292 alljs

79 3321 225 3404 partibus
250 3318 357 3404 Regni
372 3317 476 3387 nostri
490 3315 584 3385 nobis
599 3315 885 3402 commorantibus,
905 3315 1132 3402 inpenderunt,
1160 3315 1203 3383 ad

80 3428 232 3496 bonorem
243 3429 392 3514 Regium,
409 3445 472 3508 que
482 3426 612 3493 lucrant
626 3431 818 3513 opportuna,
834 3421 972 3492 fideliter
981 3423 1203 3511 adimplendo,

80 3536 157 3604 adeo
175 3533 266 3618 quod
282 3541 315 3601 ct
338 3553 472 3601 numero
489 3540 521 3601 et
536 3533 651 3601 merito
677 3532 718 3599 de
734 3531 977 3618 obsequialibus
995 3531 1098 3599 nostri
1122 3531 1203 3598 late-

78 3647 117 3711 ris
133 3649 212 3712 suut
228 3663 294 3711 uon
310 3641 455 3709 indebite
470 3642 658 3728 computati.
686 3641 755 3707 Nos
771 3647 887 3727 autem,
905 3639 1024 3724 quibus
1040 3659 1082 3705 ex
1098 3638 1206 3707 officio

77 3753 176 3839 Regia
203 3751 375 3838 dignitatis
390 3751 557 3836 incumbit,
582 3749 826 3824 metirimerita
851 3747 1064 3834 singulorum,
1089 3753 1122 3813 et
1137 3747 1202 3812 sin-

77 3863 158 3942 gulis
178 3861 277 3928 iuxta
302 3859 408 3926 meriti
432 3857 625 3945 qualitatem
649 3856 858 3944 respondere,
885 3875 957 3922 cum
982 3854 1047 3940 ipsi
1076 3853 1205 3939 copiam

13 3963 14 4042 l
78 3975 158 4036 terre
183 3989 252 4034 uon
275 3967 447 4052 baberent,
473 3971 509 4032 nt
535 3967 686 4052 apciores
710 3970 845 4049 possent
870 3963 903 4029 iu
928 3968 1027 4030 antea
1054 3959 1205 4045 inueniri,

13 4105 14 4152 3
77 4077 288 4145 medietatem
314 4084 401 4144 terre
430 4075 672 4162 speculatorum
696 4081 877 4141 nostrorum
907 4071 948 4137 de
971 4069 1117 4154 Wolccu,
1144 4088 1207 4152 quc

76 4184 189 4252 llibali
208 4183 406 4271 appellatur,
422 4185 471 4250 eis
487 4183 639 4249 duximus
650 4189 806 4268 perpetuo
823 4179 1063 4262 conferendam,
1080 4185 1149 4242 tam
1165 4177 1208 4242 ab

74 4293 150 4378 ipsis
168 4313 273 4380 qnam
288 4292 434 4376 ipsorum
450 4289 624 4358 heredibus
638 4287 862 4372 heredumque
881 4284 1123 4355 successoribus
1138 4284 1209 4351 iure

74 4409 233 4489 perpetuo
259 4398 504 4488 possidendam.
532 4397 630 4465 Cuius
647 4405 734 4464 tene
750 4401 845 4482 mete,
873 4391 957 4462 sient
971 4413 1031 4481 per
1052 4393 1205 4460 dilectum

73 4517 100 4572 et
114 4509 252 4578 fidelem
278 4512 424 4576 nostrum
448 4505 614 4573 Euardum
639 4503 798 4572 (tomitem
824 4501 865 4570 de
881 4499 1018 4570 Wolccu
1044 4499 1203 4568 intellexi·

72 4637 147 4705 mus,
177 4639 242 4706 per
258 4635 356 4701 quem
372 4613 462 4700 ipsos
479 4613 511 4678 in
529 4611 769 4699 possessionem
804 4608 1004 4694 corporalem
1026 4607 1110 4672 dicte
1127 4613 1211 4670 terre

106 4756 216 4794 aomar.
235 4753 316 4790 unser
336 4751 407 4790 urar.
428 4761 464 4770 -
484 4751 555 4786 prun.
574 4741 609 4782 η.
1011 4723 1049 4777 14
