3134 5158
808 290 970 393 —cus-

325 491 501 574 maueriut;
527 496 603 557 tuuc
626 489 820 574 quicumque
845 487 1041 572 audiuerint,
1067 505 1167 574 passo
1197 483 1350 554 iniuriam
1375 483 1459 554 tetis

321 599 446 666 uiribus
463 597 621 666 auxilium
637 603 670 666 et
685 599 837 666 iunamen
853 603 1002 684 prestare
1021 599 1211 680 teneantur,
1239 593 1372 680 quodsi
1388 594 1455 662 boe

324 705 526 792 neglexerint
535 705 725 794 adimplere,
744 714 777 774 et
792 705 891 780 indici
907 723 966 793 per
980 711 1082 772 testes
1093 703 1212 792 poterit
1227 721 1301 770 esse
1325 709 1453 788 notum,

325 823 401 882 tuno
417 814 472 900 qui
481 812 639 881 auxilinm
655 811 840 899 deuegauit,
857 833 915 882 sno
928 811 1045 880 Comiti
1061 831 1120 899 pro
1140 812 1249 880 banno
1264 817 1331 878 tres
1346 831 1456 879 roma·

325 927 420 992 natos
436 922 564 990 soluere
578 927 736 1007 teneatur,
763 928 796 988 et
811 921 947 990 totidem
963 919 1128 1009 perditori.
1154 917 1236 988 Item
1258 919 1456 1004 quicumque

325 1031 358 1096 in
374 1030 619 1118 recuperatione
634 1047 740 1098 rerum
758 1027 886 1098 dederit
902 1047 1047 1116 operam,
1073 1035 1105 1095 et
1119 1028 1211 1114 ipsas
1234 1025 1418 1094 detenderit
1435 1045 1459 1092 a

324 1136 524 1222 latronibus,
560 1140 615 1224 qui
640 1157 697 1206 eas
722 1135 937 1221 conduceret,
968 1138 1113 1222 ipsarum
1148 1131 1455 1222 recuperandorum

325 1264 431 1312 rerum
455 1242 616 1313 decimam
642 1245 844 1332 integraliter
869 1249 1096 1328 consequatur.
1132 1244 1213 1310 ltem
1237 1241 1266 1309 si
1300 1240 1458 1310 damnum

325 1353 481 1422 inseratur
496 1352 597 1422 alicui
623 1354 664 1422 de
680 1353 776 1422 dietis
792 1351 996 1440 ciuitatibus,
1022 1359 1055 1420 et
1079 1351 1159 1420 illud
1185 1349 1386 1420 conducatur
1405 1350 1457 1417 Si-

326 1463 474 1532 benicum
489 1463 543 1530 vel
558 1463 764 1549 Tragurium,
790 1463 987 1550 precipimus
1003 1483 1068 1532 non
1086 1462 1150 1530 emi
1166 1461 1209 1528 ab
1225 1459 1337 1545 aliquo
1354 1459 1453 1544 ciue;

326 1579 359 1641 et
374 1571 403 1639 ai
418 1571 537 1657 aliquis
546 1571 776 1659 Traguriensis
791 1573 889 1640 sciret
904 1589 972 1638 rem
983 1570 1027 1640 ad
1042 1569 1187 1656 aliquem
1204 1569 1454 1638 Sibeuieensem

325 1679 498 1769 pertinere,
515 1680 568 1749 rel
584 1701 603 1748 e
619 1699 788 1766 conuerso,
812 1687 888 1749 tunc
904 1701 971 1749 rem
987 1679 1140 1750 restituat
1155 1699 1215 1748 suo
1235 1675 1366 1748 domino
1381 1675 1458 1745 sine

326 1786 453 1874 preci03
479 1792 513 1856 et
527 1785 555 1855 si
570 1788 758 1874 ignoranter
784 1789 908 1873 emerit,
935 1807 1029 1858 suum
1044 1787 1189 1874 preeium
1215 1787 1457 1868 consequatur,

327 1899 360 1963 et
374 1914 443 1963 rem
457 1893 564 1982 ipsam
578 1913 637 1963 suo
654 1893 785 1964 dominc
804 1893 950 1964 conferat
965 1901 997 1962 et
1013 1896 1169 1982 assignet,
1192 1913 1232 1962 ac
1248 1891 1458 1960 venditorem

327 2003 374 2072 rei
397 2000 534 2091 prodere
558 2009 724 2088 tentatum
751 2011 785 2072 et
809 2005 838 2072 si
863 2003 1075 2074 manifestare
1101 2003 1260 2086 uoluerit,
1290 2009 1366 2070 tunc
1392 1999 1459 2067 erit

327 2117 530 2180 sacramento
555 2110 698 2198 proprio,
728 2119 763 2178 vt
787 2111 959 2180 veritatem
985 2112 1164 2200 exprimat,
1197 2106 1457 2197 compellendus.

327 2221 410 2288 Item
424 2219 631 2308 precipimus,
658 2217 744 2304 quod
760 2220 788 2286 si
804 2220 924 2304 aliquis
940 2221 1163 2290 Sibenicensis
1189 2217 1360 2286 accederet
1373 2217 1459 2284 'rra-

328 2329 467 2414 gurium,
484 2327 536 2395 vel
552 2347 571 2394 e
587 2347 755 2412 conuerso,
781 2325 892 2413 aliqua
908 2328 1084 2414 decanea,
1102 2328 1185 2395 etin
1207 2325 1313 2412 ipsum
1330 2323 1456 2408 aliquis

328 2456 442 2506 manna
468 2435 614 2504 iniecerit
629 2435 799 2520 uiolentas,
825 2443 973 2505 teneatur
992 2455 1078 2524 pena
1105 2455 1164 2504 sex
1188 2441 1454 2514 romanatornm3

328 2549 394 2614 tres
410 2543 540 2632 quidem
564 2563 623 2630 pro
639 2563 697 2611 suo
714 2543 822 2612 banno
840 2542 958 2612 (inmiti
974 2543 1187 2628 conterantur,
1215 2542 1274 2628 alji
1290 2560 1366 2608 vcro
1383 2545 1455 2608 tras

328 2673 428 2740 passo
452 2651 604 2720 iniuriam
629 2649 854 2738 applicentur,
881 2657 912 2718 et
927 2651 956 2719 si
972 2652 1015 2718 ab
1032 2651 1156 2736 eodem,
1180 2670 1287 2736 aquo
1312 2645 1457 2718 intendit

328 2759 487 2830 iustitiam
511 2759 687 2846 postulare,
717 2767 750 2826 at
775 2758 873 2826 fuerit
896 2779 1080 2846 percussus,
1106 2777 1240 2828 causam
1264 2759 1395 2826 amittat
1420 2766 1458 2826 et

329 2889 388 2938 sex
402 2873 599 2950 romanatos,
617 2863 734 2934 (inmiti
751 2874 783 2933 ct
810 2866 981 2935 sustinenti
1007 2867 1170 2954 iniuriam,
1198 2874 1232 2934 vt
1255 2867 1374 2934 dictum
1402 2877 1458 2936 est

330 2974 488 3062 superius,
506 2972 721 3058 assignentur.
748 2975 830 3042 Item
846 2975 1029 3044 stabilimus
1045 2984 1078 3043 et
1092 2975 1226 3044 firmiter
1251 2973 1455 3061 ordinamus,

330 3081 417 3172 quod
443 3081 471 3148 si
496 3080 614 3167 aliquis
640 3081 828 3149 molestatus
853 3081 952 3150 fuerit
983 3083 1053 3150 sine
1078 3083 1247 3168 sanguinis
1281 3082 1456 3168 effusione,

330 3199 416 3275 tnnc,
433 3190 516 3257 sieut
531 3189 651 3256 dictum
668 3195 727 3274 est,
753 3189 870 3256 debeat
885 3189 1031 3258 indicare
1047 3192 1241 3276 bominibus,
1264 3191 1380 3275 quibus
1397 3193 1455 3260 ob-

331 3297 479 3382 uiauerit,
503 3302 536 3363 et
551 3315 609 3364 sue
625 3295 740 3382 (luris,
767 3302 799 3362 et
824 3304 939 3382 postea
963 3296 1062 3366 Ouria
1086 3299 1186 3386 illius,
1214 3300 1269 3384 qui
1296 3297 1458 3368 delictum

331 3403 498 3490 commisit,
516 3403 612 3472 debet
627 3403 705 3470 dare
721 3402 817 3471 tidem
833 3405 873 3488 ei,
891 3407 945 3488 qui
962 3407 1114 3474 iniuriam
1130 3407 1295 3492 sustinuit,
1316 3408 1402 3475 sicut
1418 3410 1456 3475 in

330 3511 499 3578 vulnerato
525 3511 671 3596 superius
697 3517 747 3578 cst
771 3519 947 3580 narratum.
972 3517 1053 3581 Item
1070 3533 1142 3582 curn
1167 3514 1293 3584 nonsit
1317 3513 1455 3602 iustum,

331 3619 473 3704 aliquem
497 3637 538 3684 ex
563 3619 672 3685 aliena
696 3618 820 3686 iactura
846 3617 980 3705 dictari;
1012 3622 1283 3706 pronunciamus,
1309 3622 1397 3706 quod
1423 3627 1457 3691 si

331 3726 451 3811 aliquis
475 3728 547 3795 sine
570 3728 795 3796 vulneratione
819 3728 1023 3796 accusauerit
1039 3729 1181 3813 aliquem
1206 3729 1334 3816 iniuste,
1360 3739 1394 3797 et
1421 3733 1460 3800 in

330 3833 428 3903 Curia
443 3841 659 3922 consequutus
669 3834 765 3902 fuant
778 3835 914 3922 aliquid,
932 3846 964 3903 et
975 3857 1102 3921 quoquo
1120 3847 1268 3926 tempore
1280 3850 1462 3925 appareret

330 3941 451 4012 iniuste
466 3943 638 4028 recepisse,
665 3942 797 4028 duplum
814 3942 878 4010 sibi
894 3944 1108 4014 condemnato
1126 3948 1324 4032 precipimus
1348 3965 1461 4015 emen-

331 4049 420 4137 dare,
436 4058 469 4118 et
482 4071 542 4119 sno
560 4050 677 4118 Oomiti
692 4071 751 4136 pro
769 4052 877 4120 banno
893 4052 1064 4122 duodecim
1081 4061 1280 4123 romanatos.
1302 4053 1463 4123 Preterea

331 4177 443 4226 omnes
459 4158 542 4226 alias
559 4157 710 4243 rationes,
736 4159 885 4244 quamuis
902 4181 966 4230 non
983 4161 1095 4228 sintin
1114 4162 1337 4248 superioribus
1363 4164 1459 4248 capi-

331 4265 407 4332 tulis
424 4265 665 4352 comprehense,
683 4263 862 4332 secuudum
873 4268 990 4336 bonam
1008 4269 1273 4338 consuetudinem
1292 4290 1351 4356 pro
1368 4275 1460 4338 vtra-

332 4391 395 4456 que
411 4371 547 4438 dicimus
558 4372 735 4441 obseruari.
752 4375 834 4442 Item
851 4375 998 4444 velumus
1008 4384 1041 4444 et
1056 4379 1263 4463 precipimus,
1281 4377 1463 4461 quodcum

332 4477 544 4546 Sibinicenais
559 4479 683 4547 Ciuitas
693 4491 804 4550 carcat
816 4483 1002 4568 tabellione,
1021 4485 1107 4569 quod
1123 4485 1167 4552 ad
1178 4485 1463 4555 confirmationem

331 4583 576 4668 compositionis
600 4589 831 4676 suprascripte,
856 4611 952 4676 quam
979 4594 1077 4662 scribi
1102 4593 1236 4662 fecimus
1264 4614 1321 4682 per
1343 4593 1463 4664 Archi-
