3112 5148
842 321 999 425 Q„

356 514 599 601 possessionem
616 515 887 601 predeoessorum
912 518 1057 604 ipsorum
1072 517 1303 585 hereditariam
1318 516 1493 603 prefuisse,

355 627 389 690 et
403 621 618 690 instrumenta
633 623 793 690 litteralia
809 641 909 710 super
924 625 1000 710 ipsa
1014 627 1226 711 possessione
1241 631 1398 692 emanata
1411 625 1494 690 arni

355 729 441 797 sisse
456 729 676 816 animabant,
698 737 794 816 prout
810 731 914 797 eoiam
930 735 972 799 ab
993 731 1142 798 omnibus
1158 730 1391 800 oommetuneis
1407 731 1493 798 eius-

356 836 433 904 dom
459 837 679 924 possessionis
694 839 945 924 oiroumquaque
964 839 1178 908 existentibus
1194 841 1285 906 iuxta
1300 838 1493 906 fidelitatem

354 947 500 1032 ipsorum
523 946 619 1012 nobis
646 945 793 1012 debitam
818 947 878 1012 hee
903 946 972 1013 iore
996 947 1210 1031 roseiuimus,
1243 947 1416 1013 restituere
1440 945 1490 1012 di·

356 1073 544 1139 gnaremur.
561 1053 630 1121 Nor
641 1053 953 1139 siquidemiustiset
967 1056 1123 1139 legitimis
1140 1053 1492 1139 admissionequeoon·

354 1162 465 1247 dignis
490 1161 708 1249 petioionibus
734 1173 766 1228 et
781 1159 953 1248 instancijs
968 1183 1008 1230 ao
1027 1164 1325 1250 supplicacionibus
1340 1163 1489 1248 ipsorum

354 1269 532 1354 Samsonis,
559 1270 692 1354 Georgi,
718 1267 797 1334 Wik
813 1277 846 1335 st
860 1269 1019 1353 Wlohete,
1036 1289 1095 1356 per
1111 1289 1250 1354 quorum
1266 1273 1371 1338 eeiam
1387 1271 1490 1336 serui·

354 1377 407 1444 oia
431 1377 544 1444 fidelia
566 1376 661 1444 nobis
686 1382 719 1443 et
743 1374 920 1444 Golomuno
946 1376 1030 1443 Duoi
1055 1377 1150 1444 fratri
1174 1384 1285 1445 nostro
1310 1377 1489 1445 karissimo

357 1493 453 1570 grata
469 1491 502 1551 et
517 1482 694 1567 laudanda,
706 1503 858 1570 suprema
868 1483 1086 1552 sollieitudine
1095 1505 1154 1571 per
1164 1486 1255 1572 ipsos
1267 1485 1422 1570 exhibita,
1432 1506 1491 1552 no·

354 1602 422 1660 ster
436 1592 560 1676 Regius
576 1593 705 1659 animus
721 1591 890 1658 mitissime
911 1591 1105 1680 conquieuit,
1132 1593 1246 1661 fauore
1261 1593 1372 1661 debito
1395 1593 1490 1659 inoli-

352 1703 433 1785 nati,
459 1709 492 1768 et
506 1701 658 1787 preoipue
674 1699 927 1785 adpetitionem
953 1699 1099 1766 eiusdem
1114 1698 1285 1768 Oolomani
1301 1701 1403 1767 Dueis
1422 1700 1490 1766 fra·

352 1807 412 1874 tris
444 1809 548 1876 nostri
571 1807 758 1886 karissimi,
790 1807 969 1893 prediotam
1002 1807 1244 1893 possessionem
1278 1807 1488 1894 Superiorem

352 1913 483 1983 Zdenoh
500 1922 659 2002 uocatam,
675 1935 748 1982 oum
764 1914 915 1982 omnibus
930 1915 998 1982 suis
1014 1914 1221 2000 utilitatibus,
1245 1914 1372 1982 seilioet
1386 1915 1487 1982 terris

354 2023 545 2106 arabilibus,
563 2025 663 2108 agris,
679 2022 791 2108 pratis,
808 2021 975 2106 senilibus,
999 2021 1195 2100 nemoribus,
1212 2028 1245 2088 et
1261 2023 1337 2106 alijs
1353 2021 1487 2106 quibus·

350 2129 431 2196 libet
456 2129 499 2194 ad
523 2131 662 2196 eandem
686 2128 919 2216 pertineneijs,
942 2129 1003 2194 sub
1030 2129 1126 2196 metis
1152 2137 1185 2196 et
1208 2130 1356 2197 terminis
1379 2129 1485 2196 infra-

351 2239 490 2325 soriptis,
506 2237 662 2304 indioium
686 2244 797 2304 nostre
813 2235 933 2319 graeie,
950 2235 1139 2303 dileooionis
1160 2237 1283 2322 pariter
1298 2241 1332 2303 et
1346 2235 1482 2322 iauoris,

352 2345 501 2432 ampliori
528 2345 641 2411 fauore
665 2344 767 2430 Regie
784 2342 996 2427 benignitatis
1021 2343 1165 2429 ipsorum
1181 2343 1336 2411 uirtuosis
1352 2343 1484 2410 notibus

349 2459 383 2519 et
397 2452 625 2538 obsequiorum
641 2451 764 2517 meritis
781 2451 932 2534 gratuitis
960 2451 1167 2536 exigentibus
1182 2449 1216 2516 in
1232 2457 1331 2517 antea
1347 2447 1483 2517 eosdem

348 2559 502 2646 prosequi
527 2559 728 2626 intendimus
753 2563 785 2625 et
809 2557 973 2644 ampleeti,
994 2558 1197 2626 eontinentes
1214 2565 1247 2626 et
1266 2557 1482 2642 designantes

349 2667 473 2733 eisdem
495 2668 643 2752 Samson,
661 2665 814 2750 Georgio,
837 2659 916 2730 Wlk
932 2673 965 2732 et
979 2666 1127 2734 Wiohete
1142 2666 1220 2750 filiis
1239 2665 1280 2732 de
1295 2665 1481 2748 Deueoher,

348 2779 381 2838 et
395 2792 455 2860 per
469 2773 559 2858 ipsos
584 2774 729 2858 ipsorum
754 2771 929 2839 heredibus
954 2771 1024 2838 iure
1043 2779 1202 2859 perpetuo
1218 2771 1404 2839 habendam
1419 2791 1482 2858 pa-

347 2877 427 2944 riter
442 2884 474 2944 et
488 2877 721 2963 possidendam
740 2877 892 2944 duximus
918 2875 1159 2944 oonoedendam
1175 2897 1215 2943 ae
1230 2875 1481 2945 restituendam.

348 2983 447 3051 Ouios
472 2985 602 3068 quidem
626 2984 773 3070 prediote
788 2983 1016 3068 possessionis,
1036 2991 1134 3069 prout
1148 2983 1292 3050 uidimus
1307 2984 1343 3050 in
1357 2982 1482 3052 litteris

351 3089 494 3175 Capituli
504 3090 726 3175 Chunmensis,
736 3096 821 3156 mete
832 3095 937 3157 erecte
946 3090 994 3156 sio
1009 3089 1248 3174 distinguntur:
1264 3090 1359 3170 Quod
1368 3091 1483 3176 prima

347 3205 436 3266 meta
450 3197 564 3284 iuoipit
576 3198 610 3264 in
625 3198 765 3282 quodam
780 3197 883 3282 riwlo,
909 3196 965 3263 ubi
981 3196 1054 3282 ipse
1072 3197 1183 3266 riwlus
1199 3198 1290 3265 eadit
1304 3197 1338 3264 in
1354 3217 1483 3282 aquam

345 3304 496 3371 Eudeneb
523 3311 673 3372 uooatam
697 3305 788 3371 iuxta
812 3305 1052 3390 possessionem
1070 3305 1220 3391 Magistri
1238 3306 1332 3388 Moys
1347 3303 1483 3372 Judiois

345 3411 441 3478 Ourie
456 3417 567 3478 nostre
591 3411 780 3478 Interiorem
804 3411 936 3476 Zdeneh
961 3423 1111 3478 noestam
1127 3432 1148 3478 a
1166 3419 1259 3497 parte
1283 3409 1482 3496 ooeidentis,

345 3529 378 3586 et
401 3540 460 3603 per
485 3519 622 3586 eundem
647 3519 787 3585 riuulum
803 3517 949 3604 proeedit
972 3539 1071 3604 snpra
1086 3519 1130 3586 ad
1144 3516 1424 3604 septemtrionem,
1442 3529 1483 3586 et

343 3628 492 3712 peruenit
506 3628 551 3693 ad
565 3627 697 3693 fluuium
712 3625 898 3694 Meliohnek
919 3633 1149 3712 nuncupatum,
1167 3633 1200 3692 et
1215 3625 1321 3710 ipsum
1337 3626 1482 3694 fluuium

342 3734 517 3820 prosiliens
533 3735 681 3822 peruenit
697 3735 739 3802 ad
755 3735 903 3802 arborem
924 3748 1065 3822 perttyan
1080 3754 1176 3802 oruoe
1191 3734 1356 3818 signatam
1372 3739 1481 3801 meta·

342 3861 405 3925 que
420 3851 527 3910 terrea
541 3843 787 3926 oiroumiusam;
813 3843 933 3910 abhine
955 3843 1102 3928 prooedit
1116 3843 1209 3910 iuxta
1225 3849 1329 3910 metas
1342 3861 1481 3928 posses-

341 3951 442 4018 sionis
465 3952 603 4037 predioti
620 3951 769 4034 Magistri
789 3953 891 4034 Moys,
920 3957 953 4017 et
968 3951 1119 4036 peruenit
1134 3951 1177 4018 ad
1193 3960 1292 4036 eaput
1307 3950 1398 4034 fluuij
1415 3971 1480 4020 no-

341 4058 429 4124 mino
442 4060 592 4142 Raduan,
610 4065 643 4124 et
658 4077 716 4144 per
732 4057 838 4142 ipsum
853 4057 987 4124 fluuium
997 4057 1146 4142 procedit
1160 4057 1246 4125 infra
1262 4076 1377 4124 uorsus
1387 4057 1479 4126 oooi-

340 4163 469 4232 dentem
496 4166 541 4232 ad
564 4185 684 4249 aquam
709 4163 851 4231 Ohaama
868 4201 908 4211 -
925 4199 969 4212 -
987 4199 1031 4214 -·
1048 4201 1088 4212 —-
1105 4183 1163 4252 per
1187 4164 1324 4230 eandem
1347 4181 1480 4246 aqum

340 4273 475 4339 uertitur
484 4293 584 4358 supra
593 4272 638 4338 ad
648 4281 773 4356 partem
785 4271 1084 4340 orientia---
1095 4278 1194 4355 eaput
1204 4271 1351 4340 eiusdem
1362 4289 1476 4356 aquo;

338 4377 747 4464 abbinoexitetprooedit
765 4399 867 4464 supra
884 4413 1168 4428 -----
1182 4378 1401 4464 possessionis
1425 4379 1478 4444 ad

340 4483 497 4548 celarium
511 4492 622 4551 nostre
631 4485 813 4552 Maiestatis
835 4523 874 4533 -
892 4521 937 4533 -
955 4522 994 4534 -
1014 4519 1058 4532 -
1075 4491 1198 4570 uooate,
1217 4491 1249 4552 et
1265 4483 1479 4571 peruenitad

340 4595 438 4670 eaput
454 4589 557 4654 minor
574 4627 612 4638 -
632 4627 671 4637 —
690 4625 732 4638 --
749 4591 815 4674 ati;
841 4592 918 4658 inde
941 4611 1000 4675 per
1015 4590 1154 4658 eundem
1169 4591 1303 4658 fluuium
1319 4591 1479 4677 procedit
