<?xml version="1.0" encoding="UTF-8"?>
<!DOCTYPE html PUBLIC "-//W3C//DTD XHTML 1.0 Transitional//EN"
    "http://www.w3.org/TR/xhtml1/DTD/xhtml1-transitional.dtd">
<html xmlns="http://www.w3.org/1999/xhtml" xml:lang="en" lang="en">
 <head>
  <title>
</title>
<meta http-equiv="Content-Type" content="text/html;charset=utf-8" />
  <meta name='ocr-system' content='tesseract 3.04.00' />
  <meta name='ocr-capabilities' content='ocr_page ocr_carea ocr_par ocr_line ocrx_word'/>
</head>
<body>
  <div class='ocr_page' id='page_1' title='image "./codexdiplomatic15wenzgoog_0117.png"; bbox 0 0 3122 5154; ppageno 0'>
   <div class='ocr_carea' id='block_1_1' title="bbox 790 257 950 364">
    <p class='ocr_par' dir='ltr' id='par_1_1' title="bbox 790 257 950 364">
     <span class='ocr_line' id='line_1_1' title="bbox 790 257 950 364; baseline 0 -34"><span class='ocrx_word' id='word_1_1' title='bbox 790 257 950 364; x_wconf 39' lang='lat' dir='ltr'><strong>*so-</strong></span> 
     </span>
    </p>
   </div>
   <div class='ocr_carea' id='block_1_2' title="bbox 311 455 1447 4666">
    <p class='ocr_par' dir='ltr' id='par_1_2' title="bbox 311 455 1447 4666">
     <span class='ocr_line' id='line_1_2' title="bbox 312 455 1442 550; baseline -0.004 -20"><span class='ocrx_word' id='word_1_2' title='bbox 312 463 407 550; x_wconf 84' lang='lat' dir='ltr'><strong>Saar,</strong></span> <span class='ocrx_word' id='word_1_3' title='bbox 434 469 467 530; x_wconf 90' lang='lat' dir='ltr'><strong>et</strong></span> <span class='ocrx_word' id='word_1_4' title='bbox 482 461 683 532; x_wconf 74' lang='lat' dir='ltr'><strong>conuentum</strong></span> <span class='ocrx_word' id='word_1_5' title='bbox 699 457 741 528; x_wconf 92' lang='lat' dir='ltr'><strong>de</strong></span> <span class='ocrx_word' id='word_1_6' title='bbox 755 457 844 543; x_wconf 90' lang='lat' dir='ltr'><strong>Beel,</strong></span> <span class='ocrx_word' id='word_1_7' title='bbox 870 463 903 524; x_wconf 89' lang='lat' dir='ltr'><strong>et</strong></span> <span class='ocrx_word' id='word_1_8' title='bbox 918 455 1025 544; x_wconf 87' lang='lat' dir='ltr'><strong>ipsum</strong></span> <span class='ocrx_word' id='word_1_9' title='bbox 1041 455 1203 525; x_wconf 79' lang='lat' dir='ltr'><strong>Abbatem</strong></span> <span class='ocrx_word' id='word_1_10' title='bbox 1218 457 1442 544; x_wconf 77' lang='lat' dir='ltr'><strong>iudicauimus</strong></span> 
     </span>
     <span class='ocr_line' id='line_1_3' title="bbox 312 563 1444 662; baseline -0.005 -23"><span class='ocrx_word' id='word_1_11' title='bbox 312 577 460 662; x_wconf 73' lang='lat' dir='ltr'><strong>prestare</strong></span> <span class='ocrx_word' id='word_1_12' title='bbox 476 575 726 652; x_wconf 88' lang='lat' dir='ltr'><strong>sacramentum,</strong></span> <span class='ocrx_word' id='word_1_13' title='bbox 752 565 923 635; x_wconf 89' lang='lat' dir='ltr'><strong>terminum</strong></span> <span class='ocrx_word' id='word_1_14' title='bbox 941 566 1159 650; x_wconf 77' lang='lat' dir='ltr'><strong>assignantes.</strong></span> <span class='ocrx_word' id='word_1_15' title='bbox 1181 563 1247 634; x_wconf 87' lang='lat' dir='ltr'><strong>Sed</strong></span> <span class='ocrx_word' id='word_1_16' title='bbox 1262 567 1341 653; x_wconf 86' lang='lat' dir='ltr'><strong>quia</strong></span> <span class='ocrx_word' id='word_1_17' title='bbox 1356 567 1444 636; x_wconf 89' lang='lat' dir='ltr'><strong>inter</strong></span> 
     </span>
     <span class='ocr_line' id='line_1_4' title="bbox 312 675 1443 768; baseline -0.005 -20"><span class='ocrx_word' id='word_1_18' title='bbox 312 681 417 768; x_wconf 90' lang='lat' dir='ltr'><strong>ipsius</strong></span> <span class='ocrx_word' id='word_1_19' title='bbox 433 699 532 748; x_wconf 87' lang='lat' dir='ltr'><strong>cause</strong></span> <span class='ocrx_word' id='word_1_20' title='bbox 548 678 793 747; x_wconf 91' lang='lat' dir='ltr'><strong>deuolucionem</strong></span> <span class='ocrx_word' id='word_1_21' title='bbox 812 676 925 763; x_wconf 90' lang='lat' dir='ltr'><strong>populi</strong></span> <span class='ocrx_word' id='word_1_22' title='bbox 936 675 977 742; x_wconf 90' lang='lat' dir='ltr'><strong>de</strong></span> <span class='ocrx_word' id='word_1_23' title='bbox 992 675 1197 762; x_wconf 85' lang='lat' dir='ltr'><strong>villaKeyar</strong></span> <span class='ocrx_word' id='word_1_24' title='bbox 1212 675 1350 766; x_wconf 85' lang='lat' dir='ltr'><strong>prelata,</strong></span> <span class='ocrx_word' id='word_1_25' title='bbox 1370 693 1443 766; x_wconf 93' lang='lat' dir='ltr'><strong>pre-</strong></span> 
     </span>
     <span class='ocr_line' id='line_1_5' title="bbox 311 785 1445 879; baseline -0.004 -23"><span class='ocrx_word' id='word_1_26' title='bbox 311 798 361 858; x_wconf 89' lang='lat' dir='ltr'><strong>ter</strong></span> <span class='ocrx_word' id='word_1_27' title='bbox 375 790 530 879; x_wconf 92' lang='lat' dir='ltr'><strong>Ipolitum</strong></span> <span class='ocrx_word' id='word_1_28' title='bbox 548 796 580 856; x_wconf 92' lang='lat' dir='ltr'><strong>et</strong></span> <span class='ocrx_word' id='word_1_29' title='bbox 596 808 673 858; x_wconf 90' lang='lat' dir='ltr'><strong>suos</strong></span> <span class='ocrx_word' id='word_1_30' title='bbox 690 791 857 872; x_wconf 88' lang='lat' dir='ltr'><strong>cognatos,</strong></span> <span class='ocrx_word' id='word_1_31' title='bbox 887 786 970 852; x_wconf 86' lang='lat' dir='ltr'><strong>sicut</strong></span> <span class='ocrx_word' id='word_1_32' title='bbox 986 785 1081 854; x_wconf 90' lang='lat' dir='ltr'><strong>nobis</strong></span> <span class='ocrx_word' id='word_1_33' title='bbox 1098 785 1305 872; x_wconf 89' lang='lat' dir='ltr'><strong>postmodum</strong></span> <span class='ocrx_word' id='word_1_34' title='bbox 1325 786 1445 854; x_wconf 92' lang='lat' dir='ltr'><strong>consti-</strong></span> 
     </span>
     <span class='ocr_line' id='line_1_6' title="bbox 312 894 1445 984; baseline -0.004 -19"><span class='ocrx_word' id='word_1_35' title='bbox 312 899 361 983; x_wconf 88' lang='lat' dir='ltr'><strong>tit,</strong></span> <span class='ocrx_word' id='word_1_36' title='bbox 379 898 542 984; x_wconf 87' lang='lat' dir='ltr'><strong>mancipia</strong></span> <span class='ocrx_word' id='word_1_37' title='bbox 558 896 663 982; x_wconf 90' lang='lat' dir='ltr'><strong>ipsius</strong></span> <span class='ocrx_word' id='word_1_38' title='bbox 681 894 820 961; x_wconf 83' lang='lat' dir='ltr'><strong>Abbatis</strong></span> <span class='ocrx_word' id='word_1_39' title='bbox 838 901 870 960; x_wconf 92' lang='lat' dir='ltr'><strong>et</strong></span> <span class='ocrx_word' id='word_1_40' title='bbox 886 911 998 962; x_wconf 89' lang='lat' dir='ltr'><strong>seruos</strong></span> <span class='ocrx_word' id='word_1_41' title='bbox 1014 894 1136 970; x_wconf 87' lang='lat' dir='ltr'>ibidem</span> <span class='ocrx_word' id='word_1_42' title='bbox 1148 894 1335 981; x_wconf 74' lang='lat' dir='ltr'><strong>existentes,</strong></span> <span class='ocrx_word' id='word_1_43' title='bbox 1356 895 1445 962; x_wconf 88' lang='lat' dir='ltr'><strong>sieut</strong></span> 
     </span>
     <span class='ocr_line' id='line_1_7' title="bbox 312 1001 1441 1089; baseline -0.008 -14"><span class='ocrx_word' id='word_1_44' title='bbox 312 1009 425 1075; x_wconf 88' lang='lat' dir='ltr'><strong>Abbas</strong></span> <span class='ocrx_word' id='word_1_45' title='bbox 438 1011 471 1072; x_wconf 93' lang='lat' dir='ltr'><strong>et</strong></span> <span class='ocrx_word' id='word_1_46' title='bbox 480 1002 598 1070; x_wconf 83' lang='lat' dir='ltr'><strong>iratres</strong></span> <span class='ocrx_word' id='word_1_47' title='bbox 609 1003 769 1088; x_wconf 81' lang='lat' dir='ltr'><strong>dicebant,</strong></span> <span class='ocrx_word' id='word_1_48' title='bbox 788 1001 1024 1087; x_wconf 86' lang='lat' dir='ltr'><strong>destruxerant,</strong></span> <span class='ocrx_word' id='word_1_49' title='bbox 1039 1001 1187 1070; x_wconf 89' lang='lat' dir='ltr'><strong>faciendo</strong></span> <span class='ocrx_word' id='word_1_50' title='bbox 1204 1003 1310 1070; x_wconf 92' lang='lat' dir='ltr'><strong>eidem</strong></span> <span class='ocrx_word' id='word_1_51' title='bbox 1326 1002 1441 1089; x_wconf 88' lang='lat' dir='ltr'><strong>damp-</strong></span> 
     </span>
     <span class='ocr_line' id='line_1_8' title="bbox 312 1110 1445 1200; baseline -0.004 -18"><span class='ocrx_word' id='word_1_52' title='bbox 312 1135 387 1182; x_wconf 89' lang='lat' dir='ltr'><strong>num</strong></span> <span class='ocrx_word' id='word_1_53' title='bbox 404 1112 641 1200; x_wconf 88' lang='lat' dir='ltr'><strong>quinquaginta</strong></span> <span class='ocrx_word' id='word_1_54' title='bbox 652 1119 684 1178; x_wconf 91' lang='lat' dir='ltr'><strong>et</strong></span> <span class='ocrx_word' id='word_1_55' title='bbox 700 1131 758 1180; x_wconf 90' lang='lat' dir='ltr'><strong>sex</strong></span> <span class='ocrx_word' id='word_1_56' title='bbox 770 1130 971 1196; x_wconf 72' lang='lat' dir='ltr'><strong>marcarum,</strong></span> <span class='ocrx_word' id='word_1_57' title='bbox 989 1117 1021 1178; x_wconf 91' lang='lat' dir='ltr'><strong>et</strong></span> <span class='ocrx_word' id='word_1_58' title='bbox 1036 1110 1119 1198; x_wconf 90' lang='lat' dir='ltr'><strong>ipsis</strong></span> <span class='ocrx_word' id='word_1_59' title='bbox 1129 1111 1257 1200; x_wconf 86' lang='lat' dir='ltr'><strong>populis</strong></span> <span class='ocrx_word' id='word_1_60' title='bbox 1276 1131 1313 1180; x_wconf 90' lang='lat' dir='ltr'><strong>se</strong></span> <span class='ocrx_word' id='word_1_61' title='bbox 1323 1110 1445 1178; x_wconf 83' lang='lat' dir='ltr'><strong>fecisse</strong></span> 
     </span>
     <span class='ocr_line' id='line_1_9' title="bbox 313 1219 1443 1308; baseline -0.004 -18"><span class='ocrx_word' id='word_1_62' title='bbox 313 1220 521 1308; x_wconf 79' lang='lat' dir='ltr'><strong>negantibus,</strong></span> <span class='ocrx_word' id='word_1_63' title='bbox 536 1219 686 1289; x_wconf 90' lang='lat' dir='ltr'><strong>dominus</strong></span> <span class='ocrx_word' id='word_1_64' title='bbox 697 1220 809 1287; x_wconf 87' lang='lat' dir='ltr'><strong>Abbas</strong></span> <span class='ocrx_word' id='word_1_65' title='bbox 826 1225 858 1286; x_wconf 90' lang='lat' dir='ltr'><strong>et</strong></span> <span class='ocrx_word' id='word_1_66' title='bbox 873 1219 988 1286; x_wconf 82' lang='lat' dir='ltr'><strong>iratres</strong></span> <span class='ocrx_word' id='word_1_67' title='bbox 999 1225 1112 1288; x_wconf 87' lang='lat' dir='ltr'><strong>contra</strong></span> <span class='ocrx_word' id='word_1_68' title='bbox 1123 1241 1178 1288; x_wconf 89' lang='lat' dir='ltr'><strong>cos</strong></span> <span class='ocrx_word' id='word_1_69' title='bbox 1196 1219 1443 1288; x_wconf 88' lang='lat' dir='ltr'><strong>euidentissime</strong></span> 
     </span>
     <span class='ocr_line' id='line_1_10' title="bbox 314 1327 1442 1418; baseline -0.004 -19"><span class='ocrx_word' id='word_1_70' title='bbox 314 1331 598 1418; x_wconf 74' lang='lat' dir='ltr'><strong>comprobassent,</strong></span> <span class='ocrx_word' id='word_1_71' title='bbox 620 1329 853 1415; x_wconf 82' lang='lat' dir='ltr'><strong>judicarimus,</strong></span> <span class='ocrx_word' id='word_1_72' title='bbox 880 1335 915 1393; x_wconf 92' lang='lat' dir='ltr'><strong>vt</strong></span> <span class='ocrx_word' id='word_1_73' title='bbox 932 1328 972 1394; x_wconf 92' lang='lat' dir='ltr'><strong>de</strong></span> <span class='ocrx_word' id='word_1_74' title='bbox 988 1327 1125 1395; x_wconf 89' lang='lat' dir='ltr'><strong>testibus</strong></span> <span class='ocrx_word' id='word_1_75' title='bbox 1152 1329 1274 1396; x_wconf 91' lang='lat' dir='ltr'><strong>domini</strong></span> <span class='ocrx_word' id='word_1_76' title='bbox 1300 1327 1442 1394; x_wconf 86' lang='lat' dir='ltr'><strong>Abbatis</strong></span> 
     </span>
     <span class='ocr_line' id='line_1_11' title="bbox 313 1437 1441 1526; baseline -0.004 -20"><span class='ocrx_word' id='word_1_77' title='bbox 313 1446 451 1526; x_wconf 89' lang='lat' dir='ltr'><strong>quatuor</strong></span> <span class='ocrx_word' id='word_1_78' title='bbox 466 1440 613 1508; x_wconf 89' lang='lat' dir='ltr'><strong>homiues</strong></span> <span class='ocrx_word' id='word_1_79' title='bbox 629 1438 894 1522; x_wconf 83' lang='lat' dir='ltr'><strong>intelligeremus,</strong></span> <span class='ocrx_word' id='word_1_80' title='bbox 919 1443 1103 1523; x_wconf 83' lang='lat' dir='ltr'><strong>prestarent</strong></span> <span class='ocrx_word' id='word_1_81' title='bbox 1119 1444 1368 1522; x_wconf 90' lang='lat' dir='ltr'><strong>sacramentum,</strong></span> <span class='ocrx_word' id='word_1_82' title='bbox 1386 1437 1441 1503; x_wconf 87' lang='lat' dir='ltr'><strong>vel</strong></span> 
     </span>
     <span class='ocr_line' id='line_1_12' title="bbox 313 1544 1444 1637; baseline -0.005 -21"><span class='ocrx_word' id='word_1_83' title='bbox 313 1551 442 1637; x_wconf 89' lang='lat' dir='ltr'><strong>pugiles</strong></span> <span class='ocrx_word' id='word_1_84' title='bbox 458 1568 651 1635; x_wconf 91' lang='lat' dir='ltr'><strong>congressos</strong></span> <span class='ocrx_word' id='word_1_85' title='bbox 668 1547 866 1615; x_wconf 75' lang='lat' dir='ltr'><strong>adducerent</strong></span> <span class='ocrx_word' id='word_1_86' title='bbox 882 1547 925 1614; x_wconf 90' lang='lat' dir='ltr'><strong>ad</strong></span> <span class='ocrx_word' id='word_1_87' title='bbox 941 1549 1172 1634; x_wconf 66' lang='lat' dir='ltr'><strong>pugnandum</strong></span> <span class='ocrx_word' id='word_1_88' title='bbox 1190 1556 1223 1614; x_wconf 90' lang='lat' dir='ltr'><strong>et</strong></span> <span class='ocrx_word' id='word_1_89' title='bbox 1239 1567 1311 1614; x_wconf 90' lang='lat' dir='ltr'><strong>cum</strong></span> <span class='ocrx_word' id='word_1_90' title='bbox 1330 1544 1444 1633; x_wconf 87' lang='lat' dir='ltr'><strong>populi</strong></span> 
     </span>
     <span class='ocr_line' id='line_1_13' title="bbox 314 1655 1444 1742; baseline -0.004 -18"><span class='ocrx_word' id='word_1_91' title='bbox 314 1659 503 1742; x_wconf 87' lang='lat' dir='ltr'><strong>hesitarent,</strong></span> <span class='ocrx_word' id='word_1_92' title='bbox 521 1658 618 1742; x_wconf 88' lang='lat' dir='ltr'><strong>quale</strong></span> <span class='ocrx_word' id='word_1_93' title='bbox 635 1656 676 1723; x_wconf 89' lang='lat' dir='ltr'><strong>de</strong></span> <span class='ocrx_word' id='word_1_94' title='bbox 692 1655 820 1723; x_wconf 92' lang='lat' dir='ltr'><strong>dnobus</strong></span> <span class='ocrx_word' id='word_1_95' title='bbox 831 1655 991 1739; x_wconf 83' lang='lat' dir='ltr'><strong>eligerent</strong></span> <span class='ocrx_word' id='word_1_96' title='bbox 1003 1655 1148 1741; x_wconf 90' lang='lat' dir='ltr'><strong>judicijs,</strong></span> <span class='ocrx_word' id='word_1_97' title='bbox 1166 1657 1334 1742; x_wconf 87' lang='lat' dir='ltr'><strong>pecierunt</strong></span> <span class='ocrx_word' id='word_1_98' title='bbox 1350 1675 1371 1720; x_wconf 90' lang='lat' dir='ltr'><strong>a</strong></span> <span class='ocrx_word' id='word_1_99' title='bbox 1386 1673 1444 1720; x_wconf 94' lang='lat' dir='ltr'><strong>no-</strong></span> 
     </span>
     <span class='ocr_line' id='line_1_14' title="bbox 314 1761 1444 1849; baseline -0.005 -17"><span class='ocrx_word' id='word_1_100' title='bbox 314 1766 365 1834; x_wconf 90' lang='lat' dir='ltr'><strong>bis</strong></span> <span class='ocrx_word' id='word_1_101' title='bbox 381 1767 425 1834; x_wconf 93' lang='lat' dir='ltr'><strong>ad</strong></span> <span class='ocrx_word' id='word_1_102' title='bbox 449 1766 620 1834; x_wconf 89' lang='lat' dir='ltr'><strong>consilium</strong></span> <span class='ocrx_word' id='word_1_103' title='bbox 637 1765 720 1832; x_wconf 88' lang='lat' dir='ltr'><strong>inter</strong></span> <span class='ocrx_word' id='word_1_104' title='bbox 735 1784 772 1831; x_wconf 91' lang='lat' dir='ltr'><strong>se</strong></span> <span class='ocrx_word' id='word_1_105' title='bbox 789 1761 1027 1849; x_wconf 85' lang='lat' dir='ltr'><strong>accipiendum.</strong></span> <span class='ocrx_word' id='word_1_106' title='bbox 1054 1761 1198 1842; x_wconf 79' lang='lat' dir='ltr'><strong>Quorum</strong></span> <span class='ocrx_word' id='word_1_107' title='bbox 1218 1761 1444 1847; x_wconf 87' lang='lat' dir='ltr'><strong>acquienimus</strong></span> 
     </span>
     <span class='ocr_line' id='line_1_15' title="bbox 315 1870 1443 1960; baseline -0.005 -20"><span class='ocrx_word' id='word_1_108' title='bbox 315 1873 490 1960; x_wconf 74' lang='lat' dir='ltr'><strong>peticioni,</strong></span> <span class='ocrx_word' id='word_1_109' title='bbox 516 1875 575 1942; x_wconf 91' lang='lat' dir='ltr'><strong>sed</strong></span> <span class='ocrx_word' id='word_1_110' title='bbox 591 1881 765 1959; x_wconf 89' lang='lat' dir='ltr'><strong>antequam</strong></span> <span class='ocrx_word' id='word_1_111' title='bbox 783 1871 826 1939; x_wconf 86' lang='lat' dir='ltr'><strong>ad</strong></span> <span class='ocrx_word' id='word_1_112' title='bbox 841 1891 902 1940; x_wconf 92' lang='lat' dir='ltr'><strong>nos</strong></span> <span class='ocrx_word' id='word_1_113' title='bbox 919 1870 1061 1938; x_wconf 85' lang='lat' dir='ltr'><strong>redirent</strong></span> <span class='ocrx_word' id='word_1_114' title='bbox 1076 1873 1119 1938; x_wconf 92' lang='lat' dir='ltr'><strong>ad</strong></span> <span class='ocrx_word' id='word_1_115' title='bbox 1140 1871 1302 1958; x_wconf 89' lang='lat' dir='ltr'><strong>judicium</strong></span> <span class='ocrx_word' id='word_1_116' title='bbox 1322 1871 1443 1956; x_wconf 89' lang='lat' dir='ltr'><strong>eligen-</strong></span> 
     </span>
     <span class='ocr_line' id='line_1_16' title="bbox 315 1977 1444 2068; baseline -0.006 -18"><span class='ocrx_word' id='word_1_117' title='bbox 315 1983 402 2066; x_wconf 90' lang='lat' dir='ltr'><strong>dum,</strong></span> <span class='ocrx_word' id='word_1_118' title='bbox 420 1990 485 2049; x_wconf 91' lang='lat' dir='ltr'><strong>tam</strong></span> <span class='ocrx_word' id='word_1_119' title='bbox 503 1983 623 2066; x_wconf 85' lang='lat' dir='ltr'><strong>Abbas,</strong></span> <span class='ocrx_word' id='word_1_120' title='bbox 648 2001 747 2067; x_wconf 85' lang='lat' dir='ltr'><strong>quam</strong></span> <span class='ocrx_word' id='word_1_121' title='bbox 762 1981 861 2068; x_wconf 87' lang='lat' dir='ltr'><strong>ijdem</strong></span> <span class='ocrx_word' id='word_1_122' title='bbox 878 1981 991 2067; x_wconf 89' lang='lat' dir='ltr'><strong>populi</strong></span> <span class='ocrx_word' id='word_1_123' title='bbox 1008 2001 1028 2047; x_wconf 90' lang='lat' dir='ltr'><strong>a</strong></span> <span class='ocrx_word' id='word_1_124' title='bbox 1045 1980 1140 2048; x_wconf 92' lang='lat' dir='ltr'><strong>nobis</strong></span> <span class='ocrx_word' id='word_1_125' title='bbox 1165 2001 1202 2048; x_wconf 92' lang='lat' dir='ltr'><strong>se</strong></span> <span class='ocrx_word' id='word_1_126' title='bbox 1220 1977 1371 2066; x_wconf 88' lang='lat' dir='ltr'><strong>componi</strong></span> <span class='ocrx_word' id='word_1_127' title='bbox 1386 1996 1444 2063; x_wconf 88' lang='lat' dir='ltr'><strong>pe-</strong></span> 
     </span>
     <span class='ocr_line' id='line_1_17' title="bbox 315 2088 1442 2178; baseline -0.004 -22"><span class='ocrx_word' id='word_1_128' title='bbox 315 2091 458 2178; x_wconf 72' lang='lat' dir='ltr'><strong>cierunt,</strong></span> <span class='ocrx_word' id='word_1_129' title='bbox 485 2089 550 2174; x_wconf 90' lang='lat' dir='ltr'><strong>qni,</strong></span> <span class='ocrx_word' id='word_1_130' title='bbox 567 2089 703 2156; x_wconf 89' lang='lat' dir='ltr'><strong>licencia</strong></span> <span class='ocrx_word' id='word_1_131' title='bbox 729 2095 760 2154; x_wconf 92' lang='lat' dir='ltr'><strong>et</strong></span> <span class='ocrx_word' id='word_1_132' title='bbox 775 2088 991 2176; x_wconf 89' lang='lat' dir='ltr'><strong>permissione</strong></span> <span class='ocrx_word' id='word_1_133' title='bbox 1012 2089 1141 2156; x_wconf 89' lang='lat' dir='ltr'><strong>anobis</strong></span> <span class='ocrx_word' id='word_1_134' title='bbox 1158 2088 1300 2172; x_wconf 88' lang='lat' dir='ltr'><strong>obtenta,</strong></span> <span class='ocrx_word' id='word_1_135' title='bbox 1327 2104 1442 2154; x_wconf 87' lang='lat' dir='ltr'><strong>rursus</strong></span> 
     </span>
     <span class='ocr_line' id='line_1_18' title="bbox 317 2195 1441 2283; baseline -0.004 -19"><span class='ocrx_word' id='word_1_136' title='bbox 317 2198 439 2266; x_wconf 90' lang='lat' dir='ltr'><strong>eisdem</strong></span> <span class='ocrx_word' id='word_1_137' title='bbox 456 2217 563 2266; x_wconf 89' lang='lat' dir='ltr'><strong>coram</strong></span> <span class='ocrx_word' id='word_1_138' title='bbox 579 2198 674 2265; x_wconf 90' lang='lat' dir='ltr'><strong>uobis</strong></span> <span class='ocrx_word' id='word_1_139' title='bbox 689 2197 884 2280; x_wconf 91' lang='lat' dir='ltr'><strong>constitutis,</strong></span> <span class='ocrx_word' id='word_1_140' title='bbox 902 2198 986 2264; x_wconf 90' lang='lat' dir='ltr'><strong>sicut</strong></span> <span class='ocrx_word' id='word_1_141' title='bbox 999 2195 1233 2283; x_wconf 82' lang='lat' dir='ltr'><strong>compositores</strong></span> <span class='ocrx_word' id='word_1_142' title='bbox 1249 2197 1441 2274; x_wconf 87' lang='lat' dir='ltr'><strong>retulerunt,</strong></span> 
     </span>
     <span class='ocr_line' id='line_1_19' title="bbox 315 2302 1443 2394; baseline -0.008 -18"><span class='ocrx_word' id='word_1_143' title='bbox 315 2307 428 2394; x_wconf 89' lang='lat' dir='ltr'><strong>populi</strong></span> <span class='ocrx_word' id='word_1_144' title='bbox 453 2307 674 2392; x_wconf 88' lang='lat' dir='ltr'><strong>cuiuscunque</strong></span> <span class='ocrx_word' id='word_1_145' title='bbox 698 2305 898 2374; x_wconf 91' lang='lat' dir='ltr'><strong>condicionis</strong></span> <span class='ocrx_word' id='word_1_146' title='bbox 913 2307 946 2371; x_wconf 91' lang='lat' dir='ltr'><strong>in</strong></span> <span class='ocrx_word' id='word_1_147' title='bbox 961 2305 1042 2373; x_wconf 87' lang='lat' dir='ltr'><strong>villa</strong></span> <span class='ocrx_word' id='word_1_148' title='bbox 1058 2305 1193 2392; x_wconf 84' lang='lat' dir='ltr'><strong>prelata,</strong></span> <span class='ocrx_word' id='word_1_149' title='bbox 1220 2309 1328 2391; x_wconf 89' lang='lat' dir='ltr'><strong>preter</strong></span> <span class='ocrx_word' id='word_1_150' title='bbox 1343 2302 1443 2391; x_wconf 90' lang='lat' dir='ltr'><strong>Ipoli·</strong></span> 
     </span>
     <span class='ocr_line' id='line_1_20' title="bbox 316 2411 1444 2501; baseline -0.007 -17"><span class='ocrx_word' id='word_1_151' title='bbox 316 2425 386 2484; x_wconf 89' lang='lat' dir='ltr'><strong>tum</strong></span> <span class='ocrx_word' id='word_1_152' title='bbox 403 2423 435 2483; x_wconf 88' lang='lat' dir='ltr'><strong>et</strong></span> <span class='ocrx_word' id='word_1_153' title='bbox 451 2433 527 2482; x_wconf 91' lang='lat' dir='ltr'><strong>suos</strong></span> <span class='ocrx_word' id='word_1_154' title='bbox 538 2419 696 2500; x_wconf 88' lang='lat' dir='ltr'><strong>cognatos</strong></span> <span class='ocrx_word' id='word_1_155' title='bbox 713 2414 900 2498; x_wconf 87' lang='lat' dir='ltr'><strong>existentes,</strong></span> <span class='ocrx_word' id='word_1_156' title='bbox 917 2431 1016 2501; x_wconf 89' lang='lat' dir='ltr'><strong>super</strong></span> <span class='ocrx_word' id='word_1_157' title='bbox 1032 2413 1174 2500; x_wconf 89' lang='lat' dir='ltr'><strong>dampno</strong></span> <span class='ocrx_word' id='word_1_158' title='bbox 1191 2411 1351 2498; x_wconf 87' lang='lat' dir='ltr'><strong>premisso</strong></span> <span class='ocrx_word' id='word_1_159' title='bbox 1371 2415 1444 2478; x_wconf 91' lang='lat' dir='ltr'><strong>tan-</strong></span> 
     </span>
     <span class='ocr_line' id='line_1_21' title="bbox 316 2520 1443 2612; baseline -0.009 -20"><span class='ocrx_word' id='word_1_160' title='bbox 316 2523 470 2612; x_wconf 86' lang='lat' dir='ltr'><strong>quamrei</strong></span> <span class='ocrx_word' id='word_1_161' title='bbox 486 2542 595 2592; x_wconf 88' lang='lat' dir='ltr'><strong>coram</strong></span> <span class='ocrx_word' id='word_1_162' title='bbox 612 2521 706 2590; x_wconf 92' lang='lat' dir='ltr'><strong>nobis</strong></span> <span class='ocrx_word' id='word_1_163' title='bbox 717 2520 991 2608; x_wconf 89' lang='lat' dir='ltr'><strong>supplicauerunt,</strong></span> <span class='ocrx_word' id='word_1_164' title='bbox 1008 2529 1194 2606; x_wconf 88' lang='lat' dir='ltr'><strong>terramque</strong></span> <span class='ocrx_word' id='word_1_165' title='bbox 1209 2520 1355 2587; x_wconf 87' lang='lat' dir='ltr'><strong>limosam</strong></span> <span class='ocrx_word' id='word_1_166' title='bbox 1366 2537 1443 2586; x_wconf 89' lang='lat' dir='ltr'><strong>cnm</strong></span> 
     </span>
     <span class='ocr_line' id='line_1_22' title="bbox 315 2627 1443 2716; baseline -0.004 -19"><span class='ocrx_word' id='word_1_167' title='bbox 315 2631 457 2700; x_wconf 81' lang='lat' dir='ltr'><strong>funiculo</strong></span> <span class='ocrx_word' id='word_1_168' title='bbox 475 2629 586 2698; x_wconf 90' lang='lat' dir='ltr'><strong>decem</strong></span> <span class='ocrx_word' id='word_1_169' title='bbox 602 2631 751 2697; x_wconf 82' lang='lat' dir='ltr'><strong>vlnerum</strong></span> <span class='ocrx_word' id='word_1_170' title='bbox 775 2648 908 2697; x_wconf 92' lang='lat' dir='ltr'><strong>numero</strong></span> <span class='ocrx_word' id='word_1_171' title='bbox 924 2629 1104 2716; x_wconf 91' lang='lat' dir='ltr'><strong>nonaginta</strong></span> <span class='ocrx_word' id='word_1_172' title='bbox 1121 2647 1190 2716; x_wconf 88' lang='lat' dir='ltr'><strong>sex,</strong></span> <span class='ocrx_word' id='word_1_173' title='bbox 1212 2627 1265 2694; x_wconf 90' lang='lat' dir='ltr'><strong>vbi</strong></span> <span class='ocrx_word' id='word_1_174' title='bbox 1281 2628 1443 2696; x_wconf 85' lang='lat' dir='ltr'><strong>contineri</strong></span> 
     </span>
     <span class='ocr_line' id='line_1_23' title="bbox 316 2733 1443 2824; baseline -0.001 -19"><span class='ocrx_word' id='word_1_175' title='bbox 316 2738 465 2806; x_wconf 90' lang='lat' dir='ltr'><strong>dicuntur</strong></span> <span class='ocrx_word' id='word_1_176' title='bbox 490 2733 837 2821; x_wconf 86' lang='lat' dir='ltr'><strong>centumquadraginta</strong></span> <span class='ocrx_word' id='word_1_177' title='bbox 852 2735 969 2822; x_wconf 82' lang='lat' dir='ltr'><strong>iugera</strong></span> <span class='ocrx_word' id='word_1_178' title='bbox 984 2742 1017 2802; x_wconf 90' lang='lat' dir='ltr'><strong>et</strong></span> <span class='ocrx_word' id='word_1_179' title='bbox 1033 2737 1138 2822; x_wconf 82' lang='lat' dir='ltr'><strong>sylua,</strong></span> <span class='ocrx_word' id='word_1_180' title='bbox 1160 2735 1194 2802; x_wconf 91' lang='lat' dir='ltr'><strong>in</strong></span> <span class='ocrx_word' id='word_1_181' title='bbox 1212 2737 1320 2821; x_wconf 89' lang='lat' dir='ltr'><strong>quiete</strong></span> <span class='ocrx_word' id='word_1_182' title='bbox 1336 2743 1369 2804; x_wconf 91' lang='lat' dir='ltr'><strong>et</strong></span> <span class='ocrx_word' id='word_1_183' title='bbox 1383 2756 1443 2824; x_wconf 88' lang='lat' dir='ltr'><strong>pa·</strong></span> 
     </span>
     <span class='ocr_line' id='line_1_24' title="bbox 317 2842 1444 2931; baseline 0.001 -21"><span class='ocrx_word' id='word_1_184' title='bbox 317 2845 418 2930; x_wconf 88' lang='lat' dir='ltr'><strong>cilice,</strong></span> <span class='ocrx_word' id='word_1_185' title='bbox 435 2845 520 2912; x_wconf 89' lang='lat' dir='ltr'><strong>sicut</strong></span> <span class='ocrx_word' id='word_1_186' title='bbox 534 2843 625 2931; x_wconf 90' lang='lat' dir='ltr'><strong>prins</strong></span> <span class='ocrx_word' id='word_1_187' title='bbox 641 2843 863 2930; x_wconf 78' lang='lat' dir='ltr'><strong>possidebant,</strong></span> <span class='ocrx_word' id='word_1_188' title='bbox 884 2842 971 2912; x_wconf 86' lang='lat' dir='ltr'><strong>omni</strong></span> <span class='ocrx_word' id='word_1_189' title='bbox 987 2849 1136 2911; x_wconf 84' lang='lat' dir='ltr'><strong>cessante</strong></span> <span class='ocrx_word' id='word_1_190' title='bbox 1156 2843 1354 2930; x_wconf 86' lang='lat' dir='ltr'><strong>reliquerunt</strong></span> <span class='ocrx_word' id='word_1_191' title='bbox 1368 2863 1444 2912; x_wconf 89' lang='lat' dir='ltr'><strong>ccu-</strong></span> 
     </span>
     <span class='ocr_line' id='line_1_25' title="bbox 316 2951 1443 3038; baseline 0 -17"><span class='ocrx_word' id='word_1_192' title='bbox 316 2953 526 3022; x_wconf 90' lang='lat' dir='ltr'><strong>tradiccione.</strong></span> <span class='ocrx_word' id='word_1_193' title='bbox 551 2953 658 3020; x_wconf 80' lang='lat' dir='ltr'><strong>Panes</strong></span> <span class='ocrx_word' id='word_1_194' title='bbox 675 2953 779 3018; x_wconf 87' lang='lat' dir='ltr'><strong>eciam</strong></span> <span class='ocrx_word' id='word_1_195' title='bbox 795 2959 827 3019; x_wconf 90' lang='lat' dir='ltr'><strong>et</strong></span> <span class='ocrx_word' id='word_1_196' title='bbox 843 2951 894 3018; x_wconf 93' lang='lat' dir='ltr'><strong>sni</strong></span> <span class='ocrx_word' id='word_1_197' title='bbox 910 2952 1053 3038; x_wconf 88' lang='lat' dir='ltr'><strong>cognati,</strong></span> <span class='ocrx_word' id='word_1_198' title='bbox 1070 2971 1106 3020; x_wconf 91' lang='lat' dir='ltr'><strong>se</strong></span> <span class='ocrx_word' id='word_1_199' title='bbox 1122 2957 1391 3038; x_wconf 90' lang='lat' dir='ltr'><strong>recognoscentes</strong></span> <span class='ocrx_word' id='word_1_200' title='bbox 1407 2953 1443 3020; x_wconf 89' lang='lat' dir='ltr'><strong>in</strong></span> 
     </span>
     <span class='ocr_line' id='line_1_26' title="bbox 317 3059 1445 3144; baseline -0.002 -16"><span class='ocrx_word' id='word_1_201' title='bbox 317 3060 431 3130; x_wconf 89' lang='lat' dir='ltr'><strong>eodem</strong></span> <span class='ocrx_word' id='word_1_202' title='bbox 447 3061 595 3144; x_wconf 90' lang='lat' dir='ltr'><strong>termino,</strong></span> <span class='ocrx_word' id='word_1_203' title='bbox 621 3078 684 3144; x_wconf 88' lang='lat' dir='ltr'><strong>quo</strong></span> <span class='ocrx_word' id='word_1_204' title='bbox 701 3059 814 3127; x_wconf 84' lang='lat' dir='ltr'><strong>Abbas</strong></span> <span class='ocrx_word' id='word_1_205' title='bbox 830 3079 903 3127; x_wconf 90' lang='lat' dir='ltr'><strong>cum</strong></span> <span class='ocrx_word' id='word_1_206' title='bbox 919 3060 987 3127; x_wconf 87' lang='lat' dir='ltr'><strong>suis</strong></span> <span class='ocrx_word' id='word_1_207' title='bbox 1003 3061 1112 3127; x_wconf 90' lang='lat' dir='ltr'><strong>iurare</strong></span> <span class='ocrx_word' id='word_1_208' title='bbox 1141 3060 1283 3127; x_wconf 91' lang='lat' dir='ltr'><strong>debebat</strong></span> <span class='ocrx_word' id='word_1_209' title='bbox 1304 3059 1445 3126; x_wconf 89' lang='lat' dir='ltr'><strong>testibus</strong></span> 
     </span>
     <span class='ocr_line' id='line_1_27' title="bbox 317 3166 1445 3255; baseline 0 -21"><span class='ocrx_word' id='word_1_210' title='bbox 317 3189 428 3237; x_wconf 91' lang='lat' dir='ltr'><strong>coram</strong></span> <span class='ocrx_word' id='word_1_211' title='bbox 444 3168 536 3255; x_wconf 91' lang='lat' dir='ltr'><strong>ipsis,</strong></span> <span class='ocrx_word' id='word_1_212' title='bbox 554 3168 597 3235; x_wconf 92' lang='lat' dir='ltr'><strong>ad</strong></span> <span class='ocrx_word' id='word_1_213' title='bbox 621 3187 729 3254; x_wconf 92' lang='lat' dir='ltr'><strong>genua</strong></span> <span class='ocrx_word' id='word_1_214' title='bbox 745 3166 881 3235; x_wconf 87' lang='lat' dir='ltr'><strong>Abbatis</strong></span> <span class='ocrx_word' id='word_1_215' title='bbox 897 3176 930 3234; x_wconf 91' lang='lat' dir='ltr'><strong>et</strong></span> <span class='ocrx_word' id='word_1_216' title='bbox 955 3169 1090 3236; x_wconf 84' lang='lat' dir='ltr'><strong>fratrum</strong></span> <span class='ocrx_word' id='word_1_217' title='bbox 1106 3169 1152 3235; x_wconf 93' lang='lat' dir='ltr'><strong>ibi</strong></span> <span class='ocrx_word' id='word_1_218' title='bbox 1176 3167 1390 3236; x_wconf 89' lang='lat' dir='ltr'><strong>existencium</strong></span> <span class='ocrx_word' id='word_1_219' title='bbox 1407 3177 1445 3234; x_wconf 88' lang='lat' dir='ltr'><strong>vt</strong></span> 
     </span>
     <span class='ocr_line' id='line_1_28' title="bbox 317 3273 1444 3362; baseline 0.001 -21"><span class='ocrx_word' id='word_1_220' title='bbox 317 3277 365 3342; x_wconf 91' lang='lat' dir='ltr'><strong>rei</strong></span> <span class='ocrx_word' id='word_1_221' title='bbox 381 3274 600 3362; x_wconf 90' lang='lat' dir='ltr'><strong>prociderant,</strong></span> <span class='ocrx_word' id='word_1_222' title='bbox 628 3273 669 3341; x_wconf 86' lang='lat' dir='ltr'><strong>de</strong></span> <span class='ocrx_word' id='word_1_223' title='bbox 686 3275 811 3342; x_wconf 84' lang='lat' dir='ltr'><strong>offensa</strong></span> <span class='ocrx_word' id='word_1_224' title='bbox 827 3275 924 3342; x_wconf 90' lang='lat' dir='ltr'><strong>simul</strong></span> <span class='ocrx_word' id='word_1_225' title='bbox 940 3281 972 3341; x_wconf 90' lang='lat' dir='ltr'><strong>et</strong></span> <span class='ocrx_word' id='word_1_226' title='bbox 986 3277 1190 3343; x_wconf 91' lang='lat' dir='ltr'><strong>contumacia</strong></span> <span class='ocrx_word' id='word_1_227' title='bbox 1205 3275 1336 3343; x_wconf 87' lang='lat' dir='ltr'><strong>veniam</strong></span> <span class='ocrx_word' id='word_1_228' title='bbox 1351 3275 1444 3343; x_wconf 91' lang='lat' dir='ltr'><strong>flebi-</strong></span> 
     </span>
     <span class='ocr_line' id='line_1_29' title="bbox 316 3382 1444 3471; baseline 0.001 -22"><span class='ocrx_word' id='word_1_229' title='bbox 316 3382 391 3450; x_wconf 89' lang='lat' dir='ltr'><strong>liter</strong></span> <span class='ocrx_word' id='word_1_230' title='bbox 402 3383 616 3470; x_wconf 88' lang='lat' dir='ltr'><strong>postulantes,</strong></span> <span class='ocrx_word' id='word_1_231' title='bbox 634 3387 666 3449; x_wconf 91' lang='lat' dir='ltr'><strong>et</strong></span> <span class='ocrx_word' id='word_1_232' title='bbox 676 3391 710 3449; x_wconf 84' lang='lat' dir='ltr'><strong>vt</strong></span> <span class='ocrx_word' id='word_1_233' title='bbox 726 3382 806 3448; x_wconf 92' lang='lat' dir='ltr'><strong>nihil</strong></span> <span class='ocrx_word' id='word_1_234' title='bbox 822 3401 906 3468; x_wconf 90' lang='lat' dir='ltr'><strong>pene</strong></span> <span class='ocrx_word' id='word_1_235' title='bbox 922 3403 981 3470; x_wconf 93' lang='lat' dir='ltr'><strong>pro</strong></span> <span class='ocrx_word' id='word_1_236' title='bbox 992 3382 1177 3451; x_wconf 89' lang='lat' dir='ltr'><strong>huiusmodi</strong></span> <span class='ocrx_word' id='word_1_237' title='bbox 1193 3383 1444 3471; x_wconf 89' lang='lat' dir='ltr'><strong>presumpcione</strong></span> 
     </span>
     <span class='ocr_line' id='line_1_30' title="bbox 317 3489 1447 3578; baseline -0.001 -22"><span class='ocrx_word' id='word_1_238' title='bbox 317 3498 349 3556; x_wconf 89' lang='lat' dir='ltr'><strong>et</strong></span> <span class='ocrx_word' id='word_1_239' title='bbox 365 3490 522 3576; x_wconf 89' lang='lat' dir='ltr'><strong>elacione,</strong></span> <span class='ocrx_word' id='word_1_240' title='bbox 539 3510 637 3575; x_wconf 88' lang='lat' dir='ltr'><strong>quam</strong></span> <span class='ocrx_word' id='word_1_241' title='bbox 652 3492 889 3578; x_wconf 86' lang='lat' dir='ltr'><strong>commiserant,</strong></span> <span class='ocrx_word' id='word_1_242' title='bbox 909 3491 957 3558; x_wconf 91' lang='lat' dir='ltr'><strong>eis</strong></span> <span class='ocrx_word' id='word_1_243' title='bbox 974 3491 1153 3558; x_wconf 85' lang='lat' dir='ltr'><strong>inferretur.</strong></span> <span class='ocrx_word' id='word_1_244' title='bbox 1171 3489 1316 3569; x_wconf 84' lang='lat' dir='ltr'><strong>Quorum</strong></span> <span class='ocrx_word' id='word_1_245' title='bbox 1326 3490 1447 3556; x_wconf 83' lang='lat' dir='ltr'><strong>Abbaa</strong></span> 
     </span>
     <span class='ocr_line' id='line_1_31' title="bbox 316 3596 1444 3686; baseline 0 -21"><span class='ocrx_word' id='word_1_246' title='bbox 316 3607 349 3666; x_wconf 90' lang='lat' dir='ltr'><strong>et</strong></span> <span class='ocrx_word' id='word_1_247' title='bbox 363 3597 479 3666; x_wconf 84' lang='lat' dir='ltr'><strong>fratres</strong></span> <span class='ocrx_word' id='word_1_248' title='bbox 505 3597 581 3666; x_wconf 90' lang='lat' dir='ltr'><strong>moti</strong></span> <span class='ocrx_word' id='word_1_249' title='bbox 599 3598 758 3685; x_wconf 90' lang='lat' dir='ltr'><strong>precibus,</strong></span> <span class='ocrx_word' id='word_1_250' title='bbox 785 3608 899 3666; x_wconf 88' lang='lat' dir='ltr'><strong>nostra</strong></span> <span class='ocrx_word' id='word_1_251' title='bbox 924 3599 1028 3666; x_wconf 89' lang='lat' dir='ltr'><strong>eciam</strong></span> <span class='ocrx_word' id='word_1_252' title='bbox 1044 3621 1104 3686; x_wconf 93' lang='lat' dir='ltr'><strong>pro</strong></span> <span class='ocrx_word' id='word_1_253' title='bbox 1131 3599 1179 3666; x_wconf 89' lang='lat' dir='ltr'><strong>eis</strong></span> <span class='ocrx_word' id='word_1_254' title='bbox 1206 3596 1444 3666; x_wconf 89' lang='lat' dir='ltr'><strong>interueniente</strong></span> 
     </span>
     <span class='ocr_line' id='line_1_32' title="bbox 315 3705 1445 3796; baseline -0.003 -22"><span class='ocrx_word' id='word_1_255' title='bbox 315 3705 488 3796; x_wconf 91' lang='lat' dir='ltr'><strong>peticione,</strong></span> <span class='ocrx_word' id='word_1_256' title='bbox 505 3705 756 3774; x_wconf 89' lang='lat' dir='ltr'><strong>misericorditer</strong></span> <span class='ocrx_word' id='word_1_257' title='bbox 772 3705 1013 3793; x_wconf 89' lang='lat' dir='ltr'><strong>condescendit,</strong></span> <span class='ocrx_word' id='word_1_258' title='bbox 1032 3715 1064 3774; x_wconf 89' lang='lat' dir='ltr'><strong>et</strong></span> <span class='ocrx_word' id='word_1_259' title='bbox 1074 3707 1256 3776; x_wconf 90' lang='lat' dir='ltr'><strong>commissis</strong></span> <span class='ocrx_word' id='word_1_260' title='bbox 1271 3705 1445 3790; x_wconf 90' lang='lat' dir='ltr'><strong>indulgen-</strong></span> 
     </span>
     <span class='ocr_line' id='line_1_33' title="bbox 315 3813 1444 3901; baseline -0.004 -17"><span class='ocrx_word' id='word_1_261' title='bbox 315 3818 402 3884; x_wconf 91' lang='lat' dir='ltr'><strong>ciam</strong></span> <span class='ocrx_word' id='word_1_262' title='bbox 418 3813 580 3900; x_wconf 84' lang='lat' dir='ltr'><strong>lacieudo,</strong></span> <span class='ocrx_word' id='word_1_263' title='bbox 597 3822 630 3880; x_wconf 93' lang='lat' dir='ltr'><strong>et</strong></span> <span class='ocrx_word' id='word_1_264' title='bbox 646 3822 679 3881; x_wconf 89' lang='lat' dir='ltr'><strong>vt</strong></span> <span class='ocrx_word' id='word_1_265' title='bbox 695 3815 844 3901; x_wconf 91' lang='lat' dir='ltr'><strong>seruicijs</strong></span> <span class='ocrx_word' id='word_1_266' title='bbox 861 3823 893 3882; x_wconf 90' lang='lat' dir='ltr'><strong>et</strong></span> <span class='ocrx_word' id='word_1_267' title='bbox 909 3815 1070 3898; x_wconf 88' lang='lat' dir='ltr'><strong>libertate,</strong></span> <span class='ocrx_word' id='word_1_268' title='bbox 1091 3816 1209 3900; x_wconf 90' lang='lat' dir='ltr'><strong>quibus</strong></span> <span class='ocrx_word' id='word_1_269' title='bbox 1225 3814 1316 3901; x_wconf 90' lang='lat' dir='ltr'><strong>prius</strong></span> <span class='ocrx_word' id='word_1_270' title='bbox 1333 3813 1444 3880; x_wconf 86' lang='lat' dir='ltr'><strong>Eccle-</strong></span> 
     </span>
     <span class='ocr_line' id='line_1_34' title="bbox 316 3923 1445 4009; baseline -0.005 -15"><span class='ocrx_word' id='word_1_271' title='bbox 316 3927 364 3994; x_wconf 90' lang='lat' dir='ltr'><strong>sie</strong></span> <span class='ocrx_word' id='word_1_272' title='bbox 374 3925 577 4009; x_wconf 91' lang='lat' dir='ltr'><strong>tenebantur,</strong></span> <span class='ocrx_word' id='word_1_273' title='bbox 595 3923 709 3990; x_wconf 86' lang='lat' dir='ltr'><strong>fierent</strong></span> <span class='ocrx_word' id='word_1_274' title='bbox 720 3925 862 3992; x_wconf 89' lang='lat' dir='ltr'><strong>obnoxii.</strong></span> <span class='ocrx_word' id='word_1_275' title='bbox 881 3925 947 3990; x_wconf 87' lang='lat' dir='ltr'><strong>Nos</strong></span> <span class='ocrx_word' id='word_1_276' title='bbox 958 3925 1069 4007; x_wconf 89' lang='lat' dir='ltr'><strong>itaque</strong></span> <span class='ocrx_word' id='word_1_277' title='bbox 1086 3931 1121 3991; x_wconf 85' lang='lat' dir='ltr'><strong>vt</strong></span> <span class='ocrx_word' id='word_1_278' title='bbox 1131 3924 1245 4009; x_wconf 87' lang='lat' dir='ltr'><strong>judex,</strong></span> <span class='ocrx_word' id='word_1_279' title='bbox 1263 3942 1336 3990; x_wconf 92' lang='lat' dir='ltr'><strong>oum</strong></span> <span class='ocrx_word' id='word_1_280' title='bbox 1347 3923 1445 4008; x_wconf 90' lang='lat' dir='ltr'><strong>justi·</strong></span> 
     </span>
     <span class='ocr_line' id='line_1_35' title="bbox 316 4029 1444 4117; baseline -0.005 -15"><span class='ocrx_word' id='word_1_281' title='bbox 316 4036 367 4102; x_wconf 89' lang='lat' dir='ltr'><strong>cia</strong></span> <span class='ocrx_word' id='word_1_282' title='bbox 381 4033 521 4102; x_wconf 83' lang='lat' dir='ltr'><strong>Abbatis</strong></span> <span class='ocrx_word' id='word_1_283' title='bbox 546 4039 579 4100; x_wconf 91' lang='lat' dir='ltr'><strong>et</strong></span> <span class='ocrx_word' id='word_1_284' title='bbox 594 4031 729 4098; x_wconf 82' lang='lat' dir='ltr'><strong>fratrum</strong></span> <span class='ocrx_word' id='word_1_285' title='bbox 754 4031 933 4099; x_wconf 89' lang='lat' dir='ltr'><strong>secundum</strong></span> <span class='ocrx_word' id='word_1_286' title='bbox 951 4029 1081 4099; x_wconf 92' lang='lat' dir='ltr'><strong>modum</strong></span> <span class='ocrx_word' id='word_1_287' title='bbox 1106 4032 1266 4117; x_wconf 86' lang='lat' dir='ltr'><strong>patuisset</strong></span> <span class='ocrx_word' id='word_1_288' title='bbox 1289 4037 1444 4117; x_wconf 87' lang='lat' dir='ltr'><strong>pretaxa-</strong></span> 
     </span>
     <span class='ocr_line' id='line_1_36' title="bbox 316 4140 1444 4228; baseline -0.004 -17"><span class='ocrx_word' id='word_1_289' title='bbox 316 4152 395 4228; x_wconf 89' lang='lat' dir='ltr'><strong>tum,</strong></span> <span class='ocrx_word' id='word_1_290' title='bbox 421 4151 489 4211; x_wconf 85' lang='lat' dir='ltr'><strong>tam</strong></span> <span class='ocrx_word' id='word_1_291' title='bbox 504 4148 624 4210; x_wconf 89' lang='lat' dir='ltr'><strong>terram</strong></span> <span class='ocrx_word' id='word_1_292' title='bbox 650 4161 749 4226; x_wconf 89' lang='lat' dir='ltr'><strong>quam</strong></span> <span class='ocrx_word' id='word_1_293' title='bbox 773 4142 902 4225; x_wconf 88' lang='lat' dir='ltr'><strong>sylnnm</strong></span> <span class='ocrx_word' id='word_1_294' title='bbox 928 4150 960 4208; x_wconf 92' lang='lat' dir='ltr'><strong>et</strong></span> <span class='ocrx_word' id='word_1_295' title='bbox 976 4140 1147 4209; x_wconf 90' lang='lat' dir='ltr'><strong>libertinos</strong></span> <span class='ocrx_word' id='word_1_296' title='bbox 1169 4141 1361 4227; x_wconf 88' lang='lat' dir='ltr'><strong>antedictos,</strong></span> <span class='ocrx_word' id='word_1_297' title='bbox 1389 4159 1444 4206; x_wconf 92' lang='lat' dir='ltr'><strong>eo-</strong></span> 
     </span>
     <span class='ocr_line' id='line_1_37' title="bbox 313 4248 1444 4338; baseline -0.004 -18"><span class='ocrx_word' id='word_1_298' title='bbox 313 4271 450 4334; x_wconf 86' lang='lat' dir='ltr'><strong>rumque</strong></span> <span class='ocrx_word' id='word_1_299' title='bbox 465 4253 613 4336; x_wconf 91' lang='lat' dir='ltr'><strong>heredes,</strong></span> <span class='ocrx_word' id='word_1_300' title='bbox 629 4273 689 4338; x_wconf 90' lang='lat' dir='ltr'><strong>per</strong></span> <span class='ocrx_word' id='word_1_301' title='bbox 705 4259 849 4319; x_wconf 89' lang='lat' dir='ltr'><strong>nostrum</strong></span> <span class='ocrx_word' id='word_1_302' title='bbox 865 4251 1058 4338; x_wconf 86' lang='lat' dir='ltr'><strong>pristaldum</strong></span> <span class='ocrx_word' id='word_1_303' title='bbox 1071 4248 1229 4317; x_wconf 75' lang='lat' dir='ltr'><strong>Comitem</strong></span> <span class='ocrx_word' id='word_1_304' title='bbox 1245 4248 1444 4336; x_wconf 83' lang='lat' dir='ltr'><strong>Dionysium</strong></span> 
     </span>
     <span class='ocr_line' id='line_1_38' title="bbox 317 4358 1446 4447; baseline -0.002 -21"><span class='ocrx_word' id='word_1_305' title='bbox 317 4358 438 4426; x_wconf 78' lang='lat' dir='ltr'><strong>dcToh</strong></span> <span class='ocrx_word' id='word_1_306' title='bbox 454 4359 650 4428; x_wconf 88' lang='lat' dir='ltr'><strong>monasterio</strong></span> <span class='ocrx_word' id='word_1_307' title='bbox 667 4361 835 4447; x_wconf 92' lang='lat' dir='ltr'><strong>sepedicto</strong></span> <span class='ocrx_word' id='word_1_308' title='bbox 846 4359 945 4428; x_wconf 89' lang='lat' dir='ltr'><strong>statui</strong></span> <span class='ocrx_word' id='word_1_309' title='bbox 960 4359 1095 4426; x_wconf 85' lang='lat' dir='ltr'><strong>lecimus</strong></span> <span class='ocrx_word' id='word_1_310' title='bbox 1111 4363 1268 4446; x_wconf 88' lang='lat' dir='ltr'><strong>perpetuo</strong></span> <span class='ocrx_word' id='word_1_311' title='bbox 1285 4365 1319 4425; x_wconf 92' lang='lat' dir='ltr'><strong>et</strong></span> <span class='ocrx_word' id='word_1_312' title='bbox 1334 4359 1446 4443; x_wconf 87' lang='lat' dir='ltr'><strong>quiete</strong></span> 
     </span>
     <span class='ocr_line' id='line_1_39' title="bbox 317 4465 1445 4557; baseline 0 -23"><span class='ocrx_word' id='word_1_313' title='bbox 317 4465 526 4554; x_wconf 88' lang='lat' dir='ltr'><strong>possidenda.</strong></span> <span class='ocrx_word' id='word_1_314' title='bbox 551 4469 593 4535; x_wconf 82' lang='lat' dir='ltr'><strong>Et</strong></span> <span class='ocrx_word' id='word_1_315' title='bbox 608 4475 644 4533; x_wconf 87' lang='lat' dir='ltr'><strong>vt</strong></span> <span class='ocrx_word' id='word_1_316' title='bbox 658 4470 724 4536; x_wconf 87' lang='lat' dir='ltr'><strong>ista</strong></span> <span class='ocrx_word' id='word_1_317' title='bbox 739 4471 833 4536; x_wconf 86' lang='lat' dir='ltr'><strong>firma</strong></span> <span class='ocrx_word' id='word_1_318' title='bbox 858 4476 890 4536; x_wconf 90' lang='lat' dir='ltr'><strong>et</strong></span> <span class='ocrx_word' id='word_1_319' title='bbox 904 4469 1032 4536; x_wconf 86' lang='lat' dir='ltr'><strong>illibata</strong></span> <span class='ocrx_word' id='word_1_320' title='bbox 1051 4469 1085 4535; x_wconf 94' lang='lat' dir='ltr'><strong>in</strong></span> <span class='ocrx_word' id='word_1_321' title='bbox 1101 4475 1293 4557; x_wconf 89' lang='lat' dir='ltr'><strong>perpetuum</strong></span> <span class='ocrx_word' id='word_1_322' title='bbox 1314 4469 1445 4556; x_wconf 89' lang='lat' dir='ltr'><strong>possint</strong></span> 
     </span>
     <span class='ocr_line' id='line_1_40' title="bbox 317 4575 1445 4666; baseline -0.004 -22"><span class='ocrx_word' id='word_1_323' title='bbox 317 4591 519 4666; x_wconf 86' lang='lat' dir='ltr'><strong>permanere,</strong></span> <span class='ocrx_word' id='word_1_324' title='bbox 536 4576 741 4658; x_wconf 86' lang='lat' dir='ltr'><strong>presentibus</strong></span> <span class='ocrx_word' id='word_1_325' title='bbox 750 4577 867 4644; x_wconf 91' lang='lat' dir='ltr'><strong>litteris</strong></span> <span class='ocrx_word' id='word_1_326' title='bbox 883 4577 1019 4646; x_wconf 83' lang='lat' dir='ltr'><strong>lecimus</strong></span> <span class='ocrx_word' id='word_1_327' title='bbox 1031 4577 1202 4663; x_wconf 90' lang='lat' dir='ltr'><strong>interponi,</strong></span> <span class='ocrx_word' id='word_1_328' title='bbox 1220 4575 1322 4660; x_wconf 89' lang='lat' dir='ltr'><strong>sigilli</strong></span> <span class='ocrx_word' id='word_1_329' title='bbox 1338 4577 1445 4643; x_wconf 86' lang='lat' dir='ltr'><strong>nostri</strong></span> 
     </span>
    </p>
   </div>
   <div class='ocr_carea' id='block_1_3' title="bbox 0 0 1571 5154">
    <p class='ocr_par' dir='ltr' id='par_1_3' title="bbox 0 0 1571 5154">
     <span class='ocr_line' id='line_1_41' title="bbox 0 0 1571 5154; baseline 0 0"><span class='ocrx_word' id='word_1_330' title='bbox 0 0 1571 5154; x_wconf 95' lang='lat' dir='ltr'><strong> </strong></span> 
     </span>
    </p>
   </div>
  </div>
 </body>
</html>
