3134 5158
901 867 978 936 208.

371 1048 404 1113 A
419 1047 675 1134 rodkesfdsdrodri
697 1047 912 1136 ltdptalanoak
938 1048 1027 1114 Peter
1050 1047 1206 1114 Zouuzlo
1218 1047 1356 1132 ficiculo,
1383 1055 1416 1114 ts
1440 1046 1501 1132 nq'c

373 1156 547 1242 Apsoros,
564 1156 707 1243 ledoyoik
721 1161 932 1223 ozdosoratetc
944 1155 1140 1223 inte'zkede'sdt
1157 1159 1312 1244 tdrqyazd
1322 1157 1502 1244 bieonysdp-

835 1265 932 1330 leode.
948 1262 1047 1328 1249.

459 1459 952 1548 Capitulumlloolesiedlbensis
962 1458 1113 1528 omnibus
1122 1458 1306 1527 Christiane
1315 1459 1392 1526 fidei
1402 1460 1502 1528 culto·

374 1568 464 1636 ribus
472 1569 680 1656 presentibus
690 1569 813 1656 paritor
822 1573 855 1636 et
864 1567 980 1636 suturis
990 1573 1159 1656 presentes
1169 1568 1296 1636 litteras
1306 1569 1503 1655 inspecturis

376 1676 516 1745 salutem
525 1676 561 1743 in
569 1678 720 1748 Domino.
730 1677 783 1745 Ad
795 1677 1136 1746 rniuersitctisVestre
1145 1677 1301 1744 noticiam
1309 1683 1424 1747 tenore
1433 1694 1505 1766 pre·

375 1785 520 1852 sencium
536 1786 683 1852 volumus
699 1785 873 1871 peruenire
886 1809 894 1850 r
908 1781 1004 1862 Quod
1013 1783 1134 1852 nobilis
1150 1784 1200 1852 vir
1208 1785 1324 1854 Petrus
1337 1786 1426 1852 lilius
1444 1787 1504 1852 Zo-

374 1893 471 1960 buslo
486 1911 552 1959 rnc
568 1913 641 1959 cum
657 1912 757 1960 uxore
773 1913 834 1959 sua
850 1891 1118 1977 dominsAgnete
1133 1911 1241 1961 eorem
1258 1894 1352 1961 uobis
1367 1913 1503 1982 comps-

374 2001 476 2068 rendo
496 2005 562 2066 tres
581 1999 678 2066 villas
695 2019 783 2085 sues,
799 1999 951 2068 videlicet
971 2001 1114 2084 Turuuc,
1130 1999 1250 2066 Winnc
1269 2007 1302 2067 et
1316 2001 1501 2084 Zaluchka,

377 2127 460 2194 quus
481 2111 557 2194 jure
576 2107 774 2176 hereditario
794 2107 924 2175 dicebat
942 2129 978 2176 se
993 2109 1191 2194 possedisse,
1218 2109 1354 2176 contulit
1370 2109 1504 2178 filiabus

375 2215 453 2303 suis,
461 2215 635 2284 (lotharico
645 2215 797 2283 videlicet
806 2216 1161 2301 vxoriOomitisJacou,
1173 2218 1395 2284 etPetronelle
1403 2218 1504 2284 uxori

376 2322 511 2391 Comitis
521 2322 666 2410 Philippi
676 2331 833 2410 perpetuo
839 2325 913 2410 jure
922 2326 1151 2411 possidendas.
1167 2327 1219 2392 Ite
1229 2324 1402 2413 siquidem,
1413 2325 1506 2409 quod

375 2440 444 2500 tom
454 2431 511 2518 lilij
529 2437 562 2498 et
576 2433 643 2499 filie
659 2430 789 2500 domine
801 2433 996 2519 Petrouelle,
1007 2433 1171 2520 quamlilij
1182 2433 1312 2500 domine
1323 2432 1505 2500 (lutharius

373 2561 439 2608 rue
454 2547 487 2607 et
502 2539 616 2607 eedem
632 2561 675 2606 ex
690 2537 815 2606 eisdem
830 2539 1091 2624 possessionibus
1107 2539 1314 2627 perfruantur
1332 2543 1504 2628 porcione.

373 2649 444 2716 Hoc
460 2656 568 2714 tamen
585 2647 706 2731 addito,
727 2645 816 2730 quod
831 2647 860 2712 si
875 2644 1040 2714 dominum
1056 2647 1272 2714 Petrouellam
1290 2647 1431 2715 filiorum
1447 2649 1506 2715 vel

373 2755 514 2822 filiarum
539 2755 662 2823 solacio
680 2773 792 2821 cerere
817 2753 1029 2840 contingeret,
1054 2754 1210 2840 quamdiu
1234 2754 1354 2822 vixerit
1373 2754 1415 2820 de
1426 2757 1506 2840 jam

375 2862 471 2929 dictis
496 2861 757 2947 possessionibus
782 2862 941 2948 equaliter
957 2879 993 2928 se
1007 2881 1080 2928 oum
1105 2881 1217 2930 sorore
1233 2882 1294 2930 suc
1318 2869 1507 2930 memorata

375 2971 587 3056 sustentabit5
612 2970 648 3036 in
664 2971 718 3036 die
734 2991 811 3039 vero
836 2971 903 3038 vite
919 2991 979 3038 sue
994 2977 1138 3039 extremo
1164 2969 1206 3037 dc
1220 2969 1317 3038 dictis
1332 2970 1423 3038 villis
1440 2993 1507 3038 nec

374 3079 491 3146 marito
507 3099 566 3147 suo
583 3077 780 3164 conferendi,
805 3099 865 3146 nec
882 3081 1032 3164 cognatis
1049 3079 1116 3146 suis
1132 3079 1293 3165 tradendi,
1311 3099 1372 3146 nec
1391 3080 1508 3146 eciam

373 3205 433 3271 pro
448 3185 592 3252 remedio
608 3186 785 3254 enimesue
800 3187 952 3272 cuiquem
962 3186 1182 3256 Ecclesiemm
1198 3185 1343 3254 donandi
1360 3186 1509 3252 habebit

373 3291 581 3379 fucultatem
608 3295 667 3360 sed
683 3293 754 3362 sine
769 3295 916 3379 qualibet
932 3293 1152 3363 diminucione
1174 3292 1378 3378 integraliter
1393 3291 1508 3378 injus

374 3409 406 3468 et
420 3401 655 3488 proprietatem
679 3403 818 3470 liliorum
834 3401 969 3471 domitis
988 3405 1093 3470 Jscou
1117 3403 1151 3468 in
1166 3407 1359 3488 perpetuum
1383 3399 1505 3470 deuol-

374 3515 526 3576 uereutur
550 3509 758 3597 possideude
783 3510 819 3576 Si
834 3529 910 3578 vero
926 3517 959 3578 et
973 3510 1064 3595 ipsos
1089 3509 1174 3578 filios
1190 3508 1347 3578 decedere
1371 3510 1506 3576 contin-

314 3615 318 3622 '
372 3625 474 3701 geret,
490 3623 567 3684 tuno
582 3617 711 3684 demum
721 3615 850 3684 filiabus
861 3615 995 3685 Comitis
1011 3615 1116 3684 Jacou
1131 3637 1172 3684 ex
1188 3636 1290 3684 uxore
1308 3635 1368 3682 sua
1378 3615 1508 3683 (latha-

371 3724 444 3790 rins
458 3725 638 3812 progenitis
654 3725 868 3792 remanebunt
882 3723 917 3791 iu
931 3730 1121 3812 perpetuum
1144 3721 1342 3812 possidende
1358 3722 1506 3809 pacifice

372 3841 405 3899 et
420 3831 528 3916 quiete
541 3857 549 3918 ς
575 3833 622 3900 ita
638 3833 723 3919 quod
738 3833 858 3899 nemini
875 3839 1086 3919 cognotorum
1101 3853 1233 3900 suorum
1248 3831 1346 3899 liceat
1361 3829 1510 3896 eusdem

370 3959 523 4008 reuocare
539 3939 606 4006 vllo
620 3941 728 4010 modo.
753 3941 822 4008 Nec
837 3943 899 4010 hoc
913 3941 1187 4028 pretermittimus,
1211 3939 1299 4025 quod
1314 3939 1407 4026 ipsas
1424 3957 1509 4007 ees-

371 4047 445 4115 dem
460 4049 559 4116 villas
575 4051 692 4117 Comes
708 4051 834 4138 Petrus,
860 4051 1017 4134 quamdiu
1042 4051 1170 4138 vixerit,
1196 4048 1395 4137 possidebit;
1422 4048 1509 4134 ipso

370 4175 448 4224 vero
463 4157 551 4224 viam
567 4157 837 4226 vniuerseceruis
854 4159 1059 4244 ingrediente
1071 4159 1259 4227 memoretis
1276 4158 1408 4226 filiabus
1424 4159 1508 4225 suis

370 4272 531 4332 eteorum
546 4265 734 4356 heredibus,
758 4267 978 4353 heredumque
1002 4267 1246 4336 successoribus
1271 4267 1510 4352 relinquentur

369 4369 606 4458 inperpetuum
623 4373 830 4462 possidendo.
856 4375 899 4442 Vt
913 4377 1012 4462 igitur
1029 4374 1125 4442 huius
1151 4373 1340 4442 colluciouis
1361 4379 1394 4438 et
1410 4371 1512 4439 ordi-

369 4479 515 4548 nacionis
530 4482 632 4550 series
657 4483 754 4549 sobur
778 4483 924 4550 obtineat
947 4489 1103 4571 perpetue
1125 4481 1297 4565 firmitatis,
1323 4485 1512 4568 presentes

370 4585 497 4653 litteras
512 4589 612 4672 sigilli
627 4592 731 4657 nostri
755 4591 930 4660 munimine
945 4593 1118 4661 roboratas
1134 4592 1178 4660 ed
1192 4590 1390 4678 peticionem
1416 4590 1516 4658 dicti
