3134 5150
595 253 753 354 gr-

124 437 158 504 nil
165 435 250 522 juris
266 435 340 500 illos
357 435 391 500 in
409 431 559 518 predicta
574 431 654 496 villa
677 429 799 496 habere
815 429 992 514 asserebat,
1021 429 1108 515 quod
1123 437 1155 496 ct
1171 427 1234 515 pri-

123 543 226 626 uilegio
253 541 400 608 eiusdem
415 539 565 606 Ecclesie
590 557 699 604 corarn
723 536 820 602 nobis
845 536 1036 602 declarauit.
1063 537 1131 602 Nos
1156 554 1234 602 uero

121 652 178 719 solo
192 649 357 738 priuilegij
382 669 449 716 uon
465 646 607 714 conteuti
622 645 816 726 testimonio,
845 644 1058 728 decredimus,
1085 645 1151 710 sibi
1165 665 1235 730 pre

122 757 177 826 lato
196 757 322 823 Abbati
347 776 421 821 oum
446 753 572 822 duobus
597 754 753 819 fratribus
779 753 859 835 suis,
886 771 966 835 quos
991 751 1133 818 aduersa
1159 773 1236 837 pars

122 865 249 947 eligeret,
279 883 378 948 snper
392 861 514 928 librum
531 861 718 944 regularum
733 857 845 926 Sancti
859 859 1029 926 Benedicti
1048 879 1164 926 munus
1181 860 1238 926 im·

123 977 274 1053 ponentes,
301 975 541 1036 sacramentum
566 969 637 1034 Deo
665 973 811 1052 prestare
838 965 1026 1050 indiximus,
1053 973 1086 1034 et
1111 969 1236 1035 duobus

120 1076 336 1162 jobagionibus
353 1075 441 1141 dicte
457 1072 615 1158 Ecclesia,
641 1093 740 1160 super
756 1073 903 1158 predicta
926 1080 1015 1140 terra
1030 1081 1177 1162 stantes,
1204 1083 1237 1144 et

120 1191 223 1252 terram
239 1203 341 1270 super
357 1183 469 1276 capita
485 1202 597 1247 eorum
613 1186 782 1266 ponentes,
795 1183 1016 1266 juramentum
1033 1183 1235 1252 adiudicari-

29 1311 30 1348 ι
121 1310 190 1374 nus,
205 1291 262 1374 qui
280 1289 387 1356 eciam
401 1289 435 1354 in
451 1289 504 1355 die
514 1287 696 1373 juramenti
712 1288 889 1356 secuudum
904 1295 1049 1370 nostram
1064 1309 1235 1358 censuram

29 1407 31 1478 l
120 1396 280 1464 manifeste
293 1403 534 1462 sacramentum
547 1396 621 1466 Deo
637 1395 857 1480 prestiterunt,
875 1401 908 1462 et
921 1416 999 1464 suos
1016 1397 1235 1483 adversarios,

121 1503 235 1570 scilicet
250 1506 395 1570 Pousam
411 1510 445 1570 et
458 1523 536 1571 suos
562 1510 720 1586 cognatos
737 1504 857 1570 iniuste
877 1504 1000 1571 dixisse
1016 1505 1237 1588 cognocimus.

121 1610 232 1678 Idcirco
248 1611 371 1678 dictum
386 1617 507 1677 terram
523 1609 689 1696 sepedicte
704 1611 852 1678 Ecclesio
868 1629 942 1676 oum
958 1612 1052 1678 metis
1069 1613 1238 1699 assiguan-

121 1723 162 1781 tes
176 1719 390 1786 restituimus.
415 1720 467 1786 Ne
482 1725 592 1785 autem
617 1720 818 1806 inposterum
834 1737 932 1805 super
954 1719 1016 1788 hoc
1032 1720 1150 1804 aliquis
1166 1742 1238 1808 pro

124 1841 205 1890 ccssu
214 1831 397 1912 temporum
413 1827 489 1894 lites
505 1827 617 1892 ualeat
626 1826 781 1908 excitare,
798 1825 842 1892 ad
851 1845 965 1910 preces
980 1827 1121 1914 sepefati
1129 1827 1233 1896 Abba·

121 1929 157 1996 tis
171 1939 202 1996 et
211 1931 428 2015 j0bagionum
444 1931 516 1998 eius
532 1931 659 1998 litteras
675 1937 845 2017 presentes
860 1931 1042 2016 sigillorum
1051 1940 1235 2004 nostrorum

122 2037 287 2104 munimine
297 2037 470 2104 roboratas
481 2037 710 2104 concessimus.
732 2037 826 2104 Auno
838 2038 932 2104 uerbi
943 2038 1107 2108 incarnati
1117 2044 1161 2108 M·
1173 2041 1239 2110 00⁰

29 2137 30 2148 ’
120 2144 219 2211 XXX⁰
232 2146 300 2211 vr.

212 2340 262 2408 (Ar
275 2343 376 2394 eredeti
389 2339 458 2394 utrln
470 2343 566 2394 Knauz
578 2339 696 2404 lldndor,
709 2344 825 2408 Mngycr
837 2343 902 2396 Sion
916 2345 952 2394 11.
966 2345 1022 2398 lrdt.
1036 2344 1098 2396 ccc.
1113 2345 1143 2410 l.)

549 2625 808 2638 ..ma-nuum..—

653 3087 707 3153 18.

29 3313 30 3324 ,
121 3267 141 3330 l
143 3265 176 3330 V.
201 3267 285 3333 Bao
309 3266 483 3354 kirdlynok
506 3267 670 3353 okmdcpo,
697 3265 839 3352 melplyel
863 3290 884 3330 c
911 3269 1053 3337 dclokctc'
1077 3276 1244 3360 opdtodpot
1307 3331 1310 3336 .

546 3375 696 3463 olapitp‘a.
718 3377 816 3440 1237.

226 3572 309 3637 Bela
323 3571 386 3638 Dei
402 3569 516 3656 gracia
531 3572 601 3636 Rex
620 3569 789 3652 Hungarie
804 3573 964 3640 uniuersis
990 3583 1172 3659 presentem
1189 3597 1244 3662 pa-

124 3679 233 3760 ginam
245 3679 442 3764 inspecturis
465 3679 605 3745 salutem
619 3678 654 3744 in
669 3698 748 3745 uero
765 3679 911 3747 salutari.
937 3681 1008 3760 Que
1023 3682 1245 3749 Ecclesiarum

123 3790 176 3854 uel
192 3785 488 3856 ceclesiasticorum
502 3783 645 3851 uirorum
660 3785 773 3852 vsibns
788 3798 848 3874 per
864 3787 1009 3853 fidelium
1033 3788 1246 3854 donacionem

29 3959 31 3994 ,
123 3897 308 3980 offeruntur,
333 3893 435 3959 iuius
459 3912 525 3958 uon
540 3897 608 3956 tam
623 3891 810 3978 humanum,
838 3914 936 3978 quam
952 3894 1107 3959 Diuinum
1131 3894 1247 3959 cedere

120 4004 341 4089 dinoscuntur,
359 4001 437 4084 quia
452 4001 488 4065 iu
498 4019 608 4067 eorum
624 4000 807 4068 collacione
821 4023 887 4069 non
904 4000 1177 4080 fauorhumanus,
1195 4002 1249 4068 uel

120 4113 167 4179 rei
182 4110 382 4193 censitorie,
409 4107 469 4173 sed
483 4113 594 4173 eterne
617 4111 893 4176 remuneracionis
914 4107 1074 4196 premium
1099 4114 1249 4196 expecta·

120 4229 182 4287 tur.
200 4219 295 4286 Vnde
304 4221 396 4283 tanto
405 4207 529 4281 drmius'
538 4221 571 4278 et
579 4213 831 4283 inreuocabilius
850 4218 948 4284 robur
960 4213 1116 4301 optinent,
1129 4223 1250 4302 quanto

121 4329 172 4394 lris
189 4327 240 4394 cui
256 4345 318 4412 pro
335 4323 428 4389 cuius
438 4319 582 4387 remedio
595 4321 812 4408 conferuntur,
833 4321 1040 4404 durabiliora,
1055 4341 1165 4407 ymmo
1175 4329 1251 4392 suut

119 4442 279 4524 perpetuo
296 4433 463 4498 duratura.
488 4427 569 4494 (lum
585 4427 685 4510 igitur
703 4429 809 4496 omnis
833 4435 980 4516 potestas
996 4431 1040 4496 sit
1058 4450 1079 4496 a
1094 4432 1176 4514 Deo,
1192 4432 1252 4497 Re·

29 4589 30 4622 3
120 4563 184 4627 ges
200 4538 411 4624 etPrincipes
427 4535 659 4603 ecclesiasticis
675 4537 871 4602 utilitatibus
882 4556 1007 4602 summo
1024 4557 1120 4622 opere
1131 4537 1251 4600 debent
