3148 5156
797 269 954 376 ..uu

309 477 399 544 Aron
416 475 565 556 Contere,
592 472 719 538 Thomu
734 473 835 538 tercio
852 469 1004 554 Custode,
1024 467 1155 535 Matheo
1181 465 1353 540 sacerdote
1379 469 1440 534 Dc-

310 605 404 668 osno‚
421 582 525 667 Gurk,
542 582 662 667 Hysoe,
679 587 712 647 et
728 580 803 647 aliis
820 578 996 647 Canonicis
1012 577 1236 645 existentibus.

342 781 486 851 (Ercdotio
501 777 676 845 biirhrirtyirn‚
691 779 818 845 nroiynck
831 779 916 846 siiggii
928 775 1050 846 pcesetje
1064 776 1202 840 clucescit,
1222 791 1239 826 s
1251 775 1334 827 nudat
1350 775 1402 825 kir.

710 870 833 920 irremorsi
848 865 1036 934 lovelttrten.)

741 1155 1000 1166 ——...--.-.-

703 1597 706 1602 ’
831 1601 910 1672 288.

311 1787 360 1850 Ac
377 1787 445 1870 cyri
459 1784 673 1871 Icciptuianrculc
688 1785 956 1870 bizonpsdplcecle,
970 1785 1052 1868 kopp
1068 1779 1129 1846 IV.
1148 1780 1228 1844 Be'la
1243 1779 1348 1864 kiruilp
1367 1801 1434 1842 ren-

309 1892 458 1958 delete'nei·
465 1892 595 1977 folptetn
605 1891 768 1956 Hermann
778 1891 1004 1975 nerncetse'pbcli
1013 1889 1163 1953 Antoleus
1181 1909 1277 1952 comes
1288 1887 1436 1951 estimo-a

494 2001 606 2064 Messes
622 1999 802 2064 hinnitibus
817 1998 1000 2082 irctoirp‘cirds
1014 2001 1133 2062 torrens
1152 1994 1250 2060 1255.

418 2195 585 2262 Vniuersis
595 2193 714 2262 Christi
731 2188 882 2262 fidelibus
900 2199 967 2260 tarn
984 2191 1189 2279 presentibus
1205 2211 1302 2275 quarn
1318 2189 1434 2258 intnris

309 2302 494 2390 Capitulum
510 2301 656 2369 Ecclesie
672 2301 842 2386 Agriensis
868 2301 1008 2370 salutem
1031 2301 1064 2367 in
1090 2299 1233 2367 omniurn
1259 2299 1435 2366 calcatore.

308 2408 702 2498 Scripturetestimonium
713 2408 1086 2493 memoriesnffragutur‚
1105 2413 1138 2476 et
1153 2407 1332 2474 futurorum
1343 2426 1433 2472 man·
1555 2487 1556 2490 Ἴ

308 2521 366 2586 dat
378 2517 497 2596 notioie
512 2517 673 2604 presentis
689 2517 845 2604 temporis
863 2518 1012 2586 acciones
1028 2549 1434 2566 ———————

306 2663 888 2676 ——————————
899 2679 907 2712 ,
933 2623 1021 2710 quod
1036 2623 1196 2692 accedens
1222 2621 1266 2689 ud
1289 2629 1435 2688 nostram

307 2735 509 2822 presenciam
519 2733 636 2803 Comes
646 2733 804 2803 Antolens
820 2733 922 2802 irater
930 2733 1053 2801 Mathie
1069 2730 1232 2819 Propositi
1247 2729 1434 2816 deScepus,

307 2843 454 2909 exhibuit
472 2841 566 2909 nobis
591 2841 718 2908 litteras
734 2842 813 2910 Beic
829 2841 971 2910 Illustris
988 2841 1089 2926 Regis
1105 2837 1248 2924 Vngorie
1269 2837 1434 2905 continen-

307 2956 355 3014 tes
372 2947 405 3014 in
422 2949 482 3014 hcc
498 2949 617 3015 verbo:

417 3055 498 3122 Belo
513 3057 576 3122 Dei
592 3056 707 3140 gracie
723 3057 786 3124 stb.
805 3053 1018 3143 (kivetkenik
1034 3055 1116 3132 Belo
1137 3055 1317 3141 kirtlynek
1336 3057 1433 3121 1255.

309 3180 480 3247 paruncsa,
497 3161 579 3228 mint
597 3161 730 3230 ientebb
746 3163 821 3229 272.
839 3181 882 3229 sz.
897 3162 944 3249 a.)

414 3269 483 3335 Nos
498 3268 598 3353 igitur
613 3270 776 3356 preceptis
791 3267 938 3336 eiusdem
954 3269 1076 3338 domini
1092 3270 1171 3337 Belo
1182 3269 1281 3354 Regis
1297 3267 1433 3336 obedire

306 3375 484 3464 cupientes,
509 3382 545 3442 vt
558 3385 716 3463 tenemur,
740 3397 807 3444 sno
823 3397 896 3444 cum
912 3377 1042 3464 prefato
1058 3377 1224 3464 Stephano
1241 3377 1309 3444 filio
1326 3373 1436 3442 Cadur

306 3484 347 3550 dc
362 3483 542 3551 'Pholchwa
564 3484 695 3551 homine
709 3482 833 3552 domini
850 3485 951 3571 Regis
967 3505 1063 3552 vnum
1090 3504 1131 3550 ex
1151 3483 1257 3569 nobis,
1283 3481 1437 3551 videlicet

304 3591 497 3676 Magistrum
513 3593 659 3658 Marcum
683 3591 806 3658 socium
822 3599 967 3660 nostrum
987 3589 1260 3660 Archidiaconurn
1279 3589 1322 3656 de
1338 3591 1435 3675 Vngh

304 3700 348 3767 od
365 3700 591 3784 exequendum
608 3699 769 3786 premissa
786 3699 938 3766 duximus
956 3698 1204 3785 destinandum
1230 3699 1285 3784 qui
1303 3698 1435 3766 demum

303 3809 378 3895 pori
394 3847 438 3858 —
453 3847 497 3858 -
512 3847 557 3856 —
573 3808 710 3876 deuntes
726 3808 821 3875 nobis
838 3808 1039 3878 concorditer
1052 3809 1240 3893 retulerunt,
1258 3807 1348 3891 quod
1360 3808 1435 3875 sab·

304 3917 380 3984 boto
396 3917 544 4003 proximo
568 3923 643 4002 post
659 3916 841 4001 quindenos
866 3917 1011 3985 eiusdem
1028 3917 1122 3986 Beati
1146 3917 1265 3986 Jacobi
1282 3917 1435 4002 Apostoli

303 4044 402 4111 super
419 4061 703 4074 -----
719 4025 937 4111 possessionis
953 4027 1078 4094 Mcsoes
1094 4033 1211 4093 vocate
1236 4023 1435 4102 accedentes

303 4131 549 4200 conuocatis-
566 4170 609 4180 -
625 4170 668 4180 ι-
688 4172 725 4180 -
745 4133 909 4201 nobilibus
926 4134 968 4202 de
982 4133 1164 4202 'Pholchws
1173 4185 1182 4220 ‚
1206 4133 1294 4200 Prud
1314 4132 1356 4199 de
1372 4135 1436 4199 Ke-

303 4245 419 4306 reztwr
434 4240 506 4324 Buq
522 4277 805 4290 -----
822 4240 1001 4311 Gornitibns
1016 4249 1049 4310 et
1059 4241 1226 4327 Magistris
1246 4239 1434 4329 specialiter

303 4343 348 4410 ibi
364 4345 607 4435 adherentibus,
633 4369 770 4417 necnon
798 4350 875 4434 alijs
892 4351 1054 4420 uniuersis
1071 4350 1188 4420 vicinis
1213 4359 1246 4417 et
1261 4355 1434 4418 commete-

305 4450 374 4518 neis
391 4451 536 4520 eiusdem
561 4453 652 4522 iuxta
668 4457 774 4541 Regni
792 4458 1057 4526 consvetudinem
1081 4457 1343 4524 reornbulossent
1358 4475 1434 4522 eun·

304 4557 378 4628 deni
397 4563 429 4622 ot
444 4558 671 4627 ‹iistinxissent
695 4563 791 4628 certis
809 4563 902 4630 nretis
919 4586 939 4631 a
956 4564 1082 4652 vicinis,
1109 4565 1357 4648 erexissentquc
1373 4587 1430 4633 uo-
