3122 5154
858 283 902 350 64

314 481 433 552 Ferrco
450 480 565 550 (lustro
589 480 758 550 werce.
784 483 856 548 Hoc
870 487 1114 550 sacramentum
1137 481 1311 568 prestitum
1326 487 1378 550 est
1394 503 1454 550 co·

313 610 384 658 ram
409 591 539 659 homine
554 588 698 674 Capituli
714 589 828 656 Sancti
843 588 1014 657 Michaelis
1041 585 1083 654 dc
1098 591 1218 660 Ferrao
1235 587 1364 674 Castro,
1382 591 1455 656 An-

314 698 394 766 drea
409 696 563 764 videlicet
587 695 776 780 sacernam
803 701 907 764 metas
936 701 1048 764 autem
1072 717 1187 766 uorsus
1212 705 1334 765 terram
1357 699 1459 765 Buza

314 805 503 890 existentes,
529 825 612 889 quas
627 804 741 892 populi
766 805 806 871 de
824 803 986 872 Gurmend
1000 823 1078 873 sues
1107 824 1181 874 esse
1201 805 1363 892 dicebant,
1389 827 1459 894 per

314 933 397 1000 quas
413 919 501 980 terra
516 932 577 980 sua
592 933 614 979 a
628 911 724 980 terris
749 918 959 998 cognatorum
975 933 1105 983 suorum
1137 919 1319 1002 separatur,
1346 913 1458 981 mani-

314 1021 398 1090 feste
414 1019 648 1108 comprobauit

314 1215 451 1288 (Eradetie
464 1212 636 1284 bllrhtrtytu,
649 1232 667 1268 a
683 1215 908 1288 hartyuasinegan
926 1220 1035 1288 fllggittt
1052 1217 1145 1288 peccet
1161 1221 1299 1284 elressett,
1312 1236 1330 1272 a
1343 1217 1458 1274 lomelt.

584 1305 699 1374 hereseg
708 1307 855 1376 Batthytui
867 1308 959 1362 csnltd
970 1304 1177 1379 levelttraban.)

747 1601 1010 1612 —n—-u———n--n

853 2057 911 2128 42.

318 2237 349 2304 A
364 2239 456 2326 pplin
471 2236 694 2325 Mptuluoouk
704 2235 973 2328 biscnpslplevcle
992 2235 1072 2323 kopp
1087 2257 1126 2301 az
1140 2237 1206 2302 orsi
1220 2237 1357 2302 mummola
1368 2223 1451 2304 ὄνε-

318 2348 376 2414 bec
392 2347 462 2414 leoli
484 2347 663 2413 birtokrslcut
688 2369 727 2412 aa
748 2346 804 2413 Oel
826 2343 1154 2432 nomadalqbeliekoek
1178 2341 1317 2410 eludtdk.
1346 2347 1453 2411 1238.

677 2503 1091 2574 ABODE

427 2669 598 2736 Vniuersis
614 2688 751 2756 presens
772 2667 927 2754 scriptum
949 2663 1146 2751 inspecturis
1162 2661 1347 2753 Capitulum
1364 2663 1453 2734 Geu-

320 2773 437 2840 ricnsis
448 2775 596 2841 Ecclesie
612 2776 752 2842 salutem
769 2775 803 2841 lu
813 2773 963 2840 Domino.
983 2771 1035 2838 Ad
1051 2772 1274 2840 uniuersorum
1291 2773 1451 2842 noticiam

320 2881 471 2948 volumus
486 2881 668 2967 peruenire,
693 2881 780 2965 quod
793 2879 1008 2948 accendentes
1024 2880 1067 2946 ad
1083 2885 1226 2946 nostram
1243 2882 1451 2967 presenciam

323 2994 382 3062 Osl
402 2997 529 3077 Comes,
546 2995 663 3061 (lomes
681 2993 871 3078 Nicholaus,
888 2991 1006 3062 (lomes
1025 2993 1215 3060 Geurieusis
1232 2993 1390 3078 Herbotlr‚
1416 2999 1455 3057 et

321 3101 488 3168 Johannes
514 3119 586 3167 cum
602 3099 678 3167 filiis
693 3099 798 3167 Belud
813 3097 951 3168 Comitis
976 3119 1018 3166 ex
1042 3106 1135 3186 parte
1151 3121 1226 3184 uua,
1252 3109 1285 3167 et
1300 3099 1451 3168 Theodo-

321 3208 399 3291 rius,
416 3207 571 3290 unomas,
588 3206 730 3291 Thyuka
755 3207 797 3273 de
811 3207 893 3273 villa
907 3207 970 3274 Vrs
994 3225 1036 3274 ex
1059 3214 1154 3292 parte
1178 3207 1284 3273 altera
1307 3207 1452 3274 confessi

323 3323 399 3383 suut
413 3335 523 3382 coram
538 3315 644 3401 nobis,
668 3314 756 3400 quod
772 3314 849 3382 dicti
865 3314 1078 3402 Theodorias,
1094 3313 1238 3383 Thomas
1256 3321 1290 3382 et
1304 3317 1454 3402 Tbyuka

324 3423 549 3491 vendidissent
558 3423 746 3490 memoratis
756 3423 825 3508 Osi,
842 3421 959 3490 Comiti
968 3423 1139 3508 nicholao,
1156 3423 1274 3492 comiti
1289 3423 1451 3511 Herboth,

322 3537 355 3598 et
370 3530 515 3598 Johauni
540 3551 612 3598 oum
628 3531 704 3600 liliis
720 3529 824 3599 Belud
848 3551 908 3617 pro
924 3531 1042 3617 viginti
1056 3537 1088 3598 et
1104 3551 1162 3598 sex
1186 3529 1305 3598 marcis
1321 3531 1385 3598 iam
1403 3531 1452 3598 ad

322 3639 454 3726 plenum
480 3639 543 3706 sibi
561 3639 747 3725 persolutis,
772 3639 857 3706 sicut
873 3639 1037 3725 dicebant,
1063 3647 1184 3706 terram
1210 3641 1375 3726 quandam
1391 3642 1451 3709 du-

321 3755 418 3816 centa
443 3753 476 3814 et
500 3748 675 3832 sexaginta
698 3746 814 3830 iugera
839 3747 1076 3831 coutinentem,
1103 3767 1201 3832 quam
1226 3747 1260 3814 in
1285 3749 1452 3820 territorio

320 3855 546 3945 prenominata
561 3855 640 3923 ville
655 3857 718 3922 Vrs
743 3861 901 3940 tanquam
916 3875 1009 3923 suam
1026 3853 1234 3944 (habebant),
1261 3857 1295 3922 in
1310 3877 1392 3944 pace
1418 3866 1455 3926 et

321 3967 446 4050 absque
471 3963 540 4032 ulla
567 3963 755 4050 calumpnia
773 3971 931 4050 perpetuo
958 3963 1200 4050 possidendam.
1227 3963 1265 4030 In
1285 3963 1376 4032 cuius
1400 3969 1453 4033 rei

320 4073 541 4140 testimouium
567 4093 628 4140 uos
644 4072 688 4139 ad
702 4072 896 4161 peticionem
911 4073 1080 4157 utriusque
1106 4073 1211 4158 partis
1231 4074 1454 4144 concessimus

321 4190 487 4266 presentes
502 4181 629 4248 litteras
655 4181 765 4267 sigillo
782 4180 925 4268 Capituli
944 4181 1047 4249 nostri
1062 4183 1245 4250 roboratas.
1273 4182 1368 4249 Anno
1385 4185 1454 4252 Do-

322 4287 401 4353 mini
416 4291 462 4353 lt⁰
472 4287 656 4357 CO⁰XXX⁰
665 4295 792 4357 octavo.

425 4465 475 4528 (An
489 4467 588 4518 enodati
602 4465 666 4519 atriu
679 4470 759 4535 Nagy
772 4471 849 4532 imre,
863 4469 952 4522 Hanni
965 4467 1136 4538 Okmtnytir
1149 4471 1171 4522 1.
1186 4471 1241 4524 leot·
1256 4473 1301 4522 20.
1314 4473 1344 4538 l.)
