3102 5160
862 263 1015 366 *aa

373 461 507 532 lecimus
524 459 694 548 introduci,
712 460 772 528 hoc
789 461 901 528 ordine
920 460 1161 548 distinguntur,
1188 461 1276 547 quod
1292 483 1313 529 a
1329 470 1423 550 parte
1441 460 1507 529 ori-

373 571 475 639 entali
499 575 741 639 commetaneus
767 569 910 656 ipsorum
929 574 979 636 cst
994 571 1096 636 Ilmsa
1120 568 1296 657 kenenus,
1322 577 1355 638 et
1379 569 1505 637 abhinc

374 701 396 746 a
411 679 540 765 capella
556 679 657 744 Beate
673 676 818 763 Virginis
835 675 938 742 llarie
967 676 1112 762 procedit
1137 679 1288 764 superius
1314 678 1406 746 iuxta
1427 677 1505 745 Sco-

372 789 459 872 ham,
477 793 510 853 et
526 784 627 853 eciam
653 784 829 852 medietato
854 789 939 851 terre
964 783 1078 850 Mihali
1105 785 1252 870 predicte
1276 784 1453 852 reuertitur
1473 785 1507 850 in

375 905 494 962 terram
519 893 662 980 ipsorum
689 891 853 961 eruticiam
879 911 951 956 eum
977 909 1035 956 sex
1057 891 1162 976 metis,
1189 897 1222 958 et
1247 893 1293 958 ibi
1318 901 1389 960 tota
1416 898 1510 959 meta

371 1023 473 1090 supra
488 999 574 1068 dicte
592 1009 675 1068 torre
691 999 892 1066 terminatur.
911 999 960 1065 Ne
977 1018 1055 1068 uero
1072 1000 1131 1066 hcc
1147 1021 1169 1066 a
1184 1000 1278 1068 nobis
1298 999 1386 1066 lucta
1402 999 1508 1068 ‹lona-

372 1111 424 1179 cio
439 1131 498 1198 per
514 1109 657 1195 aliquem
674 1129 844 1196 perperam
863 1113 1014 1192 argentm
1030 1107 1140 1174 valeat
1155 1107 1189 1173 in
1206 1107 1333 1174 irritum
1343 1109 1508 1195 reuocari,

373 1217 432 1287 sed
459 1218 554 1285 salua
580 1237 710 1303 semper
735 1223 768 1282 et
792 1215 987 1283 inconcussa
1010 1220 1218 1300 perseuerat,
1244 1214 1287 1281 ad
1308 1224 1507 1304 perpetuum

373 1327 472 1396 robur
487 1324 696 1394 obtinendum
713 1331 881 1412 presentes
897 1324 1021 1392 eisdem
1038 1323 1260 1392 concessimus
1279 1325 1404 1392 litteras
1422 1326 1506 1415 dup-

372 1436 468 1523 plicis
495 1435 597 1521 sigilli
623 1435 725 1502 nostri
751 1432 926 1502 munimine
951 1432 1171 1520 perempniter
1198 1432 1378 1502 roboratas.
1405 1436 1508 1500 Anno

372 1545 483 1628 gracia
507 1543 680 1611 millesimo
707 1543 929 1610 ducentesimo
958 1541 1213 1625 quadragesimo
1236 1549 1349 1626 sexto,
1375 1543 1507 1610 XVlll?

373 1653 534 1720 kalendas
549 1651 731 1737 Februarij,
748 1650 853 1734 Regni
868 1657 977 1717 autem
992 1649 1094 1718 nostri
1111 1671 1197 1716 anuo
1214 1649 1395 1718 undecimo.

373 1815 511 1883 (Eredetie
529 1809 705 1880 btirhdrtyrin,
725 1812 835 1878 melrritl
853 1809 1113 1877 singu-iehdr-rttrlls
1126 1813 1352 1878 selyemzsinoron
1372 1825 1390 1862 a
1412 1809 1508 1880 lrirrily

427 1907 516 1962 ketttls
530 1901 703 1970 peesdtjduek
715 1900 843 1954 tttreddlrc
857 1903 933 1968 sugg.
946 1917 963 1954 a
976 1903 1058 1954 budai
1071 1903 1097 1952 k.
1111 1903 1234 1954 kamarai
1248 1899 1439 1969 levtlulrbun.)

377 2689 433 2756 IV.
455 2689 543 2756 lucae
553 2693 644 2778 pcipe
660 2687 779 2755 Drinicl
800 2693 950 2778 perliceret
966 2691 1082 2778 la'rur'lpt
1098 2693 1129 2754 e's
1143 2693 1292 2776 orazcr'pcit
1314 2715 1353 2754 aa
1370 2696 1515 2777 aposloli

626 2797 751 2862 szcluclr
763 2797 951 2883 prirlfopdsu
968 2798 1020 2863 atu
1036 2801 1125 2862 cesai.
1150 2796 1248 2861 12t6.

481 2957 688 3026 Innocentius
703 2956 887 3043 Episcopus
904 2977 1018 3026 seruus
1034 2977 1201 3026 seruorum
1217 2956 1281 3023 Dei
1297 2955 1416 3024 dilecto
1434 2957 1515 3025 lilio

374 3117 383 3134 .
402 3117 409 3132 .
428 3115 436 3132 .
452 3064 536 3148 Regi
552 3063 669 3130 Rnssie
693 3063 818 3130 Illustri
844 3065 1032 3132 salutemet
1051 3063 1276 3152 Apostolieam
1302 3063 1511 3132 benedictio-

374 3195 457 3242 nem.
484 3171 565 3240 (lum
580 3177 613 3238 te
638 3193 677 3239 ac
692 3173 839 3256 Regnum
864 3181 965 3256 tunm,
992 3179 1103 3259 utpote
1129 3173 1364 3260 plantationem
1390 3176 1514 3242 norel-

373 3283 451 3365 lam‚
467 3299 687 3366 proponamus
713 3281 867 3366 prosequi
884 3281 1021 3367 speciali
1047 3281 1258 3366 prerogativa
1273 3279 1379 3365 gratie
1394 3301 1437 3348 ac
1455 3280 1513 3348 ia-

373 3387 472 3474 roris,
500 3387 586 3455 rotis
601 3387 667 3454 tnis
694 3387 833 3456 libenter
857 3390 1040 3475 annuimus,
1057 3394 1090 3456 et
1104 3389 1279 3476 petitiones
1294 3395 1380 3474 tuas,
1400 3410 1516 3473 qnan-

374 3503 442 3562 tum
458 3515 531 3562 onm
547 3496 617 3561 Deo
632 3513 816 3581 possumus,
832 3497 1056 3565 reparabiliter
1069 3497 1271 3564 exaudimus.
1291 3496 1371 3564 'I'uis
1387 3497 1517 3582 itaquae

373 3602 668 3689 supplicationibus
692 3603 841 3670 inclinati
868 3625 1041 3689 personam
1056 3613 1146 3671 tuam
1162 3613 1195 3672 et
1211 3607 1358 3689 Regnum
1377 3605 1518 3690 predic-

372 3716 439 3776 tum
456 3710 517 3777 sub
532 3710 627 3778 Beati
643 3711 731 3778 Petri
747 3718 780 3779 et
804 3720 917 3781 nostra
940 3713 1140 3800 protectione
1156 3713 1364 3810 suscipimus,
1380 3717 1415 3776 et
1430 3734 1516 3798 pre-

372 3818 475 3886 sentis
486 3818 601 3904 scripti
616 3819 798 3903 patrocinio
810 3821 983 3889 munimus.
999 3821 1088 3889 Nulli
1100 3841 1179 3906 ergo
1193 3819 1324 3888 omnino
1336 3819 1518 3890 hominnm

371 3925 470 3992 liccat
483 3925 569 3992 hane
584 3927 740 4012 pagiuam
754 3935 864 3996 nostre
881 3929 1093 4014 protectionis
1113 3927 1290 4012 intringere
1301 3927 1353 3994 rel
1369 3927 1400 3992 ei
1418 3947 1520 3998 ausu

371 4031 544 4099 temerario
562 4033 733 4102 contraire.
759 4034 883 4118 Siquis
901 4043 1010 4103 autern
1026 4037 1087 4104 hoc
1112 4041 1310 4122 attemptare
1331 4055 1522 4126 presump-

371 4142 473 4226 serit,
498 4141 755 4228 indignationem
782 4143 843 4210 Dei
871 4141 1130 4231 omnipotentis,
1156 4145 1333 4212 Beatornm
1356 4145 1447 4211 Petri
1481 4159 1525 4217 et

371 4249 466 4316 Pauli
491 4249 722 4336 Apostolorum
747 4250 829 4335 eius,
855 4259 888 4318 et
911 4259 1057 4320 nostram
1081 4273 1117 4320 se
1133 4253 1261 4320 nouerit
1286 4253 1524 4325 incursurum.

372 4357 493 4422 Datum
502 4355 653 4442 Lugduni
664 4358 702 4426 V.
713 4378 817 4426 nonas
827 4360 907 4426 Maii
923 4357 1151 4448 (Pontificatus
1163 4361 1282 4450 nostri)
1297 4381 1383 4430 auno
1394 4366 1524 4432 tertio.

417 4499 574 4564 (Turgenev
584 4501 616 4550 A.
627 4502 664 4562 J.‚
677 4503 817 4557 Historiae
830 4505 945 4556 Ruscino
959 4507 1143 4568 Monumentu,
1157 4509 1178 4559 1.
1192 4509 1249 4559 kot.
1262 4507 1304 4560 Su.
1319 4507 1460 4562 Pdtarvsir

850 4594 925 4643 rarr.
942 4597 984 4646 ur.
998 4594 1027 4660 r.)
