3148 5156
844 283 998 394 All.

363 487 518 558 mandato
534 487 641 555 incliti
656 487 757 556 Ducis
774 487 980 558 Venetiarum
996 485 1115 554 (inmiti
1130 485 1267 574 Ragnsii
1287 490 1320 552 et
1334 475 1486 570 ejusdem

361 607 445 666 terre
460 633 741 647 —————
756 597 861 665 nuntii
877 596 1052 682 mitterent,
1078 600 1113 664 nt
1127 615 1188 682 per
1211 593 1381 681 cujusdam
1396 612 1485 662 com·

361 707 527 774 missionis
544 705 695 774 virtutem
720 706 784 792 ipsi
800 711 994 794 potestatem
1018 703 1178 772 habereut
1197 701 1371 788 tractandi,
1396 723 1484 771 com-

361 815 511 902 ponendi,
529 851 571 862 -
592 853 654 900 ·-,
680 814 898 882 concordandi
924 821 957 881 et
980 811 1185 898 terminandi,
1211 833 1251 880 uc
1274 811 1309 878 in
1333 811 1485 898 preclaro

360 925 431 992 viro
448 923 577 991 domino
594 923 718 990 Jacobo
735 922 910 992 Oontarino
927 922 1053 992 Comite
1071 921 1246 1006 antedicto,
1269 919 1439 988 Judicibns
1452 922 1486 984 et

362 1032 598 1101 eommunirare
613 1032 751 1118 Ragnsii
775 1053 874 1122 super
889 1033 1040 1104 omnibns
1056 1033 1175 1116 causis,
1200 1029 1340 1116 negotiis
1360 1033 1395 1095 et
1410 1045 1488 1110 que-

362 1142 531 1226 stionibus,
559 1162 622 1227 que
637 1143 799 1228 qnondam
823 1143 1049 1228 incubuerunt,
1075 1149 1109 1208 et
1122 1158 1208 1206 nnnc
1223 1136 1267 1205 ad
1285 1155 1422 1225 presens
1438 1134 1486 1200 in·

361 1250 514 1318 cumbunt
537 1251 621 1319 inter
638 1251 733 1319 (lives
750 1251 880 1339 Spalati
895 1259 927 1318 et
943 1248 1214 1317 communitatem
1229 1247 1424 1328 universam,
1454 1250 1488 1310 et

360 1363 443 1426 iuter
467 1359 603 1444 Rugusii
628 1358 723 1428 Cives
748 1367 781 1427 et
805 1360 1088 1445 Communitatem,
1112 1363 1247 1446 propter
1271 1375 1334 1440 que
1350 1352 1487 1439 aliquod

361 1467 550 1535 scandalum
575 1469 658 1535 inter
681 1479 850 1555 utramque
867 1468 1040 1537 Civitatem
1060 1472 1172 1554 posset
1186 1465 1274 1550 oriri,
1297 1462 1368 1530 siue
1383 1468 1487 1528 antea

359 1576 474 1644 luisset
483 1583 595 1645 ortum.
607 1577 707 1663 Cujus
717 1597 793 1645 vero
804 1575 967 1645 antedicta
977 1573 1213 1644 commissionis
1223 1570 1486 1642 tenortalisest:

481 1688 576 1754 Anno
598 1686 768 1753 Dominice
792 1684 1035 1753 incarnacionis
1064 1682 1235 1751 millesimo
1260 1678 1486 1750 ducentesimo

360 1792 626 1880 quinquagesimo
643 1795 792 1882 septimo,
810 1792 989 1860 indictione
1005 1791 1134 1860 decima
1148 1791 1271 1876 quinta,
1293 1785 1349 1854 die
1364 1793 1487 1872 quarta

361 1903 487 1970 decima
509 1903 650 1970 intrante
665 1904 793 1970 Martio.
818 1905 988 1990 Regnante
1012 1901 1142 1970 domino
1169 1905 1281 1968 nostro
1296 1897 1377 1968 Belo
1390 1898 1485 1965 Sere·

361 2011 496 2078 nissimo
512 2011 602 2097 Rege
616 2011 781 2096 Vngarie5
797 2012 996 2099 temporibus
1006 2010 1137 2096 Rogerii
1153 2007 1352 2078 uenerabilis
1371 2004 1488 2072 Arain-

361 2119 506 2207 episcopi
520 2118 731 2205 spalatensis,
748 2120 906 2207 Stephani
922 2118 1060 2188 iiIustris
1076 2118 1160 2186 Bani
1175 2117 1357 2202 Sciuvonic,
1374 2115 1485 2185 Comi-

360 2229 403 2296 tis
429 2226 586 2297 (luidonis
610 2227 745 2296 Comitis
765 2228 936 2296 Modrusse
961 2236 993 2296 et
1007 2226 1151 2296 Vindolii
1166 2225 1356 2313 Potestatis,
1375 2225 1487 2294 Dassa

360 2335 542 2421 Michaelis,
555 2333 655 2421 Petri,
666 2333 824 2425 Oeneche,
840 2337 961 2423 Debre,
972 2334 1271 2405 DusazeJudicum.
1288 2333 1346 2401 Vir
1360 2333 1487 2402 nobilia

360 2442 510 2512 dominns
526 2442 643 2531 (inydo
659 2444 809 2513 Potestas
825 2451 858 2513 et
873 2447 894 2513 J
897 2445 1006 2512 udices
1022 2443 1214 2532 supradicti,
1236 2463 1309 2511 cum
1324 2440 1488 2510 Consilia-

359 2553 416 2622 riis
433 2561 465 2620 et
490 2555 641 2621 universa
657 2551 895 2620 communitate
910 2553 1039 2642 Spalati
1064 2572 1124 2642 per
1137 2553 1200 2621 hoc
1216 2569 1350 2639 presens
1365 2550 1487 2618 iustru-

359 2669 499 2730 mentum
515 2662 667 2751 iecerunt,
685 2663 920 2732 constituerunt
932 2671 965 2730 et
980 2661 1308 2732 ordiuuuernntviros
1325 2657 1487 2748 providos

361 2771 542 2839 Johannem
562 2771 681 2838 Vitaiis
706 2779 739 2839 et
763 2770 957 2857 (tragurium
974 2769 1084 2838 Grube
1107 2776 1278 2858 presentes
1304 2787 1381 2836 snos
1406 2787 1489 2836 nun-

359 2881 432 2965 tios,
448 2887 676 2967 procuratores
694 2886 726 2946 et
741 2885 868 2946 actores
883 2878 918 2946 in
932 2877 1088 2965 Ragusio,
1114 2877 1157 2946 ad
1171 2876 1377 2945 tractandum
1396 2895 1488 2946 com-

359 2989 553 3077 ponendum,
563 2989 805 3077 paciscendum,
822 2985 1093 3075 concordandum,
1108 2995 1141 3056 et
1151 2984 1393 3054 terminandum
1408 3005 1488 3052 curn

359 3096 498 3182 Egregie
515 3105 547 3164 et
563 3097 685 3165 illustri
701 3098 771 3166 viro
787 3096 919 3165 domino
934 3095 1058 3164 Jacobo
1077 3094 1253 3165 Goutarino
1272 3092 1409 3179 (inmite,
1427 3094 1488 3160 Ju-

360 3203 486 3272 dieibns
502 3211 535 3272 et
551 3203 789 3274 communitate
807 3204 955 3291 Ragusii
972 3223 1069 3291 super
1085 3203 1232 3272 omnibus
1251 3202 1361 3272 causis
1377 3209 1487 3270 etue-

359 3314 477 3398 godis,
504 3333 567 3397 qne
591 3315 779 3382 incumbunt
802 3315 886 3383 inter
911 3312 1008 3381 Cives
1033 3312 1171 3398 Ragusii
1196 3318 1229 3380 et
1256 3311 1486 3398 Spalatenses,

358 3427 492 3508 propter
508 3441 570 3508 que
585 3423 718 3508 aliquod
733 3421 923 3490 scandalum
932 3423 1017 3490 inter
1035 3427 1203 3507 utramque
1219 3421 1393 3488 Civitatem
1409 3440 1489 3507 pos·

360 3534 410 3597 set
434 3529 520 3618 oriri,
547 3531 619 3600 sivo
643 3532 803 3600 hactenus
827 3531 943 3600 luisset
967 3538 1124 3619 exortum,
1156 3537 1188 3599 et
1213 3529 1391 3598 adomnia
1414 3529 1490 3596 alia

358 3638 551 3726 faciendum,
578 3661 641 3726 que
666 3643 734 3710 veri
749 3649 782 3710 et
799 3641 938 3727 legitimi
962 3647 1188 3729 procuratores
1213 3639 1322 3708 facere
1346 3645 1490 3724 possent

359 3755 391 3815 et
406 3749 579 3837 deberent;
606 3752 828 3837 promittentes
853 3757 958 3818 ratum
973 3749 1095 3818 habere
1111 3756 1144 3816 et
1163 3747 1299 3834 tirmum,
1325 3747 1489 3832 quicquid

356 3853 456 3924 iidem
465 3864 691 3946 procuratores
703 3859 791 3926 circa
805 3858 954 3946 predicta
969 3878 1041 3927 cum
1057 3857 1204 3946 predicto
1214 3857 1343 3926 domino
1354 3853 1490 3925 Gemite

358 3970 390 4030 et
400 3964 636 4034 (iommuuitate
652 3968 791 4054 Ragusii
799 3967 950 4036 duxerint
959 3967 1154 4035 laciendum.
1173 3965 1289 4034 Actum
1300 3964 1432 4054 Spalati
1451 3965 1490 4031 in

357 4073 480 4160 palatio
497 4075 620 4143 domini
636 4077 824 4144 Potestatis.
841 4079 957 4144 Testes
973 4077 1141 4144 lohannes
1156 4073 1313 4162 Oicayda,
1329 4071 1489 4141 Andreas

357 4181 506 4269 Michaci,
531 4183 639 4251 iiicha
653 4183 754 4251 liadii
770 4189 803 4251 et
818 4183 887 4251 aiii.
913 4183 956 4251 iit
971 4203 1033 4271 ego
1052 4183 1199 4272 Operssa
1222 4179 1380 4250 Dabralis
1395 4181 1490 4247 Exa-

357 4293 496 4360 minator
511 4312 642 4360 manum
666 4313 772 4361 meam
788 4293 871 4365 misi.
887 4293 959 4398 ligo
975 4293 1107 4360 Amicus
1123 4285 1321 4378 Capelianus
1342 4287 1490 4357 comitia

358 4399 486 4486 Spalati
508 4401 689 4490 imperialis
713 4403 869 4471 Notarius
895 4401 947 4470 his
971 4401 1113 4488 interfui,
1139 4407 1173 4469 et
1186 4400 1228 4468 de
1242 4399 1399 4466 mandato
1424 4397 1489 4469 de

358 4507 436 4571 mini
444 4507 619 4576 Potestatis
631 4511 792 4596 judicium
802 4509 1028 4580 Oousiiiatoris
1041 4519 1074 4579 et
1089 4505 1336 4578 communitatis
1345 4515 1490 4596 rogatus

359 4613 475 4698 scripsi
491 4623 523 4682 et
538 4625 692 4687 consueto
707 4618 802 4704 siguo
816 4619 977 4693 roboravi.
