3102 5160
624 849 700 917 lot.

104 1028 161 1099 W.
178 1029 263 1096 lacae
275 1035 367 1117 pdpo
391 1027 530 1114 Vilstcrfi
545 1026 656 1096 Hect'lo
668 1029 808 1117 papatui,
827 1030 859 1096 lo·
877 1028 1085 1098 Galicec'ddaa
1103 1055 1141 1098 aa
1159 1053 1228 1118 epy-

101 1137 172 1202 bo'ze'
191 1141 263 1204 ιιιιιο
288 1137 466 1225 tdrpyddcn
489 1143 600 1224 mapuc
621 1137 787 1205 tiliniaco
810 1139 993 1222 drdcmeettc',
1012 1139 1227 1224 putudmozdso

462 1243 550 1314 dedat
563 1243 740 1312 iatc'clccdt'lc.
757 1241 856 1310 1247.

202 1442 409 1510 Innocentius
424 1441 607 1529 Episcopus
623 1459 737 1510 servus
763 1460 929 1511 servorum
953 1443 1016 1509 Dei
1043 1443 1223 1512 venerabili

97 1548 213 1616 tratri.
235 1547 545 1638 ..Archiepiseopo
569 1549 760 1636 Mogontino
786 1551 925 1618 salutem
950 1557 983 1617 et
1003 1549 1224 1637 Apostolicam

98 1655 349 1724 beneditionem.
375 1657 521 1725 Dilectus
537 1657 623 1725 tillus
647 1656 766 1725 Hezelo
791 1657 833 1724 de
859 1656 998 1725 Vilstori
1017 1657 1165 1740 clericus,
1190 1658 1223 1723 in

96 1771 207 1833 nmtra
232 1765 405 1852 proposuit
430 1766 598 1852 presentia
625 1765 826 1852 constitutus,
851 1765 938 1851 quod
962 1784 1035 1832 cum
1059 1784 1119 1833 nos
1145 1765 1223 1833 olim

93 1872 150 1940 tibi
166 1891 227 1959 per
250 1877 381 1943 nostae
405 1873 533 1941 litteras
558 1872 746 1942 duxerimus
771 1870 1023 1956 concedendum,
1048 1881 1085 1940 ut
1109 1893 1224 1960 posses

94 1979 219 2049 dnobus
236 1981 289 2048 vel
316 1981 423 2049 tribus
447 1980 481 2049 in
506 1978 694 2050 Coloniensi
721 1985 754 2048 ct
777 1979 966 2048 Trevirensi
992 1981 1166 2069 provinciis
1191 1981 1224 2048 in

95 2086 329 2156 ecclesiasticis
362 2085 542 2158 benediciis
565 2107 678 2156 eorum
712 2086 845 2156 cuilibet
870 2087 1039 2173 usquead
1065 2109 1224 2159 summam

92 2196 227 2283 triginta
243 2194 448 2264 marcharum
463 2195 592 2282 argenti
609 2197 643 2264 in
660 2216 733 2283 una,
751 2195 804 2263 vel
819 2195 966 2283 pluribus
981 2196 1138 2267 Ecclesiis
1154 2220 1223 2286 pro·

94 2306 228 2392 ridere;
256 2303 394 2372 dilectus
418 2305 505 2373 tilius
522 2353 530 2371 .
547 2355 555 2372 .
572 2355 581 2372 .
598 2303 799 2374 Scolasticus
823 2304 1044 2390 Magantinus,
1070 2307 1123 2374 cui
1139 2327 1222 2376 com-

92 2415 233 2484 miseras
251 2413 287 2480 in
304 2411 489 2480 huiusmodi
504 2413 636 2498 negotio
647 2413 793 2482 totaliter
809 2411 895 2480 vices
910 2419 995 2498 maa,
1014 2462 1020 2478 .
1039 2462 1047 2479 .
1064 2463 1073 2481 .
1089 2415 1222 2484 Decano

90 2531 120 2590 et
135 2521 295 2609 Capitale
311 2520 426 2589 Sancti
449 2521 632 2591 'l'heobaldi
647 2521 815 2606 Metenris,
844 2525 879 2588 ιιι
907 2518 1043 2589 eundem
1071 2520 1223 2590 clericum

89 2631 289 2717 recipientes
304 2629 339 2696 in
365 2629 555 2698 canonicum
571 2635 604 2697 et
628 2629 662 2696 in
678 2629 809 2698 tratrem
835 2628 1044 2717 prebendam,
1061 2628 1090 2697 si
1106 2648 1172 2715 qua
1187 2629 1221 2697 in

88 2759 200 2808 eorum
218 2737 370 2807 Ecclesia
384 2743 462 2806 tunc
476 2739 631 2824 vacabat,
654 2737 706 2806 vei
724 2756 820 2825 qaam
845 2737 910 2808 cito
936 2757 972 2806 se
997 2737 1040 2805 ad
1054 2737 1089 2805 id
1107 2737 1222 2806 offeret

88 2846 309 2936 oportunitas,
330 2845 509 2915 liberaliter
524 2849 739 2934 assignarent,
755 2867 795 2915 ac
812 2896 821 2914 .
838 2897 847 2914 .
865 2897 873 2914 .
899 2845 1076 2916 Abbatisse
1091 2851 1124 2916 et
1142 2847 1223 2915 (ion-

87 2955 202 3024 rentui
217 2954 285 3024 loci
301 2953 458 3042 ejusdem,
476 2961 512 3022 ut
527 2955 615 3024 dicto
631 2955 750 3024 clerico
765 2955 799 3023 iu
816 2953 930 3040 aliqua
944 2955 1163 3024 Baetasiorum
1179 2955 1222 3023 ad

89 3063 305 3134 donationem
321 3067 415 3132 suam
432 3063 655 3152 spectantium,
675 3065 769 3151 cujus
784 3059 930 3132 redditus
946 3061 1058 3132 decem
1074 3062 1220 3132 marcha-

88 3195 158 3241 mm
176 3171 326 3240 valorem
339 3171 539 3260 atiugerent
553 3172 732 3260 annuatim,
743 3169 915 3262 providere
932 3171 1110 3241 mandavit.
1127 3171 1222 3252 Quod

89 3282 167 3368 quia
183 3285 256 3348 tam
272 3280 434 3365 Decanus,
452 3287 484 3349 et
499 3279 696 3368 Capitulum,
713 3299 812 3366 quam
828 3277 1018 3366 Abbatissa,
1035 3287 1068 3347 ct
1078 3278 1222 3349 Oonren·

87 3399 136 3457 ius
152 3383 299 3477 predicti
315 3387 424 3456 tacere
443 3387 676 3458 contumaciter
690 3389 902 3476 denegarunt,
919 3383 1007 3455 idem
1021 3387 1221 3457 Scolasticus

84 3499 116 3564 in
144 3516 207 3566 eos
223 3495 314 3584 pimo
330 3496 563 3584 suspensionis,
580 3517 620 3565 ac
636 3497 766 3566 demum
781 3495 1127 3565 excommunicationis
1148 3515 1219 3565 seu·

87 3605 212 3673 tentiam
229 3601 459 3690 promulgarit
474 3603 594 3672 Verum
610 3623 683 3673 oum
699 3603 906 3692 postmodum
921 3623 981 3692 per
996 3601 1133 3672 eundem
1147 3603 1221 3673 Sco-

88 3712 242 3780 lasticum
262 3730 448 3798 processum
464 3709 649 3797 hrp'usmodi
665 3709 736 3778 siue
755 3709 907 3798 judiciali
923 3709 1072 3799 strepitu,
1096 3730 1137 3779 ac
1152 3717 1220 3778 tan-

85 3821 167 3906 dem,
185 3840 227 3888 eo
245 3817 282 3885 id
299 3817 428 3887 eiicere
444 3837 508 3888 nou
525 3825 668 3907 curante,
687 3837 745 3907 per
761 3868 769 3886 .
788 3867 796 3885 .
813 3867 821 3884 .
838 3819 1004 3888 Decanum
1020 3817 1133 3887 Sancti
1149 3818 1219 3886 Sal·

85 3925 211 3996 tatoris
227 3923 389 3994 Maiensis
413 3924 676 3995 mandaverimus
691 3926 851 4014 revocari,
881 3944 922 3994 ac
937 3925 1042 3995 dictus
1067 3927 1220 3995 Decauus

84 4058 140 4121 per
156 4089 164 4105 .
183 4085 192 4102 .
211 4084 219 4102 .
237 4033 416 4104 officialem
432 4035 610 4103 Metcnsem
626 4034 788 4122 prefatam
812 4033 1006 4102 sententiam
1030 4031 1144 4102 iecerit
1170 4055 1217 4104 re·

83 4143 202 4228 laxam,
228 4141 327 4210 nobis
348 4141 494 4230 prelatus
519 4143 655 4211 clericus
681 4139 845 4210 humiliter
860 4140 1070 4229 supplicavit,
1096 4147 1131 4208 ut
1155 4142 1218 4211 sibi

22 4339 23 4348 ι
83 4274 178 4339 snper
206 4251 274 4320 irco
300 4249 470 4338 providere
505 4260 646 4338 patema
671 4249 844 4320 clementia
868 4269 1064 4318 curaremus.
1099 4249 1218 4320 Dilecti

22 4349 24 4446 ι
82 4363 194 4449 itaque
220 4358 283 4427 tilii
309 4357 462 4444 Gregorii
487 4357 627 4426 Abbatis
658 4357 699 4425 de
724 4359 833 4425 Monte
857 4359 969 4426 Sancti
994 4359 1160 4446 Danielis,
1187 4367 1220 4427 et

22 4421 24 4544 ι
80 4472 217 4539 Dauum
235 4467 278 4536 Η
296 4463 384 4534 etl.
404 4463 445 4531 de
461 4465 576 4534 ordine
589 4465 726 4533 fratrum
742 4464 996 4554 Predicatorum,
1009 4465 1195 4534 carissimi
1186 4487 1219 4534 ιιι

22 4555 211 4680 {Christo
227 4572 288 4642 iiiii
298 4570 451 4641 Danielis
461 4573 560 4660 Regis
575 4573 692 4642 Russie
703 4572 897 4660 nuntiorum,
916 4592 989 4640 cum
1006 4574 1124 4660 quibus
1135 4573 1220 4642 idem
