3122 5154
95 1027 297 1116 dceaaprdmi
320 1027 545 1115 sopratoooak
560 1024 830 1114 biaooyedplecclo,
854 1025 934 1113 kopp
949 1028 1070 1114 Empta
1091 1028 1123 1090 dr
1139 1037 1206 1090 teat·

92 1136 166 1199 cirri
177 1134 368 1222 aolomopyei
393 1133 628 1221 cdry‘obbdpyok
647 1133 775 1199 Gaetulo
798 1136 879 1198 oeod
892 1134 1003 1198 drdkde
1028 1133 1210 1198 birtoltakat

357 1241 484 1308 Hocotd
500 1242 657 1307 manee
675 1241 815 1307 eladtdk.
841 1243 938 1308 1239.

188 1436 373 1523 Capitulum
398 1435 667 1522 Wesprimiensis
692 1435 841 1504 Ecclesia
866 1436 1016 1504 omnibus
1039 1443 1210 1524 presentes

96 1541 207 1610 littam
232 1543 432 1628 inspecturis
448 1545 589 1611 salutem
612 1543 645 1610 in
661 1543 801 1611 Domino
817 1543 838 1611 J
841 1562 898 1610 esu
914 1542 1052 1610 Christo.
1076 1542 1129 1610 Ad
1144 1543 1212 1609 vni-

96 1667 249 1718 rersornm
273 1651 433 1719 noticiam
458 1653 607 1718 volumus
631 1653 814 1738 peruenire,
841 1649 929 1734 quod
952 1650 1050 1718 homo
1077 1649 1212 1718 Comitis

96 1754 237 1843 Hoholdy
252 1759 385 1825 nomine
401 1757 523 1826 Paulus
538 1759 626 1826 filius
645 1761 753 1826 Pouse
770 1757 908 1826 darilla
923 1758 1083 1826 Kuhunus
1106 1759 1141 1825 in
1156 1779 1212 1825 no-

96 1865 338 1952 strapreaeneia
348 1864 544 1932 constitutus
560 1885 602 1931 ex
617 1885 683 1932 vna
698 1873 811 1953 parte;
829 1867 963 1952 Empsa,
974 1867 1078 1952 Dyca,
1090 1867 1213 1950 Itemyr

96 1973 238 2057 etHeym
264 1971 325 2056 filij
341 1973 439 2055 Dees,
456 1971 571 2038 Petrus
596 1973 683 2038 filius
709 1972 813 2059 Ghug,
838 1973 939 2040 Turul
965 1977 998 2039 et
1012 1975 1130 2056 cryeon
1154 1971 1213 2060 filij

93 2079 223 2147 dinnad
238 2077 280 2144 de
297 2079 379 2146 villa
394 2079 471 2162 Boc,
485 2079 682 2164 jobagiones
700 2079 800 2148 castri
816 2079 1021 2148 chcdicnsis
1038 2078 1213 2166 degenere

95 2185 249 2255 iohannis
265 2187 402 2255 Maioris
412 2188 584 2256 Exercitus
600 2209 641 2255 ex
658 2189 763 2256 altera
772 2195 990 2276 asseruerunt,
1010 2186 1099 2273 quod
1114 2209 1214 2273 quan·

95 2295 161 2363 dam
188 2303 313 2364 terram
339 2315 449 2362 eorum
481 2295 713 2364 hereditariam
738 2295 942 2364 adiacentem
967 2305 1055 2364 terre
1080 2298 1215 2364 cortule

95 2424 158 2472 cnm
181 2405 284 2472 vinea
310 2410 383 2470 coto
399 2405 515 2488 iugera
539 2411 700 2472 terrarum
724 2407 920 2489 continente,
947 2425 1011 2489 que
1027 2411 1078 2472 est
1102 2404 1167 2470 sita
1181 2405 1217 2469 in

97 2513 202 2580 eadem
218 2519 319 2598 terra,
347 2512 421 2596 ipso
438 2511 563 2578 Gemite
579 2533 643 2579 non
659 2513 806 2596 cogente,
832 2510 892 2580 sed
908 2517 1091 2597 spontanea
1105 2511 1217 2576 volun-

97 2626 166 2704 tate,
189 2619 257 2686 sibi
272 2639 332 2703 pro
348 2619 570 2704 qnadraginta
585 2621 704 2687 marcis
719 2620 851 2705 argenti
862 2617 1089 2687 vendidissent
1103 2637 1218 2707 perpe-

96 2731 144 2793 tro
158 2725 405 2813 possidendam.
432 2724 532 2792 cuius
548 2726 654 2794 eciam
675 2733 759 2794 terre
783 2727 919 2794 terciam
944 2719 1072 2812 partem
1097 2723 1219 2810 hijdem

98 2833 238 2902 hominos
253 2854 314 2921 pro
332 2833 449 2919 viginti
475 2836 593 2902 marcis
609 2835 737 2921 argenti
763 2835 867 2920 primo
886 2833 1110 2920 vendiderant,
1137 2834 1220 2900 sicut

98 2943 183 3009 nobis
208 2942 403 3008 retulerunt.
428 2941 535 3008 Huius
561 2951 671 3009 autem
695 2949 781 3021 terre
805 2951 900 3028 mete,
927 2951 1025 3030 prout
1047 2943 1082 3008 in
1102 2941 1220 3009 litteris

96 3047 169 3118 dicti
184 3048 326 3116 Comitis
353 3049 567 3136 inspeximus,
593 3055 626 3116 et
645 3048 768 3136 hijdem
794 3050 941 3118 homines
967 3049 1220 3132 affirmauerrmt,

96 3157 141 3222 sic
164 3155 410 3242 distinguuntur
428 3155 564 3224 :Prima
586 3164 674 3224 meta
690 3157 804 3244 incipit
820 3179 841 3224 a
857 3167 945 3224 meta
970 3166 1056 3226 terre
1075 3155 1223 3224 eiusdem

101 3263 240 3349 domitis,
266 3285 365 3350 quam
390 3263 468 3332 dicti
494 3266 641 3334 homines
668 3265 774 3354 primo
800 3266 864 3333 sibi
889 3264 1104 3334 vendiderunt
1132 3263 1224 3331 iuxta

99 3371 229 3440 dnnium
246 3372 425 3439 Dobronnc
450 3373 493 3438 ab
510 3372 674 3460 aquilone,
700 3381 733 3440 et
748 3372 839 3440 venit
861 3393 975 3441 versus
999 3371 1156 3441 orientem
1180 3370 1224 3436 ad

101 3479 283 3547 inferiorem
308 3489 435 3566 partem
460 3482 541 3548 ville
566 3481 776 3568 Scenmielos,
801 3482 859 3550 vbi
884 3488 959 3548 sunt
986 3479 1049 3550 dne
1074 3485 1159 3546 mete
1184 3498 1225 3544 ex

101 3595 231 3676 viraque
242 3596 337 3674 parte
352 3589 445 3656 fluuii
461 3588 609 3656 eiusdem
624 3590 718 3658 iuxta
733 3590 823 3658 viam
838 3609 1011 3675 magnam,
1029 3594 1062 3654 et
1076 3585 1153 3654 inde
1168 3607 1227 3676 per

102 3695 230 3764 inuium
247 3697 387 3764 eundem
411 3695 517 3763 tendit
531 3717 591 3784 per
608 3697 746 3766 eandem
762 3699 850 3766 riam
865 3717 1029 3781 magnam,
1054 3715 1227 3782 perquam

102 3806 224 3872 venitur
241 3801 287 3868 ad
302 3805 408 3872 locum
418 3805 653 3892 deorcurke,
672 3813 704 3871 et
720 3803 810 3872 cadit
820 3805 853 3871 in
870 3805 1027 3871 minorem
1038 3804 1226 3889 Lynduam3

102 3913 201 3980 minor
226 3917 338 3978 antem
353 3910 491 3996 Lynduc
506 3913 611 3980 fluens
625 3934 683 3998 per
699 3933 835 3999 paruam
860 3919 980 3980 terram
1001 3907 1091 3977 cadit
1116 3909 1148 3975 in
1164 3927 1229 3974 ma-

103 4015 201 4086 iorem
210 4016 400 4104 Lynduam5
416 4025 451 4084 et
461 4019 516 4084 vbi
532 4021 637 4087 minor
646 4021 787 4104 Lyndua
803 4019 893 4086 cedit
908 4019 942 4085 in
956 4017 1112 4084 maiorem
1123 4015 1229 4099 Lynd-

105 4146 186 4212 uam,
213 4125 339 4192 ibidem
362 4128 467 4192 maior
482 4125 623 4212 Lyndua
646 4128 785 4194 flectitur
809 4128 853 4194 ad
877 4133 1004 4212 partem
1030 4124 1230 4209 superiorem

105 4253 216 4300 versus
242 4233 452 4317 occidentem,
479 4241 513 4300 et
527 4236 595 4300 exit
621 4234 664 4300 ab
689 4235 803 4300 eodem
828 4235 960 4300 flumine
975 4229 1019 4298 ad
1042 4231 1141 4314 riam,
1167 4251 1230 4314 que

107 4338 195 4406 ducit
209 4338 255 4406 ad
270 4341 383 4408 sillam
393 4341 618 4428 Scenmiklos3
637 4340 756 4409 deinde
773 4342 920 4411 ascendit
930 4348 1081 4425 montem,
1101 4346 1133 4406 et
1147 4341 1231 4406 inter

108 4447 217 4514 vineas
242 4446 449 4533 procedendo
465 4450 637 4516 reuertitur
651 4448 695 4514 ad
710 4451 850 4535 primam
871 4455 1001 4533 metam,
1018 4448 1172 4515 videlicet
1188 4445 1231 4514 ad
1305 4447 1309 4454 '

105 4553 240 4622 inuium
249 4555 434 4624 Dobronnc.
452 4555 568 4624 cetere
584 4565 693 4626 autem
706 4557 802 4626 vinee
817 4557 849 4623 in
867 4559 982 4624 eadem
996 4564 1087 4622 terra
1100 4555 1162 4623 site
1177 4553 1230 4618 dc-
