3148 5156
868 287 935 352 440

820 381 981 390 ’.Μ-ι...-

337 491 370 556 in
394 490 495 575 pricrl
520 487 642 554 iudicio
666 488 774 571 Pauty
790 518 1073 534 —————
1094 479 1251 564 Magistro
1275 480 1466 546 Alexandro

338 597 503 664 Vicebuno
520 593 694 682 priuilegio
710 592 858 680 predicto
875 610 939 658 non
956 590 1233 674 contradixerant,
1259 597 1292 656 et
1308 588 1467 655 iudicium

337 706 442 793 ipsius
467 703 617 786 Magistri
642 697 822 768 Alexandri
848 698 1005 766 Vicebani
1030 697 1071 764 de
1095 696 1227 765 iusticia
1250 701 1466 782 processerat,

337 815 521 896 Pautynum
532 860 541 893 ,
573 809 757 892 Wogrisam
790 813 822 874 ct
853 806 1101 890 generacionem
1132 803 1307 870 eorundem
1343 801 1466 880 iudicio

339 919 624 1003 condempnantes,
651 918 728 1000 ouria
754 917 869 981 iterato
896 914 1132 980 inehuauerant
1156 931 1289 978 causam
1316 912 1398 978 iuris
1417 929 1467 976 or·

338 1026 415 1093 dine
431 1027 647 1107 terminatam,
674 1023 798 1089 eisdem
814 1041 912 1108 super
928 1021 1013 1089 facto
1038 1023 1142 1108 ipsius
1166 1027 1251 1088 terre
1276 1025 1469 1106 perpetuum

340 1135 512 1201 silencium
529 1133 734 1218 imponendo,
761 1132 881 1198 dietam
897 1136 1018 1195 terram
1034 1128 1236 1196 Graboscelo
1252 1127 1356 1196 Jacov
1376 1146 1469 1212 sepc-

338 1241 426 1308 dicto
458 1241 648 1324 reliquimus
674 1247 706 1306 et
732 1240 903 1305 statuimus
933 1238 1005 1302 iure
1035 1245 1191 1322 perpetuo
1221 1235 1468 1322 possidendam.

339 1350 451 1416 Prima
466 1349 567 1432 igitur
582 1354 670 1415 meta
685 1348 780 1413 huius
796 1355 892 1424 terre,
910 1344 994 1412 sicut
1009 1346 1042 1410 iu
1060 1344 1173 1413 eodem
1193 1342 1368 1431 priuilegio
1378 1343 1470 1410 Salo·

342 1454 446 1523 monis
462 1456 546 1522 Bani
562 1455 705 1522 uidimus
721 1441 889 1536 contineri,
907 1453 1022 1538 incipit
1038 1472 1058 1518 a
1074 1451 1215 1536 quodam
1225 1457 1333 1537 puteo,
1349 1459 1383 1516 ct
1399 1457 1468 1516 ten·

341 1564 389 1630 dit
404 1583 463 1650 per
488 1563 649 1648 quendam
674 1561 807 1629 fluuium
833 1560 874 1626 ad
891 1567 1015 1646 partem
1034 1559 1234 1642 orientalem,
1260 1566 1293 1624 et
1312 1557 1404 1624 uenit
1419 1577 1471 1623 su·

340 1671 449 1756 penius
474 1670 518 1736 ad
544 1677 683 1736 terream
707 1674 837 1750 metam,
870 1674 903 1733 et
933 1669 1185 1734 conterminatnr
1214 1673 1298 1734 terre
1324 1664 1471 1752 Gurgys,

342 1778 495 1845 Wratech
512 1799 551 1845 ac
568 1775 757 1860 Gordialoy,
785 1775 840 1842 ubi
858 1780 907 1842 est
923 1783 1010 1842 meta
1025 1779 1132 1841 terrea
1149 1775 1181 1840 in
1206 1776 1323 1841 arbore
1340 1775 1472 1843 nomine

341 1889 467 1962 tarcum
499 1883 616 1950 deinde
641 1885 731 1950 uenit
756 1880 800 1947 ad
827 1889 951 1969 partem
976 1882 1220 1950 meridionalem
1246 1883 1289 1948 ad
1312 1903 1471 1968 maguam

342 1993 431 2058 uiam
447 1991 687 2074 exercitualem,
714 1999 746 2057 et
762 2011 819 2076 per
835 1990 971 2056 eandem
988 1991 1075 2056 niam
1092 1989 1181 2057 uenit
1196 1991 1239 2056 ad
1254 2011 1350 2056 unam
1372 1993 1470 2056 erbo·

342 2117 421 2180 rem,
452 2115 515 2180 que
539 2095 637 2180 uulgo
663 2103 798 2162 uocatur
822 2095 940 2174 lorum,
974 2103 1006 2164 et
1030 2097 1077 2164 ibi
1102 2101 1354 2166 conterminatur
1384 2107 1475 2165 terre

343 2205 484 2290 Gurgys,
501 2206 654 2288 Dragsan
670 2210 704 2270 et
719 2202 925 2294 Gordyzlay5
946 2204 1064 2272 deinde
1080 2205 1169 2272 uenit
1184 2205 1228 2272 ad
1243 2213 1369 2292 partem
1387 2207 1474 2275 occi-

343 2311 507 2380 dentalem
534 2311 577 2379 ad
601 2317 720 2378 metum
736 2311 914 2397 Warutha;
940 2311 1060 2378 abinde
1075 2309 1166 2378 uenit
1189 2312 1233 2378 ad
1249 2313 1410 2398 quasdam
1428 2315 1475 2382 ui-

344 2439 442 2504 neas,
460 2425 492 2484 et
508 2417 583 2484 inde
598 2417 642 2484 ad
658 2426 723 2485 tres
734 2423 837 2484 metas
853 2425 987 2506 terreas,
1009 2418 1160 2486 videlicet
1176 2422 1351 2505 Dragsaui,
1368 2423 1475 2488 Hala-

341 2547 435 2614 pone,
453 2531 485 2592 et
495 2526 703 2611 Gordyzlay3
721 2532 753 2593 et
769 2525 846 2592 inde
861 2525 904 2593 ad
915 2527 1047 2594 fluuium
1058 2525 1287 2614 Granschech3
1307 2529 1476 2597 etduinde

343 2635 429 2702 inter
444 2633 527 2701 duas
538 2635 651 2700 vineas
667 2633 841 2700 admotam
855 2641 995 2701 terream
1008 2661 1015 2718 ;
1037 2634 1155 2702 abinde
1166 2636 1256 2702 uenit
1273 2637 1315 2702 ad
1329 2637 1476 2722 priorem

344 2747 472 2824 metam,
491 2741 546 2806 nbi
562 2748 611 2807 cst
626 2747 753 2826 puteus,
769 2739 881 2827 ibique
897 2743 1100 2809 terminatur.
1125 2744 1168 2808 vt
1184 2749 1292 2810 antem
1309 2744 1406 2812 huius
1424 2749 1476 2812 rei

343 2849 445 2915 series
470 2849 567 2914 robur
590 2847 734 2934 optineat
759 2857 914 2936 perpetue
930 2849 1111 2933 firmitatis,
1140 2869 1200 2916 nec
1225 2849 1291 2916 ullo
1315 2870 1478 2938 umquam

343 2973 498 3044 processu
514 2962 693 3042 temporum
711 2958 816 3042 possit
834 2958 886 3023 uel
903 2957 1012 3024 ualeat
1028 2957 1061 3023 in
1076 2955 1202 3023 irritum
1221 2959 1381 3043 reuocari,
1401 2981 1478 3045 pre·

344 3068 454 3129 sentes
470 3062 597 3130 litteras
624 3064 820 3130 contulimus
837 3063 939 3150 sigilli
964 3065 1065 3132 nostri
1083 3065 1260 3132 munimine
1285 3065 1480 3135 roboratas.

344 3173 463 3237 Datum
488 3191 573 3237 euno
591 3171 632 3236 ab
648 3173 882 3240 Incaruacioue
898 3172 1028 3240 Domini
1055 3173 1227 3241 millesimo
1249 3173 1480 3245 ducentesimo

344 3279 613 3364 quinquagesimo
632 3289 734 3348 sexto.

345 3477 484 3542 (Eredetie
497 3475 670 3544 bo'rlrdrtydu,
693 3495 710 3530 a
723 3476 893 3532 lidronrsuiull
908 3479 1139 3544 fejer-veruesca}
1163 3482 1391 3548 aelyemzsindrun
1418 3486 1482 3554 silg-

488 3577 547 3637 gott
559 3570 652 3638 pecsdt
666 3571 802 3634 elcesaett,
816 3589 833 3624 a
843 3573 926 3628 budai
939 3575 990 3628 lsir.
1003 3577 1124 3628 kamarai
1138 3573 1327 3640 luvdlldrbun.)

770 3869 973 3879 ...ιω-αν--
987 3872 1029 3878 ...-
