3122 5154
581 341 744 444 21-

103 533 158 618 bat,
175 533 209 598 in
225 535 357 602 modum
374 535 494 621 insule,
511 545 543 604 et
558 539 606 605 sic
621 539 752 605 demum
769 539 812 606 ad
828 546 948 606 metam
959 542 1101 628 priorem
1116 563 1225 611 reuer-

101 647 210 708 tuntur.
227 643 269 708 Et
285 642 473 709 insimiliter
498 645 532 710 in
548 644 663 731 predio
679 647 785 733 Kyniz
801 651 905 713 metas
918 657 1168 716 reuocauerunt.
1187 653 1227 718 In

100 749 184 816 cuius
198 749 247 816 rei
271 751 497 818 testimonium
520 762 687 839 presentes
707 755 832 821 litteras
855 758 1076 825 concessimus
1103 759 1226 842 sigillo-

100 877 162 921 rum
176 863 360 926 nostrorum
376 861 556 927 munimine
571 863 760 946 roboratas;
779 881 864 928 anno
882 863 1051 930 Dominice
1068 865 1221 932 incarna-

101 964 196 1030 cionis
211 966 386 1032 millesimo
403 964 628 1035 ducentesimo
645 970 808 1036 tricesimo
825 971 975 1056 septimo.

99 1178 210 1248 (Milyas
228 1181 372 1248 kirciiynak
390 1185 503 1234 isse-ki
523 1180 677 1244 terrarium,
700 1185 770 1251 mely
783 1201 800 1236 a
819 1185 1013 1252 snombathclyi
1032 1185 1219 1255 iriptaiannair

487 1271 673 1327 iovditairdban
686 1275 833 1341 driztctik.)

524 1590 792 1600 Μ...-

625 2135 683 2203 33.

93 2351 173 2415 ,iric
197 2351 290 2437 αἱμα
318 2351 486 2434 lciiaiirme‘pe
510 2348 642 2433 kepyciri
660 2353 755 2434 joycit
779 2371 800 2411 a
825 2371 867 2412 ar.
888 2349 1015 2414 Marion
1038 2352 1219 2416 iicaielcterc

239 2456 449 2522 Burbotdban
465 2458 572 2540 spirea
587 2456 744 2541 oppidana
754 2453 950 2540 senniarija.
969 2459 1064 2522 1237.

195 2672 289 2739 Anno
306 2671 437 2737 Domini
464 2673 558 2738 1237.
585 2669 766 2738 indictione
788 2671 829 2735 Χ.
848 2687 958 2737 mense
984 2671 1063 2756 Maji
1079 2673 1136 2738 Xi.
1163 2673 1216 2739 die

91 2787 224 2844 excunte
235 2779 353 2845 Arbae,
371 2779 530 2864 Tempore
546 2778 677 2863 quidem
694 2777 817 2844 domini
833 2778 936 2843 nostri
952 2779 1068 2846 iacobi
1078 2781 1215 2866 Teupoli

92 2887 148 2952 Dei
158 2888 267 2972 gratia
277 2884 380 2951 incliti
391 2886 492 2952 Ducis
501 2886 720 2967 venetiarum,
733 2887 918 2952 Dalmatiae
932 2893 1030 2970 atque
1043 2886 1195 2956 Cresilae
1207 2913 1214 2972 ;

91 3003 119 3060 ct
143 2995 267 3062 domini
282 2993 420 3062 Jordani
443 2994 641 3060 venerabilis
661 2993 816 3079 Episcopi
833 2993 1008 3080 Arbensis5
1035 3003 1067 3061 et
1083 2998 1215 3080 Rogerii

91 3107 273 3173 linuroceni
300 3103 427 3189 egregii
443 3103 587 3170 Comitis.
616 3104 698 3169 Cum
721 3105 765 3170 sit
790 3103 1036 3172 consuetudinis
1063 3105 1214 3172 Civitatis

91 3213 255 3300 arbensis,
282 3219 317 3279 ut
333 3213 483 3280 defuncto
501 3213 684 3299 Capeliano
711 3214 940 3297 cuiuscumque
956 3213 1124 3280 Ecclesiae
1149 3216 1216 3281 iun-

91 3319 219 3390 datores
234 3320 338 3406 ipsius
347 3321 517 3386 Ecclesiae
528 3319 745 3406 Capelianum
755 3321 884 3405 ‘eligere
895 3321 1045 3408 debeant,
1063 3328 1095 3386 et
1111 3324 1215 3406 ipsius

93 3429 257 3498 electionis
273 3429 475 3496 confirmatio
492 3429 534 3494 ad
550 3429 694 3514 ipsorum
711 3429 908 3515 Episcopum
925 3436 1068 3515 spectet;
1093 3430 1214 3496 idcirco

92 3557 146 3603 nos
171 3559 296 3621 omncs,
323 3557 458 3619 quorum
475 3538 607 3604 nomina
632 3537 765 3604 inferius
787 3538 999 3621 continentur,
1026 3535 1215 3604 fundatores

93 3645 255 3712 Ecclesiae
272 3645 385 3711 Sancti
401 3643 531 3712 Martini
557 3645 598 3710 dc
614 3645 758 3712 Barbato
784 3645 941 3712 Arbensis
962 3645 1141 3733 Diocoesis‚
1170 3625 1219 3712 vi?

90 3751 199 3820 denies
216 3753 390 3819 Civitatem
415 3759 561 3818 nostram
578 3791 621 3802 -
636 3789 681 3800 -
697 3791 740 3800 —-
756 3759 788 3820 et
803 3755 972 3838 ingruente
991 3754 1091 3819 nimia
1107 3773 1214 3820 neces-

90 3859 182 3926 sitate
197 3861 239 3925 de
256 3861 330 3945 ipso
341 3859 452 3926 debito
468 3866 584 3926 nostro
591 3860 761 3926 Communi
778 3859 943 3942 solvendo,
961 3859 1001 3925 de
1012 3857 1084 3945 pari
1095 3865 1127 3924 et
1142 3879 1213 3925 con-

90 3967 175 4034 cordi
202 3968 373 4034 voiuntatc
389 3967 614 4034 Praciatorum
633 3972 666 4032 et
680 3968 780 4034 totius
796 3968 952 4034 Arbensis
974 3965 1129 4050 Capituli,
1154 3985 1214 4031 nee

87 4097 147 4142 non
166 4075 208 4141 de
225 4075 434 4161 beneplacito
451 4073 573 4143 domini
589 4075 736 4161 Comitis,
757 4074 1023 4143 Conciliariorum
1040 4078 1073 4138 et
1090 4073 1214 4139 univcr-

87 4205 141 4250 sae
158 4183 419 4270 communitatis,
445 4184 574 4270 pignori
591 4187 702 4251 locare
718 4183 937 4270 disposuimus
967 4180 1090 4246 reditus
1106 4181 1214 4248 Eccle-

85 4293 153 4359 siae
169 4293 368 4376 nominatae,
395 4291 572 4358 secundum
598 4291 683 4375 quod
701 4292 733 4357 in
758 4289 888 4376 publicu
911 4291 1124 4356 instrumento
1150 4290 1214 4355 evi·

83 4397 357 4484 denterapparet,
375 4417 456 4482 quos
468 4397 625 4464 Arbensis
636 4397 858 4466 Communitas
875 4397 1022 4482 termino,
1040 4416 1103 4480 quo
1113 4397 1213 4464 iidem

9 4555 10 4574 t
82 4509 207 4574 reditus
224 4506 419 4571 tenebantur
435 4525 508 4572 esse
518 4506 649 4592 pignori
666 4505 812 4590 obligati,
832 4507 885 4571 vix
908 4504 1116 4571 medietatem
1133 4505 1213 4570 redi-

81 4635 170 4682 mere
195 4620 363 4682 cnrarunt.
388 4614 491 4697 Igitur
506 4635 578 4680 cum
595 4614 801 4682 Cathedraiis
825 4615 974 4679 Ecclesia
992 4613 1132 4678 Sanctae
1149 4613 1214 4674 iia-

1017 4743 1052 4798 4*
