3122 5154
614 241 765 341 m„

115 431 233 502 Sancti
251 435 380 502 llartiui
406 435 449 502 de
465 437 567 504 Sacro
584 439 692 505 Monte
709 439 877 506 Pannonia
896 438 1047 507 indebitis
1071 441 1250 510 exactioni·

115 545 178 610 bus
193 549 229 609 et
247 544 394 630 seruicijs
410 565 447 612 se
464 543 506 614 de
522 551 669 634 tempore
686 549 718 614 iu
734 557 862 634 tempus
880 568 952 614 esse
970 554 1125 632 granatos
1141 570 1250 617 coram

113 653 215 720 nobis
250 654 520 722 lachrimabiliter
544 664 834 742 conquererentur;
867 657 992 743 placuit
1017 657 1112 724 nobis
1144 657 1250 744 ipsam

111 760 364 846 lachrymosam
390 763 558 846 querelam
583 765 765 851 admittere,
791 775 824 833 et
840 765 978 832 eandem
997 765 1250 833 misericorditer

112 867 251 934 racione
267 871 383 954 preuia
408 872 594 938 terminare.
612 870 805 942 constitutis
831 873 942 958 itaquo
957 873 1039 960 ipsis
1062 875 1193 959 populis
1216 877 1249 941 iu

113 983 233 1042 nostra
257 978 432 1064 presencia
459 999 499 1045 ex
515 999 580 1046 una
595 987 709 1066 parte,
726 982 860 1049 Decano
877 989 909 1047 et
935 980 1088 1048 tratribus
1109 1002 1248 1049 necnon

107 1084 349 1167 jobagionibus
376 1085 522 1154 eiusdem
550 1087 706 1172 Ecclesie,
739 1108 812 1154 cum
837 1089 933 1174 pleno
961 1089 1118 1155 mandato
1144 1090 1248 1176 ipsius

111 1191 269 1276 Abbatis,
296 1193 353 1276 qui
370 1199 503 1280 propter
518 1193 737 1262 infirmitatem
761 1195 879 1263 adesse
896 1217 958 1264 uon
979 1203 1119 1283 poterat,
1146 1217 1187 1263 ει
1203 1199 1247 1264 al-

111 1307 206 1383 tera,
231 1301 388 1384 antiquas
405 1303 497 1386 leges
512 1309 545 1368 et
561 1301 674 1370 debita
697 1303 872 1371 eorundem
889 1324 909 1370 a
925 1303 1140 1370 Sanctissimo
1157 1309 1246 1390 Rege

4 1473 5 1478 ,
109 1405 286 1492 Stephano
312 1408 488 1474 constituta
515 1408 748 1491 exquisiuimus
764 1411 922 1498 seriatim,
947 1412 1063 1496 quibus
1081 1411 1177 1496 plene
1193 1433 1244 1478 cx·

109 1513 248 1599 quisitis
265 1519 298 1579 et
315 1513 475 1582 ueraciter
491 1515 645 1602 expertis,
663 1515 804 1600 quedam
821 1537 932 1585 eorum
948 1515 1067 1604 debita,
1085 1538 1147 1602 que
1163 1519 1243 1606 ipsis

107 1619 302 1705 ponderose
327 1621 482 1706 imposita
497 1631 610 1708 erant3
636 1623 713 1692 licet
728 1631 838 1692 tamen
861 1645 902 1692 ει
918 1627 1054 1710 antiqua
1078 1633 1244 1694 consuetu·

107 1727 188 1795 dine
215 1729 404 1813 obseruata,
432 1727 513 1814 ipsis
530 1728 682 1798 uidelicet
697 1731 831 1798 Decano
857 1737 889 1797 et
904 1731 1068 1816 fratribus,
1095 1749 1155 1800 nec
1180 1754 1244 1802 nou

101 1835 347 1921 jobagionibus
364 1833 510 1903 eiusdem
527 1837 675 1904 Ecclesie
687 1839 983 1926 consencientibus,
1001 1841 1242 1929 relaxauimus;

105 1964 159 2028 en,
181 1963 250 2026 qne
261 1943 348 2010 iusta
365 1951 398 2010 et
407 1943 570 2029 legittima
585 1946 724 2030 fueraut,
741 1953 853 2014 tenore
871 1947 1076 2034 presencium
1093 1949 1242 2036 imposte-

105 2051 433 2119 rnmconfirmautes.
455 2052 597 2120 Primum
607 2053 706 2140 igitur
716 2054 860 2122 debitum
877 2057 1125 2126 uduornicorum
1138 2059 1241 2146 ipsius

105 2161 264 2228 Ecclesia
280 2166 340 2245 est,
366 2167 553 2248 atempore
579 2183 738 2231 nouarum
762 2163 891 2248 frugum
915 2166 1103 2252 persoluere
1128 2167 1162 2234 in
1182 2189 1242 2235 sex

104 2267 289 2350 mensibus,
306 2287 501 2352 unoquoque
511 2268 666 2336 videlicet
680 2289 806 2357 mense,
821 2267 862 2338 de
872 2271 940 2338 suis
958 2273 1098 2358 propriis
1114 2282 1241 2341 eentum

105 2383 138 2441 et
157 2377 297 2460 triginta
312 2396 433 2444 aeones
457 2375 565 2444 farine
580 2377 621 2446 de
637 2379 809 2464 frumento,
827 2388 860 2447 et
876 2379 1096 2465 quadraginta
1119 2403 1240 2452 aeones

105 2483 148 2548 de
159 2484 309 2570 siligine,
326 2491 358 2552 et
367 2489 497 2552 centum
512 2487 723 2572 septuaginta
733 2507 854 2556 aeones
865 2488 906 2554 de
923 2507 1039 2555 auena.
1056 2491 1138 2554 Item
1149 2491 1241 2558 aliud

107 2590 261 2660 debiturn
276 2613 387 2660 eorum
404 2601 464 2678 est,
490 2595 534 2661 ad
551 2595 635 2662 alios
651 2615 710 2663 εει
727 2615 855 2664 menses
879 2603 1011 2682 portare
1027 2605 1156 2682 segetes
1172 2604 1240 2666 tam

105 2697 253 2784 simigij,
280 2719 379 2782 quarn
396 2701 430 2766 in
447 2701 523 2786 alijs
549 2703 698 2790 partibus
724 2703 912 2789 existentes,
938 2711 1065 2772 centum
1088 2705 1241 2775 uidelicet

105 2815 138 2871 et
154 2808 373 2892 septuaginta
388 2829 508 2876 aeones
524 2809 567 2876 ad
583 2809 803 2878 molendinum
820 2811 975 2898 Ecclesia,
992 2820 1024 2878 et
1040 2834 1097 2880 eas
1113 2815 1158 2881 ibi
1175 2837 1239 2884 rno-

103 2917 178 2982 lare
193 2927 228 2984 et
245 2925 379 3002 portare
403 2918 448 2983 ad
464 2917 592 2986 elicium
608 2919 766 2986 Ecclesie.
792 2921 874 2988 Item
891 2918 1035 2990 debiturn
1052 2942 1163 2989 eorum
1178 2931 1237 3008 ost,

102 3026 219 3093 lacere
235 3045 441 3092 communem
458 3026 598 3093 farinam
614 3045 718 3112 usque
733 3026 777 3094 ad
792 3027 910 3110 viginti
930 3049 1048 3096 aeones
1065 3052 1124 3118 pro
1140 3039 1237 3118 pastu

104 3133 268 3219 cuiusque
283 3135 418 3222 mensis,
443 3133 484 3200 de
500 3134 668 3220 segetibus
692 3143 803 3203 nmen
818 3135 974 3202 Ecclesie.
1000 3139 1081 3204 Item
1097 3158 1237 3208 commu·

102 3262 180 3310 nem
196 3247 376 3327 maturam,
394 3261 458 3327 quc
473 3242 640 3328 vulgariter
656 3267 733 3311 enea
749 3242 877 3327 dieitur,
898 3242 1007 3312 facere
1017 3264 1081 3311 non
1096 3245 1235 3334 debent;

100 3371 165 3418 nee
181 3351 319 3418 racione
334 3350 423 3417 illins
439 3356 570 3418 arature
586 3351 713 3436 aliquid
729 3351 858 3418 soluere
874 3351 995 3420 Abbati
1019 3352 1073 3418 uel
1088 3354 1236 3422 Ecclesie

98 3465 292 3526 teneamur.
309 3460 392 3526 Item
408 3458 465 3544 bij,
483 3459 538 3544 qui
556 3467 696 3548 pascunt
711 3480 865 3545 mensem,
882 3459 1001 3528 debent
1011 3459 1091 3528 dare
1107 3481 1234 3529 currum

99 3589 178 3636 cnm
188 3569 342 3654 jumento
368 3566 605 3654 adportandus
629 3587 732 3656 panes
748 3565 887 3636 Abbatis
913 3589 1103 3656 quoeunque
1128 3570 1233 3640 iuerit.

98 3677 187 3746 Item
202 3693 321 3743 omnes
332 3673 501 3742 uduornici
518 3674 621 3762 ipsius
636 3675 785 3742 Ecclesia
796 3676 1006 3744 communiter
1015 3677 1134 3746 debent
1155 3680 1234 3748 dare

98 3786 141 3854 de
157 3790 262 3873 pastu
278 3782 529 3868 uniuscuiusque
552 3783 674 3852 mensis
690 3782 773 3852 duos
789 3803 901 3852 currus
918 3784 962 3852 ad
977 3787 1172 3872 portandam
1189 3787 1234 3854 la·

96 3895 210 3960 rinam
226 3890 352 3960 Abbati
376 3897 409 3957 ct
423 3892 577 3960 fratribus
602 3911 802 3978 quocunque,
829 3893 880 3958 vel
900 3893 1157 3978 quotiescunque
1181 3915 1233 3960 ue·

96 4020 196 4070 cesae
213 3999 316 4066 suerit
331 3999 388 4086 ire,
406 3999 477 4068 siue
494 4000 537 4068 ad
555 4001 678 4068 curiam
695 4009 852 4084 nostram,
877 3999 946 4066 siue
962 3999 1047 4066 alias
1063 4023 1121 4086 pro
1137 4023 1232 4087 nego-
1342 4015 1344 4020 ’

95 4111 161 4178 ciis
179 4107 330 4176 Ecclesia
345 4108 570 4195 procurandis.
596 4111 679 4178 ltem
698 4129 810 4177 omnes
826 4109 926 4176 ceteri
942 4108 1055 4194 populi
1079 4110 1231 4180 seruicia-

94 4222 158 4308 les,
177 4216 310 4286 scilicet
324 4215 501 4304 pelliparii,
518 4223 654 4306 sutores,
672 4217 769 4302 labri,
797 4224 829 4282 et
845 4234 956 4285 omues
972 4215 1039 4303 alii,
1061 4219 1117 4301 qui
1133 4223 1231 4288 nouri-

93 4335 221 4398 nantnr
246 4326 281 4392 in
306 4323 481 4411 priuilegio
497 4327 608 4394 Sancti
624 4327 724 4412 Regis
740 4325 898 4410 Ladialai,
915 4323 958 4392 ad
975 4326 1085 4392 onmia
1108 4349 1231 4412 genera

93 4435 283 4505 officiorum
299 4431 420 4501 debent
436 4454 496 4502 εει
512 4455 623 4502 currus
639 4435 718 4502 dare
741 4454 814 4500 cum
830 4433 1026 4500 animalibus
1042 4434 1086 4502 ad
1102 4445 1230 4522 portan-

93 4545 178 4613 dum
196 4541 307 4607 uinum
322 4539 446 4606 Abbati
463 4547 495 4606 et
519 4540 672 4608 iratribus
689 4559 890 4626 quocunque,
916 4545 949 4606 et
972 4538 1230 4625 quociescumque

138 4676 252 4719 nonne.
269 4676 352 4715 nnuc.
369 4676 440 4713 nisu.
459 4687 495 4700 -·-
515 4678 586 4716 nura.
604 4670 638 4708 ¹²-
1051 4659 1068 4716 7
