<?xml version="1.0" encoding="UTF-8"?>
<!DOCTYPE html PUBLIC "-//W3C//DTD XHTML 1.0 Transitional//EN"
    "http://www.w3.org/TR/xhtml1/DTD/xhtml1-transitional.dtd">
<html xmlns="http://www.w3.org/1999/xhtml" xml:lang="en" lang="en">
 <head>
  <title>
</title>
<meta http-equiv="Content-Type" content="text/html;charset=utf-8" />
  <meta name='ocr-system' content='tesseract 3.04.00' />
  <meta name='ocr-capabilities' content='ocr_page ocr_carea ocr_par ocr_line ocrx_word'/>
</head>
<body>
  <div class='ocr_page' id='page_1' title='image "./codexdiplomatic15wenzgoog_0290.png"; bbox 0 0 3102 5160; ppageno 0'>
   <div class='ocr_carea' id='block_1_1' title="bbox 539 320 702 424">
    <p class='ocr_par' dir='ltr' id='par_1_1' title="bbox 539 320 702 424">
     <span class='ocr_line' id='line_1_1' title="bbox 539 320 702 424; baseline 0 -36"><span class='ocrx_word' id='word_1_1' title='bbox 539 320 702 424; x_wconf 64' lang='lat' dir='ltr'>..an</span> 
     </span>
    </p>
   </div>
   <div class='ocr_carea' id='block_1_2' title="bbox 76 514 1190 1036">
    <p class='ocr_par' dir='ltr' id='par_1_2' title="bbox 76 514 1190 1036">
     <span class='ocr_line' id='line_1_2' title="bbox 80 514 1190 602; baseline 0.004 -18"><span class='ocrx_word' id='word_1_2' title='bbox 80 517 142 584; x_wconf 86' lang='lat' dir='ltr'>dem</span> <span class='ocrx_word' id='word_1_3' title='bbox 157 516 314 602; x_wconf 80' lang='lat' dir='ltr'>ciuitatis,</span> <span class='ocrx_word' id='word_1_4' title='bbox 331 535 371 584; x_wconf 87' lang='lat' dir='ltr'>ac</span> <span class='ocrx_word' id='word_1_5' title='bbox 381 514 518 602; x_wconf 79' lang='lat' dir='ltr'>Georgii</span> <span class='ocrx_word' id='word_1_6' title='bbox 532 518 673 586; x_wconf 84' lang='lat' dir='ltr'>Abbatiu</span> <span class='ocrx_word' id='word_1_7' title='bbox 683 517 838 586; x_wconf 89' lang='lat' dir='ltr'>coenobii</span> <span class='ocrx_word' id='word_1_8' title='bbox 853 515 1003 585; x_wconf 79' lang='lat' dir='ltr'>dedicavi</span> <span class='ocrx_word' id='word_1_9' title='bbox 1014 520 1190 588; x_wconf 78' lang='lat' dir='ltr'>ecelesicm</span> 
     </span>
     <span class='ocr_line' id='line_1_3' title="bbox 78 621 1187 713; baseline 0.002 -21"><span class='ocrx_word' id='word_1_10' title='bbox 78 625 173 692; x_wconf 86' lang='lat' dir='ltr'>Sancti</span> <span class='ocrx_word' id='word_1_11' title='bbox 187 621 324 709; x_wconf 75' lang='lat' dir='ltr'>Georgii</span> <span class='ocrx_word' id='word_1_12' title='bbox 350 623 394 692; x_wconf 87' lang='lat' dir='ltr'>ad</span> <span class='ocrx_word' id='word_1_13' title='bbox 419 621 551 691; x_wconf 89' lang='lat' dir='ltr'>laudem</span> <span class='ocrx_word' id='word_1_14' title='bbox 568 623 629 690; x_wconf 88' lang='lat' dir='ltr'>Dei</span> <span class='ocrx_word' id='word_1_15' title='bbox 656 628 689 690; x_wconf 86' lang='lat' dir='ltr'>et</span> <span class='ocrx_word' id='word_1_16' title='bbox 704 624 859 692; x_wconf 83' lang='lat' dir='ltr'><strong>honorem</strong></span> <span class='ocrx_word' id='word_1_17' title='bbox 885 623 1027 692; x_wconf 87' lang='lat' dir='ltr'>Sanctae</span> <span class='ocrx_word' id='word_1_18' title='bbox 1051 627 1187 713; x_wconf 86' lang='lat' dir='ltr'>Mariae,</span> 
     </span>
     <span class='ocr_line' id='line_1_4' title="bbox 78 731 1189 819; baseline 0 -17"><span class='ocrx_word' id='word_1_19' title='bbox 78 753 211 802; x_wconf 90' lang='lat' dir='ltr'>necnon</span> <span class='ocrx_word' id='word_1_20' title='bbox 236 732 396 817; x_wconf 82' lang='lat' dir='ltr'>aliorum,</span> <span class='ocrx_word' id='word_1_21' title='bbox 421 751 556 816; x_wconf 84' lang='lat' dir='ltr'>quorum</span> <span class='ocrx_word' id='word_1_22' title='bbox 583 732 742 816; x_wconf 80' lang='lat' dir='ltr'>reliquiae</span> <span class='ocrx_word' id='word_1_23' title='bbox 756 731 811 798; x_wconf 88' lang='lat' dir='ltr'>hio</span> <span class='ocrx_word' id='word_1_24' title='bbox 835 731 1050 819; x_wconf 86' lang='lat' dir='ltr'>continentur,</span> <span class='ocrx_word' id='word_1_25' title='bbox 1078 735 1189 802; x_wconf 83' lang='lat' dir='ltr'>Sancti</span> 
     </span>
     <span class='ocr_line' id='line_1_5' title="bbox 76 841 1190 929; baseline 0 -19"><span class='ocrx_word' id='word_1_26' title='bbox 76 841 207 929; x_wconf 79' lang='lat' dir='ltr'>Georgii,</span> <span class='ocrx_word' id='word_1_27' title='bbox 222 841 344 912; x_wconf 81' lang='lat' dir='ltr'>Abdon</span> <span class='ocrx_word' id='word_1_28' title='bbox 361 849 395 910; x_wconf 92' lang='lat' dir='ltr'>et</span> <span class='ocrx_word' id='word_1_29' title='bbox 410 843 540 910; x_wconf 81' lang='lat' dir='ltr'>Sennea</span> <span class='ocrx_word' id='word_1_30' title='bbox 565 850 754 928; x_wconf 83' lang='lat' dir='ltr'>martyrum,</span> <span class='ocrx_word' id='word_1_31' title='bbox 772 861 812 910; x_wconf 87' lang='lat' dir='ltr'>ac</span> <span class='ocrx_word' id='word_1_32' title='bbox 830 844 1020 912; x_wconf 85' lang='lat' dir='ltr'>Sanctorum</span> <span class='ocrx_word' id='word_1_33' title='bbox 1037 845 1190 913; x_wconf 89' lang='lat' dir='ltr'>Innocen-</span> 
     </span>
     <span class='ocr_line' id='line_1_6' title="bbox 76 947 1190 1036; baseline 0 -18"><span class='ocrx_word' id='word_1_34' title='bbox 76 953 164 1035; x_wconf 83' lang='lat' dir='ltr'>tium;</span> <span class='ocrx_word' id='word_1_35' title='bbox 179 969 264 1035; x_wconf 85' lang='lat' dir='ltr'>qnae</span> <span class='ocrx_word' id='word_1_36' title='bbox 278 950 431 1018; x_wconf 83' lang='lat' dir='ltr'>Ecclesia</span> <span class='ocrx_word' id='word_1_37' title='bbox 449 949 609 1036; x_wconf 83' lang='lat' dir='ltr'>praedicti</span> <span class='ocrx_word' id='word_1_38' title='bbox 624 951 688 1018; x_wconf 89' lang='lat' dir='ltr'>loci</span> <span class='ocrx_word' id='word_1_39' title='bbox 702 956 774 1018; x_wconf 88' lang='lat' dir='ltr'>orat</span> <span class='ocrx_word' id='word_1_40' title='bbox 788 947 1075 1036; x_wconf 77' lang='lat' dir='ltr'>praedecessorum</span> <span class='ocrx_word' id='word_1_41' title='bbox 1090 953 1190 1021; x_wconf 88' lang='lat' dir='ltr'>totins</span> 
     </span>
    </p>
   </div>
   <div class='ocr_carea' id='block_1_3' title="bbox 6 1057 1190 1252">
    <p class='ocr_par' dir='ltr' id='par_1_3' title="bbox 6 1039 1190 1252">
     <span class='ocr_line' id='line_1_7' title="bbox 76 1057 1190 1144; baseline -0.003 -15.236"><span class='ocrx_word' id='word_1_42' title='bbox 76 1057 312 1128; x_wconf 72' lang='lat' dir='ltr'>communitatis</span> <span class='ocrx_word' id='word_1_43' title='bbox 329 1057 538 1126; x_wconf 71' lang='lat' dir='ltr'>catharinae.</span> <span class='ocrx_word' id='word_1_44' title='bbox 557 1057 785 1124; x_wconf 86' lang='lat' dir='ltr'>Venerabilam</span> <span class='ocrx_word' id='word_1_45' title='bbox 800 1057 862 1124; x_wconf 92' lang='lat' dir='ltr'>Dei</span> <span class='ocrx_word' id='word_1_46' title='bbox 878 1057 1061 1127; x_wconf 77' lang='lat' dir='ltr'>Ecclesiam</span> <span class='ocrx_word' id='word_1_47' title='bbox 1077 1061 1190 1144; x_wconf 88' lang='lat' dir='ltr'>guber·</span> 
     </span>
     <span class='ocr_line' id='line_1_8' title="bbox 6 1164 1189 1252; baseline -0.003 -18"><span class='ocrx_word' id='word_1_48' title='bbox 6 1179 7 1234; x_wconf 66' lang='grc' dir='ltr'><em>ὲ</em></span> <span class='ocrx_word' id='word_1_49' title='bbox 75 1173 165 1236; x_wconf 84' lang='lat' dir='ltr'>nante</span> <span class='ocrx_word' id='word_1_50' title='bbox 178 1164 369 1234; x_wconf 70' lang='lat' dir='ltr'>Innocentio</span> <span class='ocrx_word' id='word_1_51' title='bbox 384 1165 585 1252; x_wconf 85' lang='lat' dir='ltr'>Apostolicc,</span> <span class='ocrx_word' id='word_1_52' title='bbox 602 1165 733 1233; x_wconf 92' lang='lat' dir='ltr'>domiuo</span> <span class='ocrx_word' id='word_1_53' title='bbox 748 1171 856 1232; x_wconf 88' lang='lat' dir='ltr'>autem</span> <span class='ocrx_word' id='word_1_54' title='bbox 866 1165 1004 1233; x_wconf 86' lang='lat' dir='ltr'>Uroscio</span> <span class='ocrx_word' id='word_1_55' title='bbox 1021 1176 1189 1252; x_wconf 88' lang='lat' dir='ltr'>regnante.</span> 
     </span>
    </p>
   </div>
   <div class='ocr_carea' id='block_1_4' title="bbox 72 1273 1191 1577">
    <p class='ocr_par' dir='ltr' id='par_1_4' title="bbox 72 1273 1191 1577">
     <span class='ocr_line' id='line_1_9' title="bbox 74 1273 1191 1361; baseline 0 -18"><span class='ocrx_word' id='word_1_56' title='bbox 74 1274 160 1354; x_wconf 79' lang='lat' dir='ltr'>Quod</span> <span class='ocrx_word' id='word_1_57' title='bbox 183 1291 342 1361; x_wconf 81' lang='lat' dir='ltr'>praesens</span> <span class='ocrx_word' id='word_1_58' title='bbox 367 1273 527 1358; x_wconf 86' lang='lat' dir='ltr'>scriptum</span> <span class='ocrx_word' id='word_1_59' title='bbox 541 1274 611 1341; x_wconf 86' lang='lat' dir='ltr'>fieri</span> <span class='ocrx_word' id='word_1_60' title='bbox 635 1273 698 1341; x_wconf 85' lang='lat' dir='ltr'>ieci</span> <span class='ocrx_word' id='word_1_61' title='bbox 721 1294 782 1361; x_wconf 87' lang='lat' dir='ltr'>per</span> <span class='ocrx_word' id='word_1_62' title='bbox 796 1274 978 1342; x_wconf 80' lang='lat' dir='ltr'>Diaconum</span> <span class='ocrx_word' id='word_1_63' title='bbox 993 1276 1191 1343; x_wconf 82' lang='lat' dir='ltr'>Michamdc</span> 
     </span>
     <span class='ocr_line' id='line_1_10' title="bbox 74 1381 1191 1471; baseline 0.003 -23"><span class='ocrx_word' id='word_1_64' title='bbox 74 1383 174 1468; x_wconf 84' lang='lat' dir='ltr'>cigna</span> <span class='ocrx_word' id='word_1_65' title='bbox 187 1382 361 1452; x_wconf 86' lang='lat' dir='ltr'>Notarium</span> <span class='ocrx_word' id='word_1_66' title='bbox 377 1383 565 1470; x_wconf 76' lang='lat' dir='ltr'>praedictae</span> <span class='ocrx_word' id='word_1_67' title='bbox 577 1381 837 1470; x_wconf 71' lang='lat' dir='ltr'>communitatis,</span> <span class='ocrx_word' id='word_1_68' title='bbox 854 1403 926 1450; x_wconf 88' lang='lat' dir='ltr'>oum</span> <span class='ocrx_word' id='word_1_69' title='bbox 943 1403 1040 1452; x_wconf 90' lang='lat' dir='ltr'>manu</span> <span class='ocrx_word' id='word_1_70' title='bbox 1056 1386 1191 1471; x_wconf 88' lang='lat' dir='ltr'>propria</span> 
     </span>
     <span class='ocr_line' id='line_1_11' title="bbox 72 1495 394 1577; baseline 0 -17"><span class='ocrx_word' id='word_1_71' title='bbox 72 1499 100 1560; x_wconf 87' lang='lat' dir='ltr'>et</span> <span class='ocrx_word' id='word_1_72' title='bbox 113 1495 202 1577; x_wconf 85' lang='lat' dir='ltr'>signo</span> <span class='ocrx_word' id='word_1_73' title='bbox 225 1496 394 1560; x_wconf 86' lang='lat' dir='ltr'>consueto.</span> 
     </span>
    </p>
   </div>
   <div class='ocr_carea' id='block_1_5' title="bbox 297 1687 956 1760">
    <p class='ocr_par' dir='ltr' id='par_1_5' title="bbox 297 1687 956 1760">
     <span class='ocr_line' id='line_1_12' title="bbox 297 1687 956 1760; baseline 0.003 -18"><span class='ocrx_word' id='word_1_74' title='bbox 297 1687 427 1759; x_wconf 84' lang='lat' dir='ltr'>(Farlati,</span> <span class='ocrx_word' id='word_1_75' title='bbox 439 1691 579 1758; x_wconf 82' lang='lat' dir='ltr'>Illyricum</span> <span class='ocrx_word' id='word_1_76' title='bbox 591 1692 706 1746; x_wconf 81' lang='lat' dir='ltr'>Sacrum</span> <span class='ocrx_word' id='word_1_77' title='bbox 719 1691 765 1745; x_wconf 88' lang='lat' dir='ltr'>VI.</span> <span class='ocrx_word' id='word_1_78' title='bbox 779 1692 836 1747; x_wconf 81' lang='lat' dir='ltr'>kur.</span> <span class='ocrx_word' id='word_1_79' title='bbox 851 1693 912 1746; x_wconf 78' lang='grc'>439.</span> <span class='ocrx_word' id='word_1_80' title='bbox 927 1693 956 1760; x_wconf 80' lang='grc' dir='ltr'>Ι.)</span> 
     </span>
    </p>
   </div>
   <div class='ocr_carea' id='block_1_6' title="bbox 499 1997 764 2010">
    <p class='ocr_par' dir='ltr' id='par_1_6' title="bbox 499 1997 764 2010">
     <span class='ocr_line' id='line_1_13' title="bbox 499 1997 764 2010; baseline 0 0"><span class='ocrx_word' id='word_1_81' title='bbox 499 1997 764 2010; x_wconf 41' lang='grc' dir='ltr'>ᾖ</span> 
     </span>
    </p>
   </div>
   <div class='ocr_carea' id='block_1_7' title="bbox 66 2695 1198 2894">
    <p class='ocr_par' dir='ltr' id='par_1_7' title="bbox 66 2695 1198 2894">
     <span class='ocr_line' id='line_1_14' title="bbox 66 2695 1198 2786; baseline 0.006 -26"><span class='ocrx_word' id='word_1_82' title='bbox 66 2696 87 2760; x_wconf 94' lang='lat' dir='ltr'><em>I</em></span> <span class='ocrx_word' id='word_1_83' title='bbox 91 2695 123 2760; x_wconf 74' lang='lat' dir='ltr'>V.</span> <span class='ocrx_word' id='word_1_84' title='bbox 143 2697 226 2762; x_wconf 69' lang='lat' dir='ltr'>aaa</span> <span class='ocrx_word' id='word_1_85' title='bbox 250 2696 355 2782; x_wconf 69' lang='lat' dir='ltr'>Gralp</span> <span class='ocrx_word' id='word_1_86' title='bbox 381 2695 490 2762; x_wconf 78' lang='lat' dir='ltr'>Iatocta</span> <span class='ocrx_word' id='word_1_87' title='bbox 504 2695 604 2764; x_wconf 79' lang='lat' dir='ltr'>Jdcoe</span> <span class='ocrx_word' id='word_1_88' title='bbox 627 2699 740 2764; x_wconf 75' lang='lat' dir='ltr'>ciacon</span> <span class='ocrx_word' id='word_1_89' title='bbox 756 2701 880 2782; x_wconf 74' lang='lat' dir='ltr'>ficiculo,</span> <span class='ocrx_word' id='word_1_90' title='bbox 905 2701 979 2786; x_wconf 83' lang='lat' dir='ltr'>afio</span> <span class='ocrx_word' id='word_1_91' title='bbox 1002 2699 1163 2767; x_wconf 79' lang='lat' dir='ltr'>Jdocanok</span> <span class='ocrx_word' id='word_1_92' title='bbox 1178 2727 1198 2766; x_wconf 87' lang='lat' dir='ltr'>a</span> 
     </span>
     <span class='ocr_line' id='line_1_15' title="bbox 196 2803 1065 2894; baseline 0.005 -26"><span class='ocrx_word' id='word_1_93' title='bbox 196 2803 279 2870; x_wconf 81' lang='lat' dir='ltr'>tclc&#39;k</span> <span class='ocrx_word' id='word_1_94' title='bbox 295 2804 381 2869; x_wconf 77' lang='lat' dir='ltr'>door</span> <span class='ocrx_word' id='word_1_95' title='bbox 395 2803 583 2892; x_wconf 76' lang='lat' dir='ltr'>buccodlpye‘</span> <span class='ocrx_word' id='word_1_96' title='bbox 598 2805 727 2871; x_wconf 68' lang='lat' dir='ltr'>anolo</span> <span class='ocrx_word' id='word_1_97' title='bbox 740 2809 841 2874; x_wconf 72' lang='lat' dir='ltr'>cicaro</span> <span class='ocrx_word' id='word_1_98' title='bbox 858 2809 940 2894; x_wconf 74' lang='lat' dir='ltr'>adju</span> <span class='ocrx_word' id='word_1_99' title='bbox 970 2807 1065 2873; x_wconf 79' lang='lat'><strong><em>1248.</em></strong></span> 
     </span>
    </p>
   </div>
   <div class='ocr_carea' id='block_1_8' title="bbox 175 2999 1198 3091">
    <p class='ocr_par' dir='ltr' id='par_1_8' title="bbox 175 2999 1198 3091">
     <span class='ocr_line' id='line_1_16' title="bbox 175 2999 1198 3091; baseline 0.004 -23"><span class='ocrx_word' id='word_1_100' title='bbox 175 2999 260 3068; x_wconf 86' lang='lat' dir='ltr'>Bela</span> <span class='ocrx_word' id='word_1_101' title='bbox 268 2999 331 3070; x_wconf 91' lang='lat' dir='ltr'>Dei</span> <span class='ocrx_word' id='word_1_102' title='bbox 341 2999 454 3084; x_wconf 84' lang='lat' dir='ltr'>gracia</span> <span class='ocrx_word' id='word_1_103' title='bbox 464 3000 840 3088; x_wconf 52' lang='lat' dir='ltr'>HungariepDalrnacic,</span> <span class='ocrx_word' id='word_1_104' title='bbox 857 3003 1068 3090; x_wconf 83' lang='lat' dir='ltr'>choroachie,</span> <span class='ocrx_word' id='word_1_105' title='bbox 1085 3005 1198 3091; x_wconf 81' lang='lat' dir='ltr'>Reme,</span> 
     </span>
    </p>
   </div>
   <div class='ocr_carea' id='block_1_9' title="bbox 63 3107 1201 3195">
    <p class='ocr_par' dir='ltr' id='par_1_9' title="bbox 6 3071 1201 3195">
     <span class='ocr_line' id='line_1_17' title="bbox 63 3107 1201 3195; baseline 0.001 -18.952"><span class='ocrx_word' id='word_1_106' title='bbox 63 3107 191 3192; x_wconf 73' lang='lat' dir='ltr'>Seruis,</span> <span class='ocrx_word' id='word_1_107' title='bbox 208 3107 360 3194; x_wconf 74' lang='lat' dir='ltr'>Gallicie,</span> <span class='ocrx_word' id='word_1_108' title='bbox 377 3107 580 3195; x_wconf 83' lang='lat' dir='ltr'>Lodomerie,</span> <span class='ocrx_word' id='word_1_109' title='bbox 597 3107 817 3195; x_wconf 87' lang='lat' dir='ltr'>comanieque</span> <span class='ocrx_word' id='word_1_110' title='bbox 832 3111 902 3176; x_wconf 82' lang='lat' dir='ltr'>Rex</span> <span class='ocrx_word' id='word_1_111' title='bbox 918 3111 1068 3179; x_wconf 89' lang='lat' dir='ltr'>omnibus</span> <span class='ocrx_word' id='word_1_112' title='bbox 1079 3111 1201 3179; x_wconf 86' lang='lat' dir='ltr'>christi</span> 
     </span>
    </p>
   </div>
   <div class='ocr_carea' id='block_1_10' title="bbox 60 3216 1201 3631">
    <p class='ocr_par' dir='ltr' id='par_1_10' title="bbox 60 3216 1201 3631">
     <span class='ocr_line' id='line_1_18' title="bbox 62 3216 1200 3305; baseline 0.007 -24"><span class='ocrx_word' id='word_1_113' title='bbox 62 3216 219 3282; x_wconf 83' lang='lat' dir='ltr'>fidelibus</span> <span class='ocrx_word' id='word_1_114' title='bbox 237 3223 420 3302; x_wconf 87' lang='lat' dir='ltr'>presentem</span> <span class='ocrx_word' id='word_1_115' title='bbox 437 3219 595 3303; x_wconf 87' lang='lat' dir='ltr'>paginam</span> <span class='ocrx_word' id='word_1_116' title='bbox 613 3217 809 3305; x_wconf 88' lang='lat' dir='ltr'>inspecturis</span> <span class='ocrx_word' id='word_1_117' title='bbox 825 3219 963 3286; x_wconf 68' lang='lat' dir='ltr'>salnmm</span> <span class='ocrx_word' id='word_1_118' title='bbox 980 3227 1014 3287; x_wconf 88' lang='lat' dir='ltr'>ct</span> <span class='ocrx_word' id='word_1_119' title='bbox 1029 3241 1122 3288; x_wconf 88' lang='lat' dir='ltr'>omne</span> <span class='ocrx_word' id='word_1_120' title='bbox 1146 3221 1200 3289; x_wconf 88' lang='lat' dir='ltr'>bo-</span> 
     </span>
     <span class='ocr_line' id='line_1_19' title="bbox 61 3323 1198 3422; baseline 0.005 -34"><span class='ocrx_word' id='word_1_121' title='bbox 61 3345 149 3391; x_wconf 91' lang='lat' dir='ltr'>uum.</span> <span class='ocrx_word' id='word_1_122' title='bbox 171 3324 338 3403; x_wconf 83' lang='lat' dir='ltr'>Quoniam</span> <span class='ocrx_word' id='word_1_123' title='bbox 355 3323 603 3392; x_wconf 86' lang='lat' dir='ltr'>succedentibus</span> <span class='ocrx_word' id='word_1_124' title='bbox 628 3325 730 3392; x_wconf 88' lang='lat' dir='ltr'>uariis</span> <span class='ocrx_word' id='word_1_125' title='bbox 747 3331 869 3394; x_wconf 88' lang='lat' dir='ltr'>etatum</span> <span class='ocrx_word' id='word_1_126' title='bbox 884 3327 1084 3422; x_wconf 84' lang='lat' dir='ltr'>temporibus</span> <span class='ocrx_word' id='word_1_127' title='bbox 1101 3329 1198 3397; x_wconf 91' lang='lat' dir='ltr'>colla-</span> 
     </span>
     <span class='ocr_line' id='line_1_20' title="bbox 61 3431 1200 3521; baseline 0.004 -23"><span class='ocrx_word' id='word_1_128' title='bbox 61 3435 180 3502; x_wconf 71' lang='lat' dir='ltr'>ciones</span> <span class='ocrx_word' id='word_1_129' title='bbox 197 3453 258 3500; x_wconf 88' lang='lat' dir='ltr'>sen</span> <span class='ocrx_word' id='word_1_130' title='bbox 268 3431 503 3519; x_wconf 86' lang='lat' dir='ltr'>disposicioues</span> <span class='ocrx_word' id='word_1_131' title='bbox 520 3436 647 3518; x_wconf 83' lang='lat' dir='ltr'>Regum</span> <span class='ocrx_word' id='word_1_132' title='bbox 658 3435 765 3501; x_wconf 88' lang='lat' dir='ltr'>solent</span> <span class='ocrx_word' id='word_1_133' title='bbox 775 3434 885 3521; x_wconf 87' lang='lat' dir='ltr'>sepius</span> <span class='ocrx_word' id='word_1_134' title='bbox 903 3435 1075 3504; x_wconf 85' lang='lat' dir='ltr'>obliuionis</span> <span class='ocrx_word' id='word_1_135' title='bbox 1092 3437 1200 3504; x_wconf 89' lang='lat' dir='ltr'>cinere</span> 
     </span>
     <span class='ocr_line' id='line_1_21' title="bbox 60 3543 1201 3631; baseline 0.001 -20"><span class='ocrx_word' id='word_1_136' title='bbox 60 3545 212 3631; x_wconf 80' lang='lat' dir='ltr'>sepeliri,</span> <span class='ocrx_word' id='word_1_137' title='bbox 230 3543 347 3611; x_wconf 88' lang='lat' dir='ltr'>maiori</span> <span class='ocrx_word' id='word_1_138' title='bbox 363 3543 500 3612; x_wconf 88' lang='lat' dir='ltr'>consilio</span> <span class='ocrx_word' id='word_1_139' title='bbox 516 3545 683 3630; x_wconf 86' lang='lat' dir='ltr'>prouisum</span> <span class='ocrx_word' id='word_1_140' title='bbox 702 3552 760 3629; x_wconf 86' lang='lat' dir='ltr'>eat,</span> <span class='ocrx_word' id='word_1_141' title='bbox 782 3565 839 3613; x_wconf 91' lang='lat' dir='ltr'>eas</span> <span class='ocrx_word' id='word_1_142' title='bbox 856 3543 1004 3631; x_wconf 87' lang='lat' dir='ltr'>apicibus</span> <span class='ocrx_word' id='word_1_143' title='bbox 1019 3545 1201 3614; x_wconf 89' lang='lat' dir='ltr'>litterarum</span> 
     </span>
    </p>
   </div>
   <div class='ocr_carea' id='block_1_11' title="bbox 6 3647 1201 3736">
    <p class='ocr_par' dir='ltr' id='par_1_11' title="bbox 6 3647 1201 3736">
     <span class='ocr_line' id='line_1_22' title="bbox 6 3647 1201 3736; baseline 0.005 -19"><span class='ocrx_word' id='word_1_144' title='bbox 6 3647 7 3650; x_wconf 66' lang='grc'>’</span> <span class='ocrx_word' id='word_1_145' title='bbox 58 3655 284 3736; x_wconf 85' lang='lat' dir='ltr'>perhennare.</span> <span class='ocrx_word' id='word_1_146' title='bbox 312 3652 383 3718; x_wconf 90' lang='lat' dir='ltr'>Hac</span> <span class='ocrx_word' id='word_1_147' title='bbox 407 3651 507 3736; x_wconf 87' lang='lat' dir='ltr'>igitur</span> <span class='ocrx_word' id='word_1_148' title='bbox 533 3651 798 3720; x_wconf 87' lang='lat' dir='ltr'>consideracione</span> <span class='ocrx_word' id='word_1_149' title='bbox 823 3653 947 3720; x_wconf 88' lang='lat' dir='ltr'>inducti</span> <span class='ocrx_word' id='word_1_150' title='bbox 972 3654 1015 3720; x_wconf 89' lang='lat' dir='ltr'>ad</span> <span class='ocrx_word' id='word_1_151' title='bbox 1034 3655 1201 3723; x_wconf 86' lang='lat' dir='ltr'>uniuerso-</span> 
     </span>
    </p>
   </div>
   <div class='ocr_carea' id='block_1_12' title="bbox 52 3759 1205 4712">
    <p class='ocr_par' dir='ltr' id='par_1_12' title="bbox 52 3759 1205 4712">
     <span class='ocr_line' id='line_1_23' title="bbox 56 3759 1200 3849; baseline 0.002 -25"><span class='ocrx_word' id='word_1_152' title='bbox 56 3780 129 3826; x_wconf 85' lang='lat' dir='ltr'>rum</span> <span class='ocrx_word' id='word_1_153' title='bbox 161 3759 375 3846; x_wconf 89' lang='lat' dir='ltr'>preseucium</span> <span class='ocrx_word' id='word_1_154' title='bbox 400 3767 432 3826; x_wconf 92' lang='lat' dir='ltr'>et</span> <span class='ocrx_word' id='word_1_155' title='bbox 457 3759 638 3829; x_wconf 85' lang='lat' dir='ltr'>futurorum</span> <span class='ocrx_word' id='word_1_156' title='bbox 664 3762 816 3828; x_wconf 86' lang='lat' dir='ltr'>noticiam</span> <span class='ocrx_word' id='word_1_157' title='bbox 842 3762 991 3829; x_wconf 87' lang='lat' dir='ltr'>uolumus</span> <span class='ocrx_word' id='word_1_158' title='bbox 1015 3761 1200 3849; x_wconf 88' lang='lat' dir='ltr'>peruenire,</span> 
     </span>
     <span class='ocr_line' id='line_1_24' title="bbox 58 3867 1201 3956; baseline 0.001 -22"><span class='ocrx_word' id='word_1_159' title='bbox 58 3868 148 3951; x_wconf 84' lang='lat' dir='ltr'>quod</span> <span class='ocrx_word' id='word_1_160' title='bbox 171 3868 371 3936; x_wconf 86' lang='lat' dir='ltr'>aecedentes</span> <span class='ocrx_word' id='word_1_161' title='bbox 387 3867 421 3933; x_wconf 93' lang='lat' dir='ltr'>in</span> <span class='ocrx_word' id='word_1_162' title='bbox 437 3869 640 3952; x_wconf 88' lang='lat' dir='ltr'>presenciam</span> <span class='ocrx_word' id='word_1_163' title='bbox 656 3877 801 3937; x_wconf 87' lang='lat' dir='ltr'>nostram</span> <span class='ocrx_word' id='word_1_164' title='bbox 814 3869 1000 3956; x_wconf 87' lang='lat' dir='ltr'>Stephanus</span> <span class='ocrx_word' id='word_1_165' title='bbox 1015 3870 1115 3935; x_wconf 87' lang='lat' dir='ltr'>frater</span> <span class='ocrx_word' id='word_1_166' title='bbox 1130 3868 1201 3935; x_wconf 91' lang='lat' dir='ltr'>Iho·</span> 
     </span>
     <span class='ocr_line' id='line_1_25' title="bbox 56 3973 1200 4062; baseline 0 -20"><span class='ocrx_word' id='word_1_167' title='bbox 56 3977 159 4043; x_wconf 80' lang='lat' dir='ltr'>anuis</span> <span class='ocrx_word' id='word_1_168' title='bbox 181 3975 307 4062; x_wconf 84' lang='lat' dir='ltr'>pugilis</span> <span class='ocrx_word' id='word_1_169' title='bbox 323 3975 380 4060; x_wconf 88' lang='lat' dir='ltr'>filij</span> <span class='ocrx_word' id='word_1_170' title='bbox 398 3973 520 4060; x_wconf 86' lang='lat' dir='ltr'>Rodus,</span> <span class='ocrx_word' id='word_1_171' title='bbox 546 3983 578 4043; x_wconf 85' lang='lat' dir='ltr'>et</span> <span class='ocrx_word' id='word_1_172' title='bbox 594 3977 755 4044; x_wconf 89' lang='lat' dir='ltr'>lhoannes</span> <span class='ocrx_word' id='word_1_173' title='bbox 771 3977 857 4044; x_wconf 88' lang='lat' dir='ltr'>filins</span> <span class='ocrx_word' id='word_1_174' title='bbox 874 3973 1019 4044; x_wconf 87' lang='lat' dir='ltr'>eiusdem</span> <span class='ocrx_word' id='word_1_175' title='bbox 1035 3974 1200 4060; x_wconf 89' lang='lat' dir='ltr'>lhoanuis‚</span> 
     </span>
     <span class='ocr_line' id='line_1_26' title="bbox 55 4083 1201 4170; baseline 0 -21"><span class='ocrx_word' id='word_1_176' title='bbox 55 4085 238 4170; x_wconf 83' lang='lat' dir='ltr'>conquesti</span> <span class='ocrx_word' id='word_1_177' title='bbox 255 4091 331 4151; x_wconf 88' lang='lat' dir='ltr'>sunt</span> <span class='ocrx_word' id='word_1_178' title='bbox 347 4084 451 4167; x_wconf 85' lang='lat' dir='ltr'>uobis,</span> <span class='ocrx_word' id='word_1_179' title='bbox 470 4084 556 4169; x_wconf 89' lang='lat' dir='ltr'>quod</span> <span class='ocrx_word' id='word_1_180' title='bbox 571 4084 780 4152; x_wconf 90' lang='lat' dir='ltr'>medietatem</span> <span class='ocrx_word' id='word_1_181' title='bbox 796 4083 964 4153; x_wconf 87' lang='lat' dir='ltr'>cuiusdam</span> <span class='ocrx_word' id='word_1_182' title='bbox 982 4090 1065 4151; x_wconf 89' lang='lat' dir='ltr'>terre</span> <span class='ocrx_word' id='word_1_183' title='bbox 1091 4101 1201 4151; x_wconf 90' lang='lat' dir='ltr'>eorum</span> 
     </span>
     <span class='ocr_line' id='line_1_27' title="bbox 55 4193 1202 4280; baseline 0 -22"><span class='ocrx_word' id='word_1_184' title='bbox 55 4193 274 4279; x_wconf 84' lang='lat' dir='ltr'>Budawelge</span> <span class='ocrx_word' id='word_1_185' title='bbox 289 4193 430 4278; x_wconf 87' lang='lat' dir='ltr'>nomine,</span> <span class='ocrx_word' id='word_1_186' title='bbox 456 4213 555 4278; x_wconf 89' lang='lat' dir='ltr'>quam</span> <span class='ocrx_word' id='word_1_187' title='bbox 581 4193 623 4260; x_wconf 92' lang='lat' dir='ltr'>ab</span> <span class='ocrx_word' id='word_1_188' title='bbox 649 4193 782 4280; x_wconf 88' lang='lat' dir='ltr'>antiquo</span> <span class='ocrx_word' id='word_1_189' title='bbox 808 4200 953 4280; x_wconf 87' lang='lat' dir='ltr'>tempore</span> <span class='ocrx_word' id='word_1_190' title='bbox 973 4198 1066 4278; x_wconf 89' lang='lat' dir='ltr'>pater</span> <span class='ocrx_word' id='word_1_191' title='bbox 1091 4211 1202 4259; x_wconf 88' lang='lat' dir='ltr'>eorum</span> 
     </span>
     <span class='ocr_line' id='line_1_28' title="bbox 53 4297 1204 4388; baseline -0.002 -22"><span class='ocrx_word' id='word_1_192' title='bbox 53 4301 178 4369; x_wconf 77' lang='lat' dir='ltr'>nodus</span> <span class='ocrx_word' id='word_1_193' title='bbox 200 4300 389 4368; x_wconf 87' lang='lat' dir='ltr'>antedictus</span> <span class='ocrx_word' id='word_1_194' title='bbox 414 4307 448 4367; x_wconf 90' lang='lat' dir='ltr'>et</span> <span class='ocrx_word' id='word_1_195' title='bbox 473 4321 555 4368; x_wconf 88' lang='lat' dir='ltr'>auus</span> <span class='ocrx_word' id='word_1_196' title='bbox 580 4301 717 4388; x_wconf 88' lang='lat' dir='ltr'>pacifice</span> <span class='ocrx_word' id='word_1_197' title='bbox 742 4321 873 4388; x_wconf 85' lang='lat' dir='ltr'>semper</span> <span class='ocrx_word' id='word_1_198' title='bbox 897 4297 1121 4388; x_wconf 85' lang='lat' dir='ltr'>possederant,</span> <span class='ocrx_word' id='word_1_199' title='bbox 1148 4298 1204 4364; x_wconf 89' lang='lat' dir='ltr'>Mi-</span> 
     </span>
     <span class='ocr_line' id='line_1_29' title="bbox 53 4406 1205 4478; baseline 0.003 -6"><span class='ocrx_word' id='word_1_200' title='bbox 53 4408 153 4476; x_wconf 78' lang='lat' dir='ltr'>ulrael</span> <span class='ocrx_word' id='word_1_201' title='bbox 176 4411 300 4478; x_wconf 80' lang='lat' dir='ltr'>Comes</span> <span class='ocrx_word' id='word_1_202' title='bbox 325 4407 427 4474; x_wconf 83' lang='lat' dir='ltr'>frater</span> <span class='ocrx_word' id='word_1_203' title='bbox 451 4406 563 4474; x_wconf 85' lang='lat' dir='ltr'>Buzad</span> <span class='ocrx_word' id='word_1_204' title='bbox 588 4408 724 4476; x_wconf 90' lang='lat' dir='ltr'>comitis</span> <span class='ocrx_word' id='word_1_205' title='bbox 752 4409 912 4475; x_wconf 84' lang='lat' dir='ltr'>existente</span> <span class='ocrx_word' id='word_1_206' title='bbox 927 4407 1052 4477; x_wconf 90' lang='lat' dir='ltr'>comite</span> <span class='ocrx_word' id='word_1_207' title='bbox 1077 4407 1205 4476; x_wconf 88' lang='lat' dir='ltr'>Woros·</span> 
     </span>
     <span class='ocr_line' id='line_1_30' title="bbox 53 4504 1204 4605; baseline 0.003 -24"><span class='ocrx_word' id='word_1_208' title='bbox 53 4516 171 4587; x_wconf 79' lang='lat' dir='ltr'>mensi</span> <span class='ocrx_word' id='word_1_209' title='bbox 191 4521 236 4586; x_wconf 90' lang='lat' dir='ltr'>ab</span> <span class='ocrx_word' id='word_1_210' title='bbox 254 4520 304 4586; x_wconf 87' lang='lat' dir='ltr'>eis</span> <span class='ocrx_word' id='word_1_211' title='bbox 320 4518 520 4603; x_wconf 87' lang='lat' dir='ltr'>abstulisset,</span> <span class='ocrx_word' id='word_1_212' title='bbox 538 4525 570 4584; x_wconf 90' lang='lat' dir='ltr'>et</span> <span class='ocrx_word' id='word_1_213' title='bbox 586 4517 691 4584; x_wconf 91' lang='lat' dir='ltr'>eidem</span> <span class='ocrx_word' id='word_1_214' title='bbox 709 4504 824 4586; x_wconf 86' lang='lat' dir='ltr'>castro</span> <span class='ocrx_word' id='word_1_215' title='bbox 834 4518 1002 4586; x_wconf 87' lang='lat' dir='ltr'>statuisset</span> <span class='ocrx_word' id='word_1_216' title='bbox 1016 4517 1204 4605; x_wconf 88' lang='lat' dir='ltr'>asserendo,</span> 
     </span>
     <span class='ocr_line' id='line_1_31' title="bbox 52 4623 1202 4712; baseline 0.002 -22"><span class='ocrx_word' id='word_1_217' title='bbox 52 4625 163 4696; x_wconf 79' lang='lat' dir='ltr'>luisse</span> <span class='ocrx_word' id='word_1_218' title='bbox 184 4623 630 4710; x_wconf 76' lang='lat' dir='ltr'>terramcastriantedict13</span> <span class='ocrx_word' id='word_1_219' title='bbox 658 4633 690 4691; x_wconf 95' lang='lat' dir='ltr'>et</span> <span class='ocrx_word' id='word_1_220' title='bbox 714 4624 814 4711; x_wconf 90' lang='lat' dir='ltr'>ijdcm</span> <span class='ocrx_word' id='word_1_221' title='bbox 830 4625 995 4692; x_wconf 89' lang='lat' dir='ltr'>humiliter</span> <span class='ocrx_word' id='word_1_222' title='bbox 1019 4626 1114 4693; x_wconf 87' lang='lat' dir='ltr'>nobis</span> <span class='ocrx_word' id='word_1_223' title='bbox 1130 4645 1202 4712; x_wconf 88' lang='lat' dir='ltr'>sup·</span> 
     </span>
    </p>
   </div>
   <div class='ocr_carea' id='block_1_13' title="bbox 0 0 1556 5160">
    <p class='ocr_par' dir='ltr' id='par_1_13' title="bbox 0 0 1556 5160">
     <span class='ocr_line' id='line_1_32' title="bbox 0 0 1556 5160; baseline 0 10"><span class='ocrx_word' id='word_1_224' title='bbox 0 0 1556 5160; x_wconf 95' lang='lat' dir='ltr'> </span> 
     </span>
    </p>
   </div>
  </div>
 </body>
</html>
