3122 5154
505 343 506 347 ‘
584 307 737 408 2¹9...

107 509 150 569 tur
163 510 246 570 mete
261 501 305 570 ad
322 522 455 589 aquarn,
481 523 545 588 que
560 512 694 570 vocatur
710 503 820 588 enirm
847 509 964 590 postea
979 511 1089 573 autern
1109 503 1225 574 eodem

106 631 183 696 aqua
197 617 331 698 separat
346 619 470 678 terram
486 612 518 679 S.
535 631 557 676 a
572 617 661 680 terra
677 611 893 678 castrensium
915 611 957 678 de
971 613 1164 700 Dobrogoz;
1181 622 1226 682 tc·

105 739 169 785 nen
184 725 268 786 mate
277 718 311 785 S.
328 725 460 786 etterre
471 719 686 787 castrensium
704 720 745 786 de
755 721 928 805 Dobrogoz
940 719 1125 806 diriguntur
1133 721 1226 790 iuxta

105 827 232 894 candem
248 847 368 913 aquarn
383 827 540 912 usquead
556 828 648 896 illum
664 829 781 912 locum,
799 827 854 894 vbi
868 827 957 914 prius
977 827 1040 895 luit
1055 828 1135 895 villa
1143 832 1175 898 S.
1193 837 1226 896 et

106 933 233 1002 fratrum
249 955 400 1020 suorum3
425 936 514 1004 etde
530 935 601 1004 loco
618 935 673 1004 illo
689 941 774 1002 mete
791 935 824 1002 S.
842 935 1027 1022 diriguntur
1042 957 1145 1021 usquc
1161 938 1225 1004 Da·

103 1042 235 1128 nubium,
253 1043 308 1128 qui
323 1049 460 1110 vocatur
474 1042 660 1110 Pranduna.
678 1045 729 1110 De
747 1043 856 1110 Insula
872 1050 980 1109 antem
997 1046 1093 1111 ambe
1108 1049 1220 1132 partes

103 1149 243 1216 confesse
258 1157 344 1232 sunt,
365 1147 535 1233 justiciam
552 1167 589 1215 se
604 1149 727 1216 habere
743 1147 920 1216 secundum
937 1147 1026 1233 quod
1041 1151 1224 1219 continetur

103 1258 133 1323 in
146 1255 262 1324 litteris
277 1253 428 1342 capitoli
446 1255 642 1322 laoniensis.

166 1453 242 1524 (Belo
255 1452 402 1520 kirtlynak
415 1451 580 1521 megcrllsltb'
593 1411 785 1520 okminyibol
799 1455 867 1506 miut
880 1455 991 1506 fentcbb
1005 1456 1048 1506 22.
1062 1471 1099 1506 sc.
1114 1456 1151 1521 a.)

141 2386 238 2450 liuor
253 2385 436 2468 saeremepi
443 2381 665 2470 fuldbirtokrc
683 2385 853 2452 uoruutkozri
867 2386 1054 2453 orokoollds.
1082 2389 1178 2455 1237.

183 2561 449 2650 (ltanssnmtum
460 2561 602 2649 Capituli
612 2563 804 2630 Tituliensis
817 2563 973 2630 fossionis
984 2560 1118 2646 (lentus,
1130 2563 1222 2629 Bene

98 2683 128 2738 et
143 2670 287 2738 Clericus
301 2671 439 2738 fratrum
457 2670 498 2736 de
512 2669 595 2736 villa
611 2670 715 2736 Heten
731 2671 772 2736 de
788 2671 929 2756 Symin,
954 2690 1053 2756 super
1068 2689 1222 2758 perenna·

7 2815 8 2846 l
98 2781 169 2846 liter
184 2781 326 2847 uenditis
351 2801 412 2866 pro
428 2799 493 2845 una
520 2797 631 2844 rncroa
647 2799 732 2844 anno
754 2779 847 2844 1237.
874 2779 1040 2864 Stephano
1057 2777 1151 2845 fratri
1168 2779 1224 2844 Ar-

7 2863 8 2900 ³
99 2889 287 2954 chidiacono
303 2887 345 2954 dc
353 2893 444 2953 terra
454 2907 514 2953 suu
524 2885 847 2971 centaurjugeribus,
864 2885 907 2952 ad
927 2885 1117 2952 instantiam
1128 2887 1225 2952 (leor-

97 2997 139 3080 gij
156 2995 215 3062 lilii
233 2996 394 3082 Stephani
414 2997 510 3066 1280.
529 2993 740 3082 emanatunr.)

245 3177 281 3242 (Δ
294 3175 366 3227 mult
381 3173 447 3228 baro
457 3175 550 3242 Bovay
563 3173 711 3226 csaltdnak
724 3172 850 3226 lovcltr'rri
864 3171 1071 3240 lajstromibol.)

633 3911 687 3976 32.

101 4091 127 4155 A
142 4089 298 4158 mdccc
313 4089 437 4176 kirclyi
452 4087 544 4154 birdlc
559 4111 581 4151 a
596 4089 725 4152 ucuudci
749 4086 919 4174 kdploiont
936 4081 1104 4170 Mepycltid
1119 4083 1150 4148 cs
1168 4081 1222 4147 Ki-

280 4197 510 4287 m'ajccoknclc
520 4195 705 4262 hirtokoban
720 4193 925 4283 mcpcriaito'k.
946 4193 1041 4256 1237.

196 4377 375 4462 Gregorius
386 4375 450 4444 Dei
462 4373 574 4458 gracia
584 4373 767 4459 Episcopus
777 4371 971 4455 laoniensis,
983 4367 1099 4434 class
1108 4369 1225 4436 comes

103 4487 337 4574 Soproniensis‚
362 4483 507 4552 Haholth
534 4481 650 4550 Comus
666 4480 773 4546 Casiri
798 4479 919 4560 Ferrci,
941 4476 1070 4562 judices
1095 4478 1128 4542 in
1149 4478 1225 4542 abo·

103 4596 205 4666 lendis
227 4593 501 4682 perpetuitatibus
519 4610 578 4676 per
593 4589 759 4656 dominum
775 4588 887 4653 Belum
911 4587 1033 4667 Regem
1060 4581 1228 4665 Hungarie

142 4753 241 4789 nonus.
258 4751 339 4789 rsusrov
358 4748 427 4783 nrsn.
448 4757 483 4766 -
503 4745 573 4780 nnnc.
592 4736 625 4775 ¹2.
1043 4715 1062 4768 4
