3198 5160
822 245 982 350 ..⁵l4-

337 443 528 514 uooabiliter
543 439 787 531 possidendam,
811 444 999 531 tenendam,
1024 440 1149 530 paritor
1165 449 1198 511 et
1212 441 1411 526 habendam,
1428 458 1471 508 ex

338 553 476 620 licencia
500 552 654 620 videlieet
679 559 712 618 et
727 552 814 620 bona
838 552 1007 620 uoluntate
1028 549 1123 636 Gugo
1147 560 1181 620 ot
1203 551 1353 619 Ladiulai
1380 555 1470 617 ante-

338 663 517 747 diotorum;
543 681 641 746 quam
667 661 799 744 quidem
823 659 996 746 pecuniam
1013 660 1260 746 quatuordeeim
1285 678 1470 728 marearum

338 769 425 838 idem
441 769 536 836 Luka
551 767 637 836 filius
653 768 787 852 Bogsrd
804 767 845 833 ab
861 767 980 853 Egidio
996 767 1062 835 filio
1072 768 1184 854 Rogas
1200 768 1365 836 antedioto
1381 785 1470 833 reee-

337 877 430 964 pisse
446 877 614 944 coufessus
632 881 692 960 ost,
717 895 827 943 oorom
842 874 947 942 nobis.
965 876 1002 941 In
1020 877 1112 943 euius
1128 876 1176 944 rei
1191 875 1383 945 memoriam
1400 893 1471 960 per-

338 990 534 1070 petuamque
550 982 745 1064 firmitatem,
771 989 807 1050 ut
821 983 896 1069 ipsa
911 982 1037 1069 empeio
1053 991 1086 1050 et
1101 983 1252 1053 uendioio
1275 985 1374 1052 robur
1389 987 1472 1070 opti-

338 1100 425 1180 neat,
451 1111 511 1158 neo
534 1092 638 1178 possit
663 1109 721 1177 per
747 1091 933 1177 quempiam
958 1091 1139 1178 retraetari,
1166 1099 1334 1180 presentes
1360 1092 1471 1160 eidem

338 1199 457 1285 Egidio
474 1199 540 1266 lilio
556 1201 668 1284 Rogas
694 1199 915 1266 concessimus
932 1200 1034 1286 sigilli
1050 1201 1152 1266 nostri
1180 1201 1357 1267 munimine
1373 1201 1471 1268 robo-

338 1315 439 1375 ratas.
465 1309 587 1374 Datum
603 1327 661 1394 per
678 1327 792 1376 manus
816 1307 950 1376 disereti
967 1307 1029 1373 viri
1044 1307 1194 1393 Magistri
1210 1307 1305 1394 Syrti
1321 1309 1471 1374 Leotoris

337 1417 486 1484 Eeolesie
510 1423 620 1485 nostre
636 1415 670 1481 in
696 1415 780 1482 festo
805 1415 978 1482 Beatorum
996 1416 1063 1483 Viti
1079 1421 1112 1482 et
1131 1415 1271 1483 Modesti
1299 1417 1471 1484 martirum

339 1545 424 1594 anno
441 1524 574 1592 Domini
591 1523 764 1591 millesimo
781 1521 897 1590 GO⁰L⁰
913 1542 1007 1592 nono.

553 1683 583 1750 A
781 1685 810 1750 Β
1003 1685 1029 1752 0
1222 1687 1252 1752 D

338 1847 481 1917 (Etodotio
500 1845 674 1914 bb'rbdrtydn,
697 1849 815 1900 abarna
835 1847 1061 1914 selyemzsindron
1084 1849 1168 1916 tuggo
1180 1848 1275 1916 poosdt
1293 1850 1434 1914 slvessett,
1455 1865 1472 1900 a

663 1939 746 1990 budai
759 1939 810 1990 kir.
820 1939 943 1990 kannensi
957 1937 1145 2007 loudltdrbau.)

777 2213 1034 2233 ’'-nn———n--n

858 2671 937 2744 eet.

339 2855 387 2922 As
403 2855 470 2944 eqni
492 2851 706 2943 lodptalaonalr
724 2855 888 2944 Olympios
903 2855 1053 2922 Babaoai
1067 2855 1201 2944 Gerydy
1225 2857 1290 2943 neje
1315 2855 1468 2944 odys‘nte'z-

561 2963 681 3031 ledesdt
695 2969 844 3052 trtoppozo'
859 2965 1125 3052 bekooysdpleoele.
1142 2965 1239 3030 1259.

447 3142 606 3211 Omnibus
622 3143 743 3212 Christi
758 3143 911 3212 fidelibus
926 3151 994 3211 tam
1007 3143 1213 3231 presentibus
1223 3161 1321 3226 quam
1337 3139 1466 3226 suturis,

339 3249 384 3318 ad
399 3271 480 3335 quos
495 3271 631 3337 presens
655 3253 811 3340 seriptum
837 3254 1031 3341 peruenerit,
1048 3251 1220 3338 Agriensis
1239 3249 1387 3318 Eoelesio
1405 3249 1466 3316 (la-

338 3359 475 3446 pitolum
489 3359 629 3427 salutem
644 3359 677 3428 in
694 3381 742 3448 eo,
758 3361 813 3447 qui
828 3383 886 3450 pro
902 3363 1045 3430 humano
1055 3380 1176 3447 genere
1193 3359 1298 3428 uoluit
1307 3357 1465 3443 ornoiligi.

338 3467 392 3534 lld
407 3465 628 3558 uniuersitatis
653 3475 762 3536 uestro
778 3470 932 3538 notieiam
957 3476 1070 3536 tenore
1085 3467 1291 3555 preseuoinm
1315 3465 1466 3533 uolumus

337 3575 520 3662 peruenire,
536 3575 622 3659 qnod
638 3595 711 3642 oum
727 3575 1053 3664 dominaOlympias,
1069 3575 1138 3643 lilia
1152 3577 1302 3642 blaroeus
1323 3574 1364 3640 de
1380 3573 1465 3662 Pulr,

337 3703 421 3752 uxor
445 3684 596 3770 Gregorij
614 3684 655 3751 de
670 3685 809 3754 Babuna
833 3685 928 3772 graui
954 3683 1139 3770 egritudine
1163 3683 1339 3770 laboraret,
1365 3683 1466 3750 misso

338 3791 382 3859 ad
397 3811 457 3860 nos
472 3793 590 3858 nunoio
605 3811 675 3874 ,suo
695 3791 790 3860 nobis
815 3791 1001 3879 suplioauit‚
1026 3791 1114 3878 quod
1133 3791 1296 3860 bominem
1319 3796 1466 3858 nostrum

337 3899 468 3968 fidelem
483 3897 527 3965 sd
549 3899 657 3986 ipsam
672 3900 884 3988 mitteremus,
912 3921 1021 3969 ooram
1038 3919 1101 3987 qno
1116 3901 1271 3970 oonderet
1294 3906 1467 3968 testamen·

336 4015 414 4076 tum.
445 4007 572 4074 lituos
597 4007 694 4074 iustis
718 4009 870 4094 precibus
894 4009 999 4097 ipsius
1025 4016 1215 4095 annuentes,
1247 4009 1396 4077 misimus
1422 4007 1467 4077 ud

336 4115 444 4204 ipsam
454 4114 602 4184 homines
613 4123 742 4186 nostros
751 4117 944 4205 fidedignos,
965 4117 1022 4204 qui
1038 4119 1163 4187 reuersi
1171 4119 1267 4188 nobis
1276 4118 1465 4204 retulerunt,

336 4224 422 4309 quod
448 4243 558 4292 eoram
582 4224 675 4311 ipsis,
701 4233 735 4293 et
759 4227 835 4295 aliis
860 4227 940 4296 uiris
960 4226 1107 4314 prouidis
1135 4233 1167 4296 et
1191 4227 1339 4295 honestis
1366 4245 1466 4312 quom

336 4329 494 4420 pluribus,
510 4331 553 4396 ob
569 4329 782 4403 dileooionem
798 4335 907 4402 mariti
923 4334 975 4403 sui
992 4335 1101 4404 dotem
1124 4355 1219 4404 suam
1234 4341 1268 4402 et
1283 4351 1334 4401 res
1353 4351 1466 4402 seeum

335 4441 370 4508 lu
395 4441 601 4511 matrimonio
625 4445 794 4514 traductos
819 4446 936 4516 merito
952 4467 1011 4516 suo
1037 4449 1168 4518 omnino
1192 4444 1392 4531 remisissem
1417 4444 1467 4512 ita

337 4547 425 4633 quod
440 4548 573 4618 raoione
585 4551 672 4621 dotis
688 4575 747 4622 sna
762 4565 795 4625 et
809 4575 919 4627 rerum
929 4575 1061 4628 suarum
1077 4556 1295 4648 prediotarum
1310 4555 1466 4626 maritum
