3102 5160
121 537 307 623 dinmusque
331 537 375 606 ad
391 539 474 606 fines
484 539 563 604 ville
574 539 716 604 Zumbur
732 559 753 605 a
768 546 863 626 parto
874 541 1063 628 oooidentis,
1081 549 1114 609 et
1124 542 1241 611 deinde

123 646 236 714 direote
251 647 358 714 eundo
371 665 430 733 per
445 652 550 714 metas
566 666 668 731 usque
684 647 728 713 ad
743 647 929 732 llorusium,
947 656 980 715 et
995 651 1241 735 perllorusium

117 773 209 840 snpra
229 773 332 838 usque
357 754 401 820 ad
417 759 522 821 metas
538 753 617 821 uille
638 753 757 822 Palata
776 763 901 842 uooate,
927 777 990 842 que
1016 756 1165 826 similiter
1190 764 1241 826 est

120 882 184 947 sua3
199 863 277 930 item
288 862 402 930 uillam
411 863 562 948 Palatha,
574 881 637 948 que
649 883 713 931 uno
723 863 853 931 nomine
863 865 1058 934 Kelemenus
1068 868 1237 954 palataya,

119 969 177 1036 alio
192 969 325 1038 nomine
348 969 504 1038 moderno
522 971 696 1056 Pangraeh
720 973 879 1059 palataya
903 981 1049 1058 uocatur,
1076 994 1149 1042 oum
1170 981 1240 1045 tota

120 1079 206 1163 sylva
229 1079 401 1164 glandium
424 1099 539 1146 uersus
555 1077 713 1148 orientem
727 1100 830 1166 usque
850 1079 989 1150 adfines
1005 1083 1084 1150 uille
1106 1085 1238 1152 thaln-

118 1187 196 1272 lud,
224 1209 287 1273 que
304 1208 377 1255 oum
392 1190 467 1256 Isao
482 1194 514 1255 et
527 1188 636 1273 Wgud
652 1187 695 1256 de
709 1209 829 1274 genere
849 1189 995 1279 Chanad,
1020 1213 1083 1278 que
1100 1211 1239 1260 eommu-

116 1296 192 1362 niter
207 1296 252 1362 ab
269 1295 395 1362 eisdem
410 1293 603 1381 possidetur,
629 1303 661 1362 et
676 1294 753 1362 inde
768 1305 968 1383 perveteres
987 1308 1094 1368 metas
1110 1307 1143 1367 et
1159 1299 1239 1366 enti·

116 1421 190 1485 quas
206 1401 302 1470 uadit
316 1422 433 1469 uersus
449 1401 634 1488 aquilonem
650 1424 753 1489 usque
769 1403 813 1471 ad
829 1412 958 1492 portum
973 1407 1118 1494 Morusij,
1139 1427 1160 1473 a
1175 1427 1238 1473 me·

116 1510 191 1577 ridie
206 1530 285 1578 uero
300 1509 420 1578 transit
444 1509 477 1577 in
493 1531 653 1598 campum,
680 1519 712 1579 et
727 1512 821 1580 uadit
835 1515 922 1580 ultra
937 1535 1035 1582 unam
1050 1515 1170 1582 uallem
1192 1515 1238 1582 lu·

115 1627 214 1688 tosam
231 1627 264 1687 et
275 1640 445 1705 aquosam,
462 1625 495 1687 et
509 1619 554 1687 ibi
565 1621 794 1704 eontingnatur
804 1621 899 1690 terris
909 1623 1067 1690 nobilium
1083 1622 1236 1708 deBeea;

117 1731 230 1798 deinde
246 1730 351 1796 uadit
374 1749 490 1797 uersus
516 1727 714 1796 oeoidentem
738 1749 797 1815 per
823 1737 927 1798 metes
953 1729 997 1798 ad
1022 1738 1143 1798 terram
1161 1733 1237 1797 Pra-

118 1841 362 1925 danmunnstra‚
379 1839 435 1904 ubi
445 1845 520 1905 sunt
527 1843 595 1904 tres
604 1845 689 1906 mete
698 1845 813 1924 terreo,
826 1859 962 1922 quarum
971 1859 1036 1906 una
1045 1839 1185 1926 pertinet
1195 1837 1238 1906 ad

117 1955 231 2014 terram
247 1945 559 2032 Pradanmnnnstra,
577 1946 722 2014 seeundo
738 1945 782 2013 ad
801 1947 914 2014 uillam
925 1946 1050 2033 Ladan,
1071 1947 1173 2016 teroia
1188 1953 1238 2016 est

115 2056 214 2141 ipsius
231 2055 313 2122 uille
327 2055 470 2122 Palatha
480 2061 605 2138 uoeate,
623 2061 655 2121 et
671 2053 720 2122 sio
735 2055 781 2121 ibi
796 2055 1007 2141 terminatur;
1027 2055 1105 2122 item
1120 2053 1237 2123 medie·

112 2173 210 2232 tatem
226 2163 309 2230 ville
323 2163 412 2229 Beeb
429 2166 558 2250 aparte
578 2161 736 2248 meridiei,
766 2181 839 2229 enm
854 2163 1028 2231 medietate
1050 2162 1159 2251 pontis
1182 2165 1238 2230 tri-

114 2271 178 2339 buti
194 2271 344 2338 eiusdem
360 2269 448 2354 ville,
475 2277 507 2336 et
521 2270 671 2338 omnibus
691 2271 768 2356 alijs
782 2269 987 2356 utilitatibus,
1012 2272 1118 2357 terris,
1140 2271 1234 2356 pisoi-

110 2377 168 2464 nis,
192 2377 310 2464 pratis,
340 2375 462 2444 direote
486 2377 529 2445 ad
555 2377 762 2444 medietatem
787 2376 1036 2465 pertinentibus,
1063 2376 1132 2442 alia
1155 2393 1233 2442 uero

112 2485 285 2552 medietate
313 2483 381 2552 suis
413 2484 569 2570 proximis
595 2484 744 2552 similiter
769 2503 841 2551 oum
869 2481 1017 2552 omnibus
1042 2481 1236 2549 utilitatibus

113 2599 318 2677 remanente3
341 2590 419 2657 item
435 2590 655 2678 Egbazasker,
674 2592 765 2660 euius
782 2591 922 2659 eoelesia
937 2593 987 2658 est
1002 2595 1188 2657 oonstrneta
1202 2589 1236 2654 in

112 2703 266 2768 honorem
289 2698 394 2766 llario
413 2699 567 2784 Virginis,
592 2719 665 2766 oum
691 2698 842 2767 omnibus
866 2697 1060 2764 utilitatibus
1085 2697 1153 2763 suis
1177 2715 1236 2782 per

112 2810 263 2892 antiquas
281 2813 385 2874 metas
401 2807 539 2892 girando
549 2809 776 2894 oiroumoiroa;
796 2807 874 2874 item
883 2809 996 2874 Rasan
1012 2803 1163 2873 similiter
1177 2823 1236 2892 per

113 2918 265 3000 antiquas
281 2921 387 2982 metas
403 2914 608 2999 oiroueundo,
626 2920 658 2981 et
674 2915 806 2982 easdem
820 2915 854 2981 in
871 2914 1019 3002 pluribus
1038 2912 1236 2996 renouando,

111 3026 260 3093 similiter
274 3044 348 3091 eum
364 3024 512 3092 omnibus
527 3023 742 3108 utilitatibus,
758 3023 836 3090 item
852 3023 935 3090 Zent
951 3021 1092 3088 lliklous
1111 3041 1169 3107 per
1184 3041 1238 3088 an·

110 3135 219 3217 tiqnas
235 3139 350 3219 metas,
378 3131 563 3218 incipiendo
580 3153 601 3200 a
616 3137 710 3218 parte
725 3129 910 3217 oooidentis,
938 3127 1077 3215 girando
1094 3147 1153 3195 sen
1179 3127 1236 3196 eir·

112 3241 258 3309 enenndo
273 3261 332 3328 per
346 3241 624 3327 septemtrionem,
635 3237 831 3324 aquilonem,
843 3237 999 3304 orientem
1010 3242 1042 3302 et
1057 3235 1236 3320 meridiem,

109 3358 137 3417 et
153 3369 262 3417 nonas
278 3347 443 3435 erigendo,
461 3347 612 3416 similiter
627 3367 700 3415 oum
716 3345 865 3415 omnibus
880 3343 1074 3412 utilitatibus
1090 3349 1123 3410 et
1138 3344 1236 3430 perti-

110 3459 235 3543 nencijs
252 3459 342 3544 suis,
368 3457 446 3524 item
463 3457 579 3524 (lhaka
596 3477 669 3523 eum
684 3455 835 3524 omnibus
850 3453 1031 3540 piscaturis,
1052 3451 1149 3519 terris
1167 3472 1236 3518 ara-

110 3569 243 3653 bilibus,
262 3565 388 3650 senetis,
414 3566 518 3653 pratis
534 3571 566 3632 et
582 3566 659 3652 alijs
675 3564 824 3633 omnibns
841 3563 1044 3650 utilitatibus,
1065 3579 1134 3645 que
1151 3559 1237 3626 intra

111 3685 214 3744 netas
239 3675 393 3760 antiquas
410 3680 443 3742 et
458 3681 634 3743 renouatus
649 3670 796 3740 eiusdem
811 3671 890 3738 uille
908 3670 1087 3738 existentes
1102 3689 1174 3736 esse
1193 3668 1239 3736 di·

109 3789 304 3869 nosountur;
329 3783 408 3850 item
422 3781 600 3850 Barumloh
616 3780 767 3848 similiter
791 3799 864 3847 oum
880 3778 1029 3847 omnibus
1045 3775 1237 3844 utilitatibus

109 3900 138 3958 et
150 3891 367 3980 pertineneijs
384 3887 602 3957 existentibus
619 3888 705 3955 intra
720 3895 835 3971 metas,
859 3903 924 3970 que
939 3881 1166 3978 possessiones
1182 3879 1238 3948 ha-

109 4001 172 4068 bite
189 4021 264 4067 oum
280 3999 375 4067 metis
401 3999 445 4066 ad
459 3999 602 4066 inuioem
619 3996 857 4080 coniunguntur
883 4000 916 4062 et
937 3991 1177 4076 eontiguautur,
1204 3989 1238 4057 in

27 4149 28 4152 =
108 4129 245 4193 quarum
265 4109 361 4174 metis
386 4116 419 4174 et
443 4105 613 4174 uioinitate
636 4105 782 4191 piseina,
810 4121 872 4188 que
899 4099 1083 4185 antiquiore
1107 4096 1238 4165 nomine

109 4216 306 4286 Pothoktouu
321 4223 466 4303 uoeatur,
492 4235 551 4303 per
568 4213 726 4297 quosdam
742 4217 851 4278 antem
867 4208 1104 4294 chukatnowa,
1132 4210 1164 4272 et
1180 4225 1239 4292 per

106 4327 188 4394 alios
206 4323 431 4392 Rasanthowa
446 4329 664 4408 nunoupatnr,
682 4319 797 4386 eadem
813 4317 943 4405 piseina
958 4315 992 4383 in
1004 4317 1104 4398 longo
1121 4321 1153 4381 et
1169 4315 1238 4382 lato

107 4457 177 4502 enm
194 4429 711 4521 prenominatispossessionibus
727 4435 881 4494 eteorum
892 4423 1130 4492 utilitatibusin
1148 4428 1239 4510 toto;

106 4543 182 4611 item
203 4540 393 4609 Temerken
402 4559 505 4626 prope
515 4538 662 4624 Tyolam,
682 4555 754 4603 oum
770 4531 956 4601 nemoribus
972 4531 1005 4597 in
1016 4528 1142 4598 duobus
1158 4521 1240 4598 loeis

104 4651 338 4736 existentibus,
356 4655 388 4715 et
403 4647 480 4731 alijs
489 4645 685 4715 utilitatibus
703 4643 781 4726 suis,
799 4639 957 4724 queintra
973 4645 1078 4704 metas
1095 4635 1239 4702 eiusdem

1017 4751 1079 4808 16*
