3198 5160
172 537 434 625 paraiemalibus
460 538 590 607 domine
606 537 776 605 Elisabeth
801 535 867 604 filio
883 535 1018 604 Comitis
1038 535 1167 604 Pharon
1189 535 1300 603 uxoris

171 645 310 714 sueiuro
320 653 477 735 perpetuo
493 646 688 730 reliquisset.
707 644 806 713 Cuius
816 644 903 712 laeto
922 644 954 711 in
970 643 1139 732 premissis
1150 643 1299 713 omnibus

171 752 288 822 (lomes
303 753 487 822 Felieisnus
504 761 537 822 et
551 753 717 838 Martleus,
734 752 836 820 irater
851 751 954 838 ipsius
972 751 1109 821 Comitis
1125 750 1299 835 Felieiani,

170 859 295 929 domini
310 861 447 950 predioli
463 861 571 930 Ponsu
587 881 696 929 eoram
713 861 807 929 nobis
824 859 1042 947 personaliter
1060 867 1297 946 oomparentes,

169 967 302 1054 plenum
326 968 522 1056 prebuerunt
546 987 740 1036 consensum
766 973 798 1034 et
815 983 995 1049 assensum,
1022 966 1129 1052 ipsum
1156 965 1296 1033 Possem

169 1075 351 1143 liberaliter
368 1077 527 1161 premissa
542 1075 726 1159 relinquere
741 1073 975 1162 permittentes.
994 1075 1037 1142 Vt
1052 1073 1152 1159 igitur
1168 1092 1297 1160 presen-

170 1183 213 1251 tis
229 1181 453 1251 ordinacionis
479 1183 579 1251 series
595 1183 695 1251 robur
712 1183 861 1270 optineat
885 1187 1041 1269 perpetue
1056 1181 1225 1266 firmitatis,
1252 1180 1296 1247 sd

169 1289 367 1358 instanciam
392 1296 424 1357 et
449 1291 643 1378 petieionem
669 1291 773 1376 ipsius
798 1289 906 1357 Pousa
934 1301 1071 1375 presens
1102 1287 1297 1356 contulimus

170 1398 326 1486 seriptum
351 1397 454 1484 sigilli
478 1401 580 1466 nostri
604 1398 782 1466 munimine
807 1397 1009 1468 roborantes.
1044 1397 1139 1464 Anno
1165 1393 1296 1464 Domini

170 1505 214 1573 ld⁰
225 1504 291 1574 00⁰
306 1505 524 1591 sexagesimo,
536 1505 696 1574 Michaele
707 1503 889 1593 Proposito,
905 1505 996 1572 lwau
1006 1505 1157 1587 Centone,
1173 1501 1296 1572 Andro·

169 1615 242 1684 uiuo
258 1613 412 1699 Custode,
429 1615 556 1683 Thomu
571 1616 704 1682 Deuano
724 1613 949 1682 existentibus.

170 1811 306 1876 (tradetis
318 1809 491 1880 bdrlrdrtydrr,
513 1809 767 1880 ahdrtyasslnsgsn
780 1812 865 1879 ldggll
877 1809 971 1879 penset
980 1825 1106 1878 metron,
1118 1825 1136 1862 s
1144 1810 1228 1862 budai
1240 1809 1294 1862 kir.

572 1894 892 1968 lamarsilerdltdrbsn.)

607 2173 865 2186 Μαι-ι,-

694 2634 772 2704 883.

172 2815 598 2902 Auoezpre‘ms'kdptolunaok
606 2817 875 2902 bizonpsdpleoele,
893 2817 977 2902 kopp
987 2813 1190 2900 Murkltsplrr'
1199 2835 1296 2880 eomes

170 2925 310 3011 bizonpoe
324 2945 411 3009 peres
426 2933 523 3008 suppra
539 2929 628 2988 oe‘aoe
643 2923 779 3007 Ledeqer
785 2923 905 3006 fiuioal
919 2923 1101 3008 bordtadpos
1123 2927 1295 3008 epysrse'prs

628 3031 723 3115 le’pett.
740 3031 836 3095 1260.
1213 3057 1216 3064 ·

286 3225 471 3312 Capitulum
497 3224 644 3291 Eoolesie
670 3221 923 3311 Vosprimiensis
948 3222 1100 3291 omnibus
1125 3228 1292 3310 presentes

168 3334 291 3403 litteras
307 3333 500 3422 inspecturis
519 3334 659 3401 salutem
675 3335 708 3402 in
725 3334 875 3401 Domino.
901 3331 953 3400 Ad
969 3333 1193 3401 uniuersorum
1212 3331 1294 3399 noti-

169 3443 250 3510 oiam
267 3451 380 3510 tenore
396 3444 598 3529 presencium
616 3443 762 3510 uolumus
786 3441 968 3530 peruenire,
996 3440 1084 3528 quod
1100 3439 1216 3508 Merko
1233 3439 1293 3508 Go-

169 3551 241 3617 mits
258 3551 300 3617 de
316 3550 411 3635 Reyk
429 3552 471 3616 als
489 3571 553 3616 unu
568 3559 672 3636 parte,
699 3557 731 3617 et
747 3548 856 3618 lindre
875 3570 915 3616 ao
931 3549 1108 3636 Stephano,
1134 3547 1216 3633 filijs
1232 3548 1290 3615 Le-

167 3653 278 3744 dageri
293 3655 438 3742 comptis
456 3656 496 3724 da
513 3659 648 3742 vaspan
665 3677 705 3724 ex
721 3659 834 3744 altera,
853 3677 962 3726 eoram
978 3655 1071 3723 nobis
1088 3654 1293 3740 eonstitutis;

166 3764 261 3849 ydem
287 3765 383 3831 llark
409 3786 517 3832 eomes
543 3765 711 3832 confessus
737 3773 769 3833 et
791 3766 867 3832 uiua
892 3781 980 3845 uooe,
1010 3761 1097 3846 quod
1121 3781 1194 3829 oum
1220 3761 1293 3850 ipse

167 3876 321 3941 mouisset
338 3893 470 3942 eausam
488 3880 600 3940 eontra
616 3875 723 3941 Endre
742 3873 979 3958 etStephanum
994 3868 1170 3956 prediatus,
1187 3871 1293 3956 requi·

167 3979 264 4047 reudo
282 3980 323 4046 ab
341 3980 475 4064 eisdem,
496 3981 607 4048 ordine
618 3981 805 4068 judiciario,
830 3978 893 4047 duo
905 3976 1043 4064 judioia,
1060 3995 1159 4063 snper
1174 3977 1291 4060 quibus

168 4097 258 4176 pater
275 4106 385 4154 eorum
404 4088 509 4156 dietus
526 4089 714 4175 Ledegerus
739 4095 851 4155 eontra
867 4085 1005 4153 eundem
1020 4083 1171 4150 Maritum
1187 4082 1293 4152 (lomi-

165 4203 228 4262 tem
243 4194 350 4262 fuerat
366 4196 544 4279 conuictos,
563 4203 594 4262 et
610 4197 693 4264 duas
710 4215 848 4282 mareas,
865 4213 946 4280 quus
963 4193 1035 4279 ipse
1050 4188 1145 4257 uari
1163 4191 1292 4280 comes,

165 4311 197 4370 rt
218 4303 310 4388 dixit,
340 4303 463 4371 eisdem
480 4311 590 4370 mutuo
617 4308 832 4388 concesserat,
860 4322 901 4368 ao
917 4297 1179 4368 verberaeionem
1204 4302 1293 4369 serui

165 4413 223 4496 sui,
240 4431 340 4500 super
350 4433 416 4496 qua
433 4415 536 4480 roiam
547 4433 647 4482 eausa
663 4420 774 4501 partas
786 4411 831 4478 ad
847 4408 1047 4478 senteneiam
1061 4404 1293 4474 arbitraturum

164 4527 399 4606 peruenerant,
428 4520 567 4588 eandem
593 4540 726 4588 oausam
750 4517 852 4586 fuisse
877 4515 1026 4584 sedatam
1050 4518 1084 4580 et
1114 4511 1292 4583 seeundum

164 4625 298 4694 formam
317 4628 408 4715 paois
426 4628 643 4713 terminatum,
669 4627 728 4694 tuli
744 4624 851 4712 modo,
877 4623 964 4708 quod
980 4619 1089 4688 Ender
1108 4627 1141 4686 et
1155 4620 1291 4708 Stepha-
