3134 5158
579 349 731 452 Q

95 542 249 609 frueretur
264 565 333 610 une
349 563 422 609 curn
447 563 559 610 sorore
576 564 637 609 sua
653 545 828 629 antedicta,
854 547 929 630 ipsa
945 567 1022 617 vero
1043 549 1219 616 decedente

94 669 145 714 nee
169 649 450 736 promtuaria,
476 669 537 714 nee
552 651 702 732 cuiquam
720 659 932 735 cognatorum
957 675 1088 721 suorum
1112 656 1223 723 oonte-

93 758 192 842 rendi,
209 776 269 824 seu
286 755 440 842 donandi,
464 757 517 824 uel
534 757 713 842 quidquam
739 759 912 826 ordinandi
927 761 1062 828 habebit
1082 763 1218 830 faculta-

92 879 170 949 tem3
196 865 257 932 sed
283 865 430 930 totaliter
457 864 537 930 solis
556 864 633 949 tilijs
659 873 692 932 et
706 885 771 934 non
797 865 929 935 filiabus
955 867 1090 936 Comitis
1114 871 1217 939 Jueov

92 975 301 1040 deuoluentur
316 979 350 1038 et
374 972 812 1058 remanebuntpossideude.
829 975 914 1061 Ipsis
931 997 1007 1045 vero
1024 978 1102 1063 filijs
1123 979 1214 1046 dece·

89 1082 239 1148 dentibus
252 1080 383 1146 filiabus
394 1079 542 1146 eiusdem
552 1079 688 1148 Comitis
697 1081 802 1150 Jacov
811 1085 1026 1151 remanebunt
1045 1085 1216 1153 iteseoure

90 1197 119 1256 et
142 1189 280 1276 pacifice
300 1187 509 1275 possidende,
538 1195 572 1254 vt
587 1189 710 1254 nemini
735 1195 949 1274 cognatorum
973 1190 1108 1260 Comitis
1125 1193 1214 1260 Petri

89 1319 144 1364 seu
170 1296 302 1364 domine
328 1297 465 1382 Agnetis
491 1296 590 1362 liceat
615 1295 749 1364 easdem
774 1318 939 1386 reuocare,
971 1300 1029 1367 sed
1055 1301 1158 1367 libere
1183 1309 1216 1368 et

89 1407 195 1488 quiete
211 1406 455 1491 inperpetuum
471 1405 642 1490 possideat
657 1406 751 1470 saluo
767 1405 847 1471 iure.
871 1407 940 1472 Nee
956 1408 1016 1473 hoo
1032 1409 1212 1493 pretermit-

88 1517 194 1598 timus,
211 1513 299 1596 quod
315 1513 414 1578 villas
430 1513 540 1598 sepius
557 1519 754 1580 memoratas
771 1511 886 1580 Comes
905 1513 1030 1594 Petrus,
1058 1515 1214 1598 quamdiu

89 1629 253 1708 superstes
269 1621 422 1696 extiterit,
439 1621 537 1705 pleno
552 1620 622 1688 iure
637 1619 828 1707 possidebit,
852 1623 923 1708 ipso
940 1643 1018 1690 vero
1035 1623 1214 1690 decedente

88 1728 179 1794 uxori
194 1747 253 1794 sue
264 1727 451 1814 supradicte
468 1727 598 1794 domine
609 1727 960 1812 Agnetirernanebuut.
978 1727 1122 1806 Quarum
1133 1751 1210 1797 usus

87 1846 116 1904 et
132 1838 289 1903 utilitates
303 1836 379 1922 ipsa
393 1834 507 1902 eudem
524 1833 666 1921 dominu,
683 1835 839 1920 quamdiu
854 1835 982 1918 vixerit,
1006 1837 1210 1921 integraliter

85 1946 257 2032 percipiet;
275 1945 349 2031 ipsa
364 1964 441 2012 vero
458 1945 547 2010 riam
562 1943 713 2010 uniuerse
730 1945 838 2010 earnis
854 1943 1059 2028 ingrediente
1074 1947 1205 2012 filiabus

85 2055 150 2120 suis
160 2075 221 2140 pro
234 2060 320 2138 voto,
331 2051 443 2118 ordine
455 2059 488 2118 et
495 2051 592 2116 modo
602 2051 784 2139 prehabito,
801 2051 963 2137 relinquet
972 2053 1007 2119 in
1017 2060 1208 2141 perpetuum

83 2162 310 2247 possidendas.
326 2163 463 2246 Insuper
474 2160 585 2246 sepius
602 2161 690 2227 dicta
707 2161 839 2228 domina
848 2161 958 2246 Agnes
975 2163 1125 2230 confesse
1145 2161 1206 2228 tuit

82 2273 158 2337 uua
175 2289 256 2336 voce
273 2289 314 2335 ex
339 2275 433 2354 parte
448 2268 536 2334 Petri
551 2269 661 2335 mariti
677 2270 726 2335 sui
744 2269 785 2335 de
800 2267 930 2336 dotibus
951 2277 984 2337 et
999 2271 1095 2337 rebus
1111 2291 1205 2355 pure·

82 2379 259 2447 iemalibus
276 2378 344 2444 suis
361 2377 423 2443 sibi
439 2396 497 2462 per
513 2378 623 2444 omnia
638 2377 741 2445 fuisse
758 2378 962 2444 satisfactum
979 2399 1037 2465 per
1062 2378 1210 2445 collacio-

81 2507 153 2554 nem
168 2487 268 2553 trium
284 2484 434 2551 villarum
461 2485 689 2571 predictarum.
718 2483 813 2550 Vnde
829 2486 972 2552 absoluit
989 2505 1061 2552 eum
1078 2505 1158 2571 pure
1173 2491 1206 2550 et

81 2595 275 2682 simpliciter
299 2593 343 2659 ab
369 2592 454 2658 omni
480 2592 613 2660 accione
639 2600 672 2659 et
695 2593 913 2679 inpeticione,
942 2614 1006 2679 que
1032 2595 1204 2662 suessione

79 2705 165 2771 dotis
190 2723 250 2768 sue
266 2710 299 2767 et
315 2720 422 2766 rerum
446 2700 705 2786 puraierualium
729 2721 789 2787 per
805 2700 923 2767 fratres
943 2721 1020 2767 suos
1046 2722 1105 2768 seu
1120 2702 1204 2768 alios

78 2812 241 2896 quoslibet
257 2815 414 2894 cognatos
426 2808 551 2874 moueri
561 2808 731 2893 potuisset.
749 2810 792 2874 Vt
806 2807 905 2893 igitur
920 2808 1037 2874 herum
1057 2807 1204 2875 satisfec-

5 2999 6 3010 ,
77 2920 217 3004 eionum,
235 2917 450 2983 collacionum
467 2935 525 2982 seu
542 2914 786 2982 ordinationum
803 2915 907 2981 series
923 2921 1029 2981 tractu
1048 2918 1204 3003 temporis

5 3013 6 3040 ³
75 3050 132 3113 per
149 3027 338 3112 quempiam
364 3032 574 3108 cognatorum
591 3041 722 3088 suorum
741 3028 881 3105 nequeat
896 3023 1055 3106 reuocari,
1082 3023 1142 3090 sed
1156 3046 1204 3091 ro·

76 3139 136 3202 bur
154 3154 287 3220 semper
296 3132 459 3199 firmitatis
469 3136 626 3218 perpetue
638 3129 815 3213 obtineant,
833 3129 1081 3216 adpetitionem
1091 3132 1204 3199 utrius·

74 3266 136 3328 que
152 3242 258 3330 partis
275 3247 443 3326 presentes
458 3238 585 3304 litteras
602 3235 705 3320 sigilli
720 3236 822 3303 nostri
839 3237 1016 3304 munimine
1031 3239 1202 3308 roboratus

73 3352 243 3439 sepedicte
260 3347 400 3434 domine,
428 3352 460 3412 et
475 3367 534 3433 per
550 3365 623 3411 eam
641 3345 709 3411 suis
725 3344 857 3411 filiabus
874 3349 906 3410 et
921 3345 1060 3412 filiarum
1077 3349 1202 3415 herodi·

74 3461 133 3526 bus
166 3457 390 3541 heredumque
415 3455 658 3521 successoribus
685 3453 923 3539 concessimus,
955 3473 1064 3522 annno
1090 3459 1202 3540 gracie

74 3569 249 3634 millesimo
266 3564 330 3631 CO.
348 3565 416 3629 XL.
435 3583 529 3648 nono,
548 3563 686 3647 septimo
701 3561 780 3627 Idus
803 3562 1019 3648 Septembris.
1043 3564 1201 3648 tragistro
1222 3624 1228 3634 .

72 3677 201 3743 Achille
219 3675 365 3743 Ecclesie
390 3679 500 3739 nostre
516 3671 697 3758 Proposito,
722 3670 844 3738 Jacobs
862 3669 1013 3758 (lentore,
1032 3674 1126 3740 Aluus
1142 3673 1202 3740 Gu-

72 3783 176 3868 stode,
193 3783 369 3850 Azeehiele
384 3783 518 3848 Decano
539 3779 761 3846 existentibus.

135 3979 195 4044 (IV.
208 3983 277 4036 Btle
289 3978 382 4048 kirtly
395 3978 558 4046 megerbsitb
572 3975 763 4044 okmdnydbbl
778 3981 847 4030 mint
860 3977 970 4031 ientebh
984 3981 1045 4032 202.
1058 3996 1094 4031 su.
1109 3981 1145 4048 a.)

501 4261 771 4273 m
