3148 5156
816 241 971 339 343-

328 458 413 520 uam,
439 435 472 502 in
489 456 555 521 qua
581 435 686 502 eundo
703 433 852 520 superius
869 434 912 500 ad
928 434 1069 520 priorem
1095 439 1227 514 metam,
1253 431 1307 498 vbi
1328 435 1379 498 est
1396 432 1461 496 Ne-

327 545 405 611 nina
421 544 544 610 mlaka.
560 547 598 610 In
614 545 706 610 cuius
722 542 770 609 rei
787 542 977 609 memoriam
987 549 1019 608 et
1035 537 1262 608 certitudinem
1278 537 1460 623 pleniorem

326 660 494 738 presentes
519 653 648 718 litteras
668 651 712 718 ad
736 650 930 738 peticionem
948 649 1026 716 dicti
1042 649 1159 734 Bylote
1181 644 1380 731 supradictis
1396 647 1449 710 Dc

327 761 441 827 metrio
459 768 491 827 et
506 762 658 844 Dragota
683 759 863 826 munimine
879 758 982 826 nostri
999 757 1099 842 sigilli
1118 755 1312 823 contulimus
1329 753 1459 821 robora·

328 875 391 935 tas.
408 873 525 934 Actum
541 887 628 935 anno
646 866 756 950 gracie
773 867 818 930 M⁰
830 864 895 932 000
911 864 1179 950 quinquagesimo
1198 870 1302 930 sexto.

329 1066 467 1132 (Ercdetic
482 1062 654 1131 obruat-tyto,
676 1065 804 1130 melynck
817 1061 959 1129 aoid-fejer
979 1061 1204 1128 selyemzsinbrcn
1224 1061 1315 1125 lligbtt
1336 1055 1460 1125 pecsbtjc

557 1155 696 1216 clvosrett,
710 1170 727 1205 a
739 1154 821 1206 budai
830 1155 881 1205 lrir.
895 1154 1019 1204 kamarai
1032 1149 1221 1216 levbltdrban.)

751 1441 1021 1456 ,αι-Ἣ

850 1885 929 1952 315.

328 2065 357 2130 A
374 2067 507 2152 zdprribo'
516 2067 666 2152 ldptctluo
679 2065 795 2129 I'ertlin
812 2067 963 2130 conzcauelc
977 2063 1152 2132 Glcnttcla
1162 2067 1292 2132 turoldo
1302 2069 1460 2151 tcirypczc'

664 2174 810 2239 iltulcioc‘t
826 2174 1001 2260 bizoopttja.
1018 2173 1115 2238 1256.

434 2371 620 2457 Capitulum
645 2369 792 2436 Ecclesie
817 2369 1052 2452 Zagrabiensis
1067 2371 1228 2437 uniuersis
1249 2375 1457 2456 presencium

327 2479 483 2546 noticiam
500 2475 662 2542 habituris
688 2477 827 2542 salutem
850 2477 883 2542 in
900 2477 1038 2543 Domino
1056 2477 1136 2544 lesu
1153 2478 1291 2546 Christo.
1318 2480 1370 2548 Ad
1385 2487 1456 2550 vni-

326 2585 494 2654 uersitatis
509 2584 663 2652 noticiam
680 2585 792 2650 barum
808 2583 893 2651 serie
911 2585 1057 2652 volumus
1074 2588 1254 2668 peruenire,
1277 2589 1364 2671 quod
1380 2610 1456 2656 com

326 2695 484 2777 Magister
495 2691 675 2759 Bernaldus
692 2693 837 2778 phisicus
855 2692 976 2758 domiui
987 2693 1065 2760 Bele
1082 2695 1181 2776 Regis
1192 2695 1360 2780 Hungarie
1379 2717 1455 2764 cum

325 2800 444 2868 litteris
470 2800 682 2884 preceptorijs
708 2799 854 2866 ciusdem
880 2801 1001 2866 domini
1026 2801 1136 2885 Regis,
1164 2809 1272 2868 vinos
1297 2823 1455 2870 unacum

324 2909 396 2992 ipso
408 2903 569 2972 bominem
585 2909 730 2970 nostrum
743 2904 917 2989 ydoneum,
939 2901 1054 2974 eoram
1066 2927 1128 2990 quo
1139 2907 1339 2994 prescriptus
1356 2911 1454 2979 homo

324 3015 448 3097 Regius
473 3013 715 3098 possessionem
733 3010 917 3078 Glannieba
933 3019 1094 3100 vocatam,
1121 3033 1184 3099 que
1209 3017 1373 3098 quondam
1394 3019 1455 3084 Ve-

325 3120 427 3205 lizlay
444 3120 516 3186 sine
542 3119 695 3185 heredum
712 3118 835 3186 solacio
861 3137 959 3184 sexus
976 3119 1079 3186 uirilis
1106 3119 1293 3188 decedentis
1309 3122 1381 3190 fore
1406 3123 1455 3189 di·

201 3289 207 3302 ‚
325 3229 548 3314 nosscebatur,
565 3227 662 3294 simul
679 3247 751 3292 cum
768 3226 1031 3310 possessionibus
1048 3230 1263 3295 castrensium
1283 3229 1316 3295 in
1332 3229 1453 3298 eadem

327 3335 511 3402 Glanniobu
537 3334 760 3417 existentibus,
787 3334 959 3402 collacioni
974 3335 1077 3419 Regie
1096 3337 1304 3422 pertinentes,
1331 3339 1453 3407 Comiti

326 3444 472 3510 Pertlino
499 3441 679 3529 Capitoneo
697 3440 865 3510 Graciensi
889 3462 949 3529 per
964 3448 1090 3518 ueteres
1115 3449 1219 3510 metas
1237 3451 1269 3511 et
1285 3447 1452 3532 antiquas,

325 3549 512 3618 conuocatis
539 3550 769 3616 commetaneis
785 3556 818 3616 et
834 3551 948 3616 vicinis
975 3549 1037 3616 rite
1054 3557 1084 3615 ct
1099 3550 1243 3634 legitime
1268 3555 1453 3620 reambula·

325 3670 402 3742 tam,
430 3665 524 3742 prout
540 3659 572 3724 in
599 3642 695 3724 dictis
715 3659 891 3742 Regalibus
918 3659 1152 3744 continebatur,
1176 3667 1332 3746 perpetuo
1349 3663 1454 3748 possi-

325 3765 466 3832 dendam
483 3765 678 3850 assignaret,
704 3765 733 3830 ri
749 3786 813 3832 non
830 3764 913 3832 foret
928 3765 1183 3851 contradictum,
1209 3767 1452 3836 contradictori·

324 3876 384 3941 bus
401 3882 510 3940 autem
526 3873 624 3957 ydem
651 3873 745 3940 homo
762 3873 883 3958 Regius
900 3881 1051 3957 presente
1067 3875 1163 3941 bomo
1188 3875 1348 3942 nostruin
1368 3875 1453 3944 eius·

325 3982 399 4050 de'm
417 3982 540 4050 domini
557 3982 593 4046 B.
611 3981 780 4066 presencia
797 3983 1006 4067 comparendi
1023 3984 1192 4049 terminum
1214 3991 1451 4070 competentem

324 4091 520 4175 assignaret.
539 4088 685 4170 Cumque
710 4109 770 4156 nos
787 4097 941 4174 precepto
968 4095 1000 4154 et
1025 4088 1179 4157 mandato
1196 4089 1299 4174 Regio
1325 4091 1451 4159 obtem·

324 4203 476 4282 perantes
488 4215 625 4262 unacum
642 4195 820 4282 prescripto
832 4197 989 4282 Magistro
1006 4197 1171 4263 Bernaldo
1185 4197 1309 4282 phisico
1326 4198 1451 4266 domini

324 4306 425 4390 Regis
442 4311 474 4370 et
485 4304 712 4370 concanonico
723 4304 870 4371 Ecclesie
886 4304 1058 4389 Budensis,
1069 4303 1253 4389 Nyoolaum
1269 4311 1302 4371 et
1312 4306 1451 4372 Paulum

325 4411 499 4495 Magistros
512 4410 757 4480 Ooncanonicos
773 4412 919 4481 Ecclcaie
930 4417 1040 4480 nostre
1056 4411 1202 4498 predicte
1217 4412 1450 4480 transmisisse·

326 4537 416 4598 mus;
442 4518 640 4603 prescriptus
665 4520 796 4586 tandem
822 4519 917 4587 bomo
933 4522 1055 4606 Regius
1081 4539 1153 4587 cum
1170 4519 1324 4606 predictis
1351 4521 1450 4605 soeijs
