<?xml version="1.0" encoding="UTF-8"?>
<!DOCTYPE html PUBLIC "-//W3C//DTD XHTML 1.0 Transitional//EN"
    "http://www.w3.org/TR/xhtml1/DTD/xhtml1-transitional.dtd">
<html xmlns="http://www.w3.org/1999/xhtml" xml:lang="en" lang="en">
 <head>
  <title>
</title>
<meta http-equiv="Content-Type" content="text/html;charset=utf-8" />
  <meta name='ocr-system' content='tesseract 3.04.00' />
  <meta name='ocr-capabilities' content='ocr_page ocr_carea ocr_par ocr_line ocrx_word'/>
</head>
<body>
  <div class='ocr_page' id='page_1' title='image "./codexdiplomatic15wenzgoog_0507.png"; bbox 0 0 3148 5156; ppageno 0'>
   <div class='ocr_carea' id='block_1_1' title="bbox 334 521 1462 4188">
    <p class='ocr_par' dir='ltr' id='par_1_1' title="bbox 334 521 1462 4188">
     <span class='ocr_line' id='line_1_1' title="bbox 339 521 1460 612; baseline -0.012 -13"><span class='ocrx_word' id='word_1_1' title='bbox 339 530 471 599; x_wconf 84' lang='lat' dir='ltr'>Gordun</span> <span class='ocrx_word' id='word_1_2' title='bbox 496 528 624 594; x_wconf 90' lang='lat' dir='ltr'>nominc</span> <span class='ocrx_word' id='word_1_3' title='bbox 640 526 796 612; x_wconf 73' lang='lat' dir='ltr'>Petalen,</span> <span class='ocrx_word' id='word_1_4' title='bbox 823 533 855 593; x_wconf 91' lang='lat' dir='ltr'>et</span> <span class='ocrx_word' id='word_1_5' title='bbox 871 524 946 591; x_wconf 90' lang='lat' dir='ltr'>inde</span> <span class='ocrx_word' id='word_1_6' title='bbox 967 523 1178 592; x_wconf 77' lang='lat' dir='ltr'>descenderet</span> <span class='ocrx_word' id='word_1_7' title='bbox 1202 521 1324 590; x_wconf 86' lang='lat' dir='ltr'>directe</span> <span class='ocrx_word' id='word_1_8' title='bbox 1342 535 1460 588; x_wconf 83' lang='lat' dir='ltr'>uersus</span> 
     </span>
     <span class='ocr_line' id='line_1_2' title="bbox 336 629 1460 725; baseline -0.009 -19"><span class='ocrx_word' id='word_1_9' title='bbox 336 645 462 725; x_wconf 85' lang='lat' dir='ltr'>partem</span> <span class='ocrx_word' id='word_1_10' title='bbox 489 637 722 704; x_wconf 90' lang='lat' dir='ltr'>occidentalem</span> <span class='ocrx_word' id='word_1_11' title='bbox 752 635 845 701; x_wconf 84' lang='lat' dir='ltr'>iuxta</span> <span class='ocrx_word' id='word_1_12' title='bbox 868 633 1032 719; x_wconf 89' lang='lat' dir='ltr'>quandam</span> <span class='ocrx_word' id='word_1_13' title='bbox 1057 633 1163 718; x_wconf 85' lang='lat' dir='ltr'>viam,</span> <span class='ocrx_word' id='word_1_14' title='bbox 1191 651 1253 718; x_wconf 88' lang='lat' dir='ltr'>que</span> <span class='ocrx_word' id='word_1_15' title='bbox 1278 629 1334 697; x_wconf 85' lang='lat' dir='ltr'>uia</span> <span class='ocrx_word' id='word_1_16' title='bbox 1356 629 1460 719; x_wconf 82' lang='lat' dir='ltr'>Regis</span> 
     </span>
     <span class='ocr_line' id='line_1_3' title="bbox 336 739 1459 833; baseline -0.009 -20"><span class='ocrx_word' id='word_1_17' title='bbox 336 752 539 833; x_wconf 89' lang='lat' dir='ltr'>nuncupatur</span> <span class='ocrx_word' id='word_1_18' title='bbox 564 744 607 810; x_wconf 90' lang='lat' dir='ltr'>ad</span> <span class='ocrx_word' id='word_1_19' title='bbox 631 743 763 810; x_wconf 92' lang='lat' dir='ltr'>fluuium</span> <span class='ocrx_word' id='word_1_20' title='bbox 782 745 922 810; x_wconf 89' lang='lat' dir='ltr'>Kenesa.</span> <span class='ocrx_word' id='word_1_21' title='bbox 949 741 1048 810; x_wconf 80' lang='lat' dir='ltr'>Cuius</span> <span class='ocrx_word' id='word_1_22' title='bbox 1072 751 1160 809; x_wconf 90' lang='lat' dir='ltr'>terre</span> <span class='ocrx_word' id='word_1_23' title='bbox 1184 745 1279 826; x_wconf 88' lang='lat' dir='ltr'>mete,</span> <span class='ocrx_word' id='word_1_24' title='bbox 1305 739 1389 806; x_wconf 90' lang='lat' dir='ltr'>sicut</span> <span class='ocrx_word' id='word_1_25' title='bbox 1414 739 1459 804; x_wconf 95' lang='lat' dir='ltr'>ab</span> 
     </span>
     <span class='ocr_line' id='line_1_4' title="bbox 336 847 1461 940; baseline -0.006 -19"><span class='ocrx_word' id='word_1_26' title='bbox 336 861 473 939; x_wconf 87' lang='lat' dir='ltr'>atraque</span> <span class='ocrx_word' id='word_1_27' title='bbox 496 859 590 940; x_wconf 89' lang='lat' dir='ltr'>parte</span> <span class='ocrx_word' id='word_1_28' title='bbox 606 850 833 936; x_wconf 83' lang='lat' dir='ltr'>intelleximus,</span> <span class='ocrx_word' id='word_1_29' title='bbox 859 849 921 916; x_wconf 92' lang='lat' dir='ltr'>hoo</span> <span class='ocrx_word' id='word_1_30' title='bbox 944 849 1056 918; x_wconf 88' lang='lat' dir='ltr'>ordine</span> <span class='ocrx_word' id='word_1_31' title='bbox 1080 849 1301 935; x_wconf 74' lang='lat' dir='ltr'>distinguntur</span> <span class='ocrx_word' id='word_1_32' title='bbox 1317 871 1325 913; x_wconf 92' lang='lat'>:</span> <span class='ocrx_word' id='word_1_33' title='bbox 1341 847 1461 934; x_wconf 81' lang='lat' dir='ltr'>Incipit</span> 
     </span>
     <span class='ocr_line' id='line_1_5' title="bbox 337 956 1461 1051; baseline -0.006 -22"><span class='ocrx_word' id='word_1_34' title='bbox 337 963 443 1051; x_wconf 90' lang='lat' dir='ltr'>prima</span> <span class='ocrx_word' id='word_1_35' title='bbox 468 969 555 1028; x_wconf 92' lang='lat' dir='ltr'>meta</span> <span class='ocrx_word' id='word_1_36' title='bbox 580 961 613 1026; x_wconf 91' lang='lat' dir='ltr'>in</span> <span class='ocrx_word' id='word_1_37' title='bbox 639 959 778 1046; x_wconf 89' lang='lat' dir='ltr'>quodam</span> <span class='ocrx_word' id='word_1_38' title='bbox 803 958 911 1027; x_wconf 88' lang='lat' dir='ltr'>feneto</span> <span class='ocrx_word' id='word_1_39' title='bbox 937 978 1038 1046; x_wconf 88' lang='lat' dir='ltr'>prope</span> <span class='ocrx_word' id='word_1_40' title='bbox 1062 963 1167 1026; x_wconf 89' lang='lat' dir='ltr'>terras</span> <span class='ocrx_word' id='word_1_41' title='bbox 1198 957 1342 1025; x_wconf 88' lang='lat' dir='ltr'>arabiles</span> <span class='ocrx_word' id='word_1_42' title='bbox 1366 956 1461 1023; x_wconf 87' lang='lat' dir='ltr'>iuxta</span> 
     </span>
     <span class='ocr_line' id='line_1_6' title="bbox 338 1063 1461 1154; baseline -0.008 -15"><span class='ocrx_word' id='word_1_43' title='bbox 338 1078 441 1138; x_wconf 87' lang='lat' dir='ltr'>metas</span> <span class='ocrx_word' id='word_1_44' title='bbox 466 1068 605 1134; x_wconf 88' lang='lat' dir='ltr'>filiorum</span> <span class='ocrx_word' id='word_1_45' title='bbox 632 1065 765 1135; x_wconf 80' lang='lat' dir='ltr'>Gordun</span> <span class='ocrx_word' id='word_1_46' title='bbox 791 1065 1028 1154; x_wconf 89' lang='lat' dir='ltr'>predictorum,</span> <span class='ocrx_word' id='word_1_47' title='bbox 1055 1073 1088 1132; x_wconf 87' lang='lat' dir='ltr'>et</span> <span class='ocrx_word' id='word_1_48' title='bbox 1112 1064 1203 1133; x_wconf 90' lang='lat' dir='ltr'>uadit</span> <span class='ocrx_word' id='word_1_49' title='bbox 1227 1063 1272 1130; x_wconf 90' lang='lat' dir='ltr'>ad</span> <span class='ocrx_word' id='word_1_50' title='bbox 1295 1063 1461 1148; x_wconf 81' lang='lat' dir='ltr'>quoddam</span> 
     </span>
     <span class='ocr_line' id='line_1_7' title="bbox 336 1171 1461 1261; baseline -0.009 -14"><span class='ocrx_word' id='word_1_51' title='bbox 336 1197 459 1260; x_wconf 87' lang='lat' dir='ltr'>nemus,</span> <span class='ocrx_word' id='word_1_52' title='bbox 486 1175 599 1260; x_wconf 89' lang='lat' dir='ltr'>inquo</span> <span class='ocrx_word' id='word_1_53' title='bbox 625 1175 685 1240; x_wconf 91' lang='lat' dir='ltr'>sub</span> <span class='ocrx_word' id='word_1_54' title='bbox 710 1173 825 1242; x_wconf 90' lang='lat' dir='ltr'>arbore</span> <span class='ocrx_word' id='word_1_55' title='bbox 850 1174 939 1261; x_wconf 90' lang='lat' dir='ltr'>pomi</span> <span class='ocrx_word' id='word_1_56' title='bbox 963 1179 1038 1240; x_wconf 91' lang='lat' dir='ltr'>snnt</span> <span class='ocrx_word' id='word_1_57' title='bbox 1062 1179 1147 1240; x_wconf 88' lang='lat' dir='ltr'>mete</span> <span class='ocrx_word' id='word_1_58' title='bbox 1171 1177 1295 1256; x_wconf 78' lang='lat' dir='ltr'>terroe3</span> <span class='ocrx_word' id='word_1_59' title='bbox 1325 1179 1358 1239; x_wconf 87' lang='lat' dir='ltr'>et</span> <span class='ocrx_word' id='word_1_60' title='bbox 1381 1171 1461 1238; x_wconf 90' lang='lat' dir='ltr'>inde</span> 
     </span>
     <span class='ocr_line' id='line_1_8' title="bbox 338 1280 1461 1374; baseline -0.005 -22"><span class='ocrx_word' id='word_1_61' title='bbox 338 1285 519 1374; x_wconf 77' lang='lat' dir='ltr'>procedens</span> <span class='ocrx_word' id='word_1_62' title='bbox 545 1284 636 1350; x_wconf 89' lang='lat' dir='ltr'>uadit</span> <span class='ocrx_word' id='word_1_63' title='bbox 661 1282 704 1348; x_wconf 91' lang='lat' dir='ltr'>ad</span> <span class='ocrx_word' id='word_1_64' title='bbox 728 1282 832 1368; x_wconf 91' lang='lat' dir='ltr'>ripam</span> <span class='ocrx_word' id='word_1_65' title='bbox 858 1283 947 1368; x_wconf 91' lang='lat' dir='ltr'>fiuuij</span> <span class='ocrx_word' id='word_1_66' title='bbox 973 1280 1105 1348; x_wconf 89' lang='lat' dir='ltr'>Kenesa</span> <span class='ocrx_word' id='word_1_67' title='bbox 1128 1281 1283 1369; x_wconf 87' lang='lat' dir='ltr'>predicti,</span> <span class='ocrx_word' id='word_1_68' title='bbox 1312 1289 1344 1348; x_wconf 88' lang='lat' dir='ltr'>et</span> <span class='ocrx_word' id='word_1_69' title='bbox 1366 1280 1461 1347; x_wconf 86' lang='lat' dir='ltr'>iuxta</span> 
     </span>
     <span class='ocr_line' id='line_1_9' title="bbox 337 1389 1462 1477; baseline -0.005 -15"><span class='ocrx_word' id='word_1_70' title='bbox 337 1395 474 1462; x_wconf 85' lang='lat' dir='ltr'>eandem</span> <span class='ocrx_word' id='word_1_71' title='bbox 489 1395 522 1460; x_wconf 95' lang='lat' dir='ltr'>in</span> <span class='ocrx_word' id='word_1_72' title='bbox 538 1391 708 1458; x_wconf 82' lang='lat' dir='ltr'>arboribus</span> <span class='ocrx_word' id='word_1_73' title='bbox 725 1415 800 1477; x_wconf 76' lang='lat' dir='ltr'>epar</span> <span class='ocrx_word' id='word_1_74' title='bbox 815 1395 848 1456; x_wconf 91' lang='lat' dir='ltr'>et</span> <span class='ocrx_word' id='word_1_75' title='bbox 863 1416 968 1458; x_wconf 71' lang='lat' dir='ltr'>aanor</span> <span class='ocrx_word' id='word_1_76' title='bbox 985 1397 1059 1456; x_wconf 90' lang='lat' dir='ltr'>sunt</span> <span class='ocrx_word' id='word_1_77' title='bbox 1074 1398 1177 1475; x_wconf 81' lang='lat' dir='ltr'>mete3</span> <span class='ocrx_word' id='word_1_78' title='bbox 1201 1398 1233 1458; x_wconf 89' lang='lat' dir='ltr'>et</span> <span class='ocrx_word' id='word_1_79' title='bbox 1247 1391 1294 1457; x_wconf 94' lang='lat' dir='ltr'>ibi</span> <span class='ocrx_word' id='word_1_80' title='bbox 1308 1391 1409 1458; x_wconf 87' lang='lat' dir='ltr'>intrat</span> <span class='ocrx_word' id='word_1_81' title='bbox 1424 1389 1462 1456; x_wconf 91' lang='lat' dir='ltr'>in</span> 
     </span>
     <span class='ocr_line' id='line_1_10' title="bbox 338 1496 1461 1586; baseline -0.005 -16"><span class='ocrx_word' id='word_1_82' title='bbox 338 1503 459 1570; x_wconf 91' lang='lat' dir='ltr'>dictum</span> <span class='ocrx_word' id='word_1_83' title='bbox 475 1499 607 1568; x_wconf 89' lang='lat' dir='ltr'>fluuium</span> <span class='ocrx_word' id='word_1_84' title='bbox 623 1499 764 1584; x_wconf 89' lang='lat' dir='ltr'>Kenesa,</span> <span class='ocrx_word' id='word_1_85' title='bbox 790 1517 848 1585; x_wconf 89' lang='lat' dir='ltr'>per</span> <span class='ocrx_word' id='word_1_86' title='bbox 864 1518 960 1584; x_wconf 91' lang='lat' dir='ltr'>quem</span> <span class='ocrx_word' id='word_1_87' title='bbox 976 1496 1144 1566; x_wconf 90' lang='lat' dir='ltr'>descendit</span> <span class='ocrx_word' id='word_1_88' title='bbox 1167 1499 1212 1565; x_wconf 88' lang='lat' dir='ltr'>ad</span> <span class='ocrx_word' id='word_1_89' title='bbox 1227 1502 1352 1586; x_wconf 88' lang='lat' dir='ltr'>partem</span> <span class='ocrx_word' id='word_1_90' title='bbox 1366 1497 1461 1566; x_wconf 88' lang='lat' dir='ltr'>meri-</span> 
     </span>
     <span class='ocr_line' id='line_1_11' title="bbox 337 1605 1461 1692; baseline -0.008 -13"><span class='ocrx_word' id='word_1_91' title='bbox 337 1611 500 1679; x_wconf 92' lang='lat' dir='ltr'>dionalem</span> <span class='ocrx_word' id='word_1_92' title='bbox 523 1627 624 1692; x_wconf 92' lang='lat' dir='ltr'>usque</span> <span class='ocrx_word' id='word_1_93' title='bbox 649 1605 693 1672; x_wconf 89' lang='lat' dir='ltr'>ad</span> <span class='ocrx_word' id='word_1_94' title='bbox 708 1605 870 1690; x_wconf 85' lang='lat' dir='ltr'>quoddam</span> <span class='ocrx_word' id='word_1_95' title='bbox 886 1605 1117 1689; x_wconf 86' lang='lat' dir='ltr'>molendinum,</span> <span class='ocrx_word' id='word_1_96' title='bbox 1143 1605 1229 1690; x_wconf 91' lang='lat' dir='ltr'>qued</span> <span class='ocrx_word' id='word_1_97' title='bbox 1246 1613 1297 1674; x_wconf 89' lang='lat' dir='ltr'>est</span> <span class='ocrx_word' id='word_1_98' title='bbox 1314 1605 1461 1673; x_wconf 88' lang='lat' dir='ltr'>vicinum</span> 
     </span>
     <span class='ocr_line' id='line_1_12' title="bbox 337 1713 1461 1800; baseline -0.005 -14"><span class='ocrx_word' id='word_1_99' title='bbox 337 1719 415 1786; x_wconf 90' lang='lat' dir='ltr'>ville</span> <span class='ocrx_word' id='word_1_100' title='bbox 430 1717 604 1800; x_wconf 83' lang='lat' dir='ltr'>Kerektou,</span> <span class='ocrx_word' id='word_1_101' title='bbox 622 1723 655 1782; x_wconf 90' lang='lat' dir='ltr'>et</span> <span class='ocrx_word' id='word_1_102' title='bbox 670 1734 772 1800; x_wconf 89' lang='lat' dir='ltr'>prope</span> <span class='ocrx_word' id='word_1_103' title='bbox 787 1713 869 1780; x_wconf 91' lang='lat' dir='ltr'>illud</span> <span class='ocrx_word' id='word_1_104' title='bbox 894 1714 1115 1784; x_wconf 90' lang='lat' dir='ltr'>molendinum</span> <span class='ocrx_word' id='word_1_105' title='bbox 1141 1713 1208 1782; x_wconf 86' lang='lat' dir='ltr'>exit</span> <span class='ocrx_word' id='word_1_106' title='bbox 1229 1715 1271 1783; x_wconf 92' lang='lat' dir='ltr'>de</span> <span class='ocrx_word' id='word_1_107' title='bbox 1295 1713 1395 1782; x_wconf 86' lang='lat' dir='ltr'>fluuio</span> <span class='ocrx_word' id='word_1_108' title='bbox 1414 1713 1461 1781; x_wconf 86' lang='lat' dir='ltr'>ad</span> 
     </span>
     <span class='ocr_line' id='line_1_13' title="bbox 336 1822 1460 1912; baseline -0.005 -17"><span class='ocrx_word' id='word_1_109' title='bbox 336 1828 500 1912; x_wconf 89' lang='lat' dir='ltr'>quandam</span> <span class='ocrx_word' id='word_1_110' title='bbox 516 1825 664 1908; x_wconf 88' lang='lat' dir='ltr'>insulam,</span> <span class='ocrx_word' id='word_1_111' title='bbox 691 1824 747 1890; x_wconf 90' lang='lat' dir='ltr'>nbi</span> <span class='ocrx_word' id='word_1_112' title='bbox 764 1827 814 1889; x_wconf 91' lang='lat' dir='ltr'>est</span> <span class='ocrx_word' id='word_1_113' title='bbox 838 1822 945 1908; x_wconf 89' lang='lat' dir='ltr'>ipsum</span> <span class='ocrx_word' id='word_1_114' title='bbox 967 1823 1196 1909; x_wconf 90' lang='lat' dir='ltr'>molendinum,</span> <span class='ocrx_word' id='word_1_115' title='bbox 1222 1831 1254 1890; x_wconf 91' lang='lat' dir='ltr'>et</span> <span class='ocrx_word' id='word_1_116' title='bbox 1272 1831 1346 1890; x_wconf 90' lang='lat' dir='ltr'>sunt</span> <span class='ocrx_word' id='word_1_117' title='bbox 1371 1829 1460 1890; x_wconf 82' lang='lat' dir='ltr'>mete</span> 
     </span>
     <span class='ocr_line' id='line_1_14' title="bbox 337 1929 1462 2020; baseline -0.004 -18"><span class='ocrx_word' id='word_1_118' title='bbox 337 1943 461 2020; x_wconf 79' lang='lat' dir='ltr'>terree3</span> <span class='ocrx_word' id='word_1_119' title='bbox 486 1934 563 2000; x_wconf 88' lang='lat' dir='ltr'>indo</span> <span class='ocrx_word' id='word_1_120' title='bbox 588 1931 768 2020; x_wconf 87' lang='lat' dir='ltr'>procedens</span> <span class='ocrx_word' id='word_1_121' title='bbox 785 1932 875 1999; x_wconf 85' lang='lat' dir='ltr'>vadit</span> <span class='ocrx_word' id='word_1_122' title='bbox 899 1933 943 1999; x_wconf 88' lang='lat' dir='ltr'>ad</span> <span class='ocrx_word' id='word_1_123' title='bbox 958 1929 1124 2018; x_wconf 88' lang='lat' dir='ltr'>quandam</span> <span class='ocrx_word' id='word_1_124' title='bbox 1139 1933 1287 2000; x_wconf 81' lang='lat' dir='ltr'>arborem</span> <span class='ocrx_word' id='word_1_125' title='bbox 1312 1933 1374 2019; x_wconf 92' lang='lat' dir='ltr'>piri</span> <span class='ocrx_word' id='word_1_126' title='bbox 1393 1931 1462 2000; x_wconf 80' lang='lat' dir='ltr'>exi-</span> 
     </span>
     <span class='ocr_line' id='line_1_15' title="bbox 338 2038 1458 2128; baseline -0.001 -20"><span class='ocrx_word' id='word_1_127' title='bbox 338 2047 475 2108; x_wconf 85' lang='lat' dir='ltr'>stentem</span> <span class='ocrx_word' id='word_1_128' title='bbox 491 2059 591 2128; x_wconf 90' lang='lat' dir='ltr'>prcpe</span> <span class='ocrx_word' id='word_1_129' title='bbox 606 2040 769 2126; x_wconf 82' lang='lat' dir='ltr'>paludem,</span> <span class='ocrx_word' id='word_1_130' title='bbox 796 2039 857 2106; x_wconf 90' lang='lat' dir='ltr'>snb</span> <span class='ocrx_word' id='word_1_131' title='bbox 873 2059 939 2124; x_wconf 88' lang='lat' dir='ltr'>qua</span> <span class='ocrx_word' id='word_1_132' title='bbox 955 2047 1029 2107; x_wconf 92' lang='lat' dir='ltr'>sunt</span> <span class='ocrx_word' id='word_1_133' title='bbox 1045 2046 1129 2108; x_wconf 88' lang='lat' dir='ltr'>mete</span> <span class='ocrx_word' id='word_1_134' title='bbox 1144 2048 1267 2127; x_wconf 87' lang='lat' dir='ltr'>terree;</span> <span class='ocrx_word' id='word_1_135' title='bbox 1292 2038 1369 2108; x_wconf 87' lang='lat' dir='ltr'>inde</span> <span class='ocrx_word' id='word_1_136' title='bbox 1383 2059 1458 2128; x_wconf 89' lang='lat' dir='ltr'>pro·</span> 
     </span>
     <span class='ocr_line' id='line_1_16' title="bbox 338 2146 1461 2233; baseline 0.001 -18"><span class='ocrx_word' id='word_1_137' title='bbox 338 2147 456 2216; x_wconf 87' lang='lat' dir='ltr'>cedens</span> <span class='ocrx_word' id='word_1_138' title='bbox 481 2150 574 2214; x_wconf 88' lang='lat' dir='ltr'>iuxta</span> <span class='ocrx_word' id='word_1_139' title='bbox 599 2146 734 2214; x_wconf 90' lang='lat' dir='ltr'>eandem</span> <span class='ocrx_word' id='word_1_140' title='bbox 760 2146 911 2232; x_wconf 80' lang='lat' dir='ltr'>paludem</span> <span class='ocrx_word' id='word_1_141' title='bbox 929 2147 1019 2213; x_wconf 89' lang='lat' dir='ltr'>uadit</span> <span class='ocrx_word' id='word_1_142' title='bbox 1035 2148 1078 2213; x_wconf 92' lang='lat' dir='ltr'>ad</span> <span class='ocrx_word' id='word_1_143' title='bbox 1098 2149 1180 2214; x_wconf 89' lang='lat' dir='ltr'>duas</span> <span class='ocrx_word' id='word_1_144' title='bbox 1204 2154 1309 2216; x_wconf 88' lang='lat' dir='ltr'>metas</span> <span class='ocrx_word' id='word_1_145' title='bbox 1325 2153 1461 2233; x_wconf 84' lang='lat' dir='ltr'>terreas,</span> 
     </span>
     <span class='ocr_line' id='line_1_17' title="bbox 337 2254 1461 2344; baseline -0.003 -19"><span class='ocrx_word' id='word_1_146' title='bbox 337 2277 400 2344; x_wconf 90' lang='lat' dir='ltr'>que</span> <span class='ocrx_word' id='word_1_147' title='bbox 416 2258 539 2324; x_wconf 89' lang='lat' dir='ltr'>suntin</span> <span class='ocrx_word' id='word_1_148' title='bbox 555 2256 748 2342; x_wconf 85' lang='lat' dir='ltr'>quibusdam</span> <span class='ocrx_word' id='word_1_149' title='bbox 764 2255 951 2323; x_wconf 83' lang='lat' dir='ltr'>fructicibus</span> <span class='ocrx_word' id='word_1_150' title='bbox 968 2254 1183 2324; x_wconf 83' lang='lat' dir='ltr'>existentibus</span> <span class='ocrx_word' id='word_1_151' title='bbox 1199 2257 1233 2322; x_wconf 94' lang='lat' dir='ltr'>in</span> <span class='ocrx_word' id='word_1_152' title='bbox 1248 2255 1356 2322; x_wconf 86' lang='lat' dir='ltr'>insula</span> <span class='ocrx_word' id='word_1_153' title='bbox 1371 2261 1461 2322; x_wconf 78' lang='lat' dir='ltr'>ante</span> 
     </span>
     <span class='ocr_line' id='line_1_18' title="bbox 337 2362 1461 2451; baseline -0.002 -19"><span class='ocrx_word' id='word_1_154' title='bbox 337 2365 444 2450; x_wconf 89' lang='lat' dir='ltr'>dicta;</span> <span class='ocrx_word' id='word_1_155' title='bbox 470 2365 547 2432; x_wconf 91' lang='lat' dir='ltr'>inde</span> <span class='ocrx_word' id='word_1_156' title='bbox 562 2363 730 2432; x_wconf 89' lang='lat' dir='ltr'>declinans</span> <span class='ocrx_word' id='word_1_157' title='bbox 746 2382 859 2431; x_wconf 91' lang='lat' dir='ltr'>uersus</span> <span class='ocrx_word' id='word_1_158' title='bbox 876 2365 1041 2448; x_wconf 88' lang='lat' dir='ltr'>orientem,</span> <span class='ocrx_word' id='word_1_159' title='bbox 1067 2363 1264 2432; x_wconf 86' lang='lat' dir='ltr'>transeundo</span> <span class='ocrx_word' id='word_1_160' title='bbox 1280 2362 1386 2450; x_wconf 85' lang='lat' dir='ltr'>ipsam</span> <span class='ocrx_word' id='word_1_161' title='bbox 1402 2384 1461 2451; x_wconf 85' lang='lat' dir='ltr'>pa-</span> 
     </span>
     <span class='ocr_line' id='line_1_19' title="bbox 336 2470 1461 2558; baseline -0.002 -18"><span class='ocrx_word' id='word_1_162' title='bbox 336 2473 444 2540; x_wconf 92' lang='lat' dir='ltr'>ludem</span> <span class='ocrx_word' id='word_1_163' title='bbox 459 2470 553 2540; x_wconf 93' lang='lat' dir='ltr'>uadit</span> <span class='ocrx_word' id='word_1_164' title='bbox 571 2473 615 2539; x_wconf 87' lang='lat' dir='ltr'>ad</span> <span class='ocrx_word' id='word_1_165' title='bbox 630 2472 781 2556; x_wconf 86' lang='lat' dir='ltr'>antiquas</span> <span class='ocrx_word' id='word_1_166' title='bbox 797 2479 902 2538; x_wconf 88' lang='lat' dir='ltr'>metas</span> <span class='ocrx_word' id='word_1_167' title='bbox 918 2471 1036 2540; x_wconf 87' lang='lat' dir='ltr'>Princb</span> <span class='ocrx_word' id='word_1_168' title='bbox 1052 2471 1187 2540; x_wconf 85' lang='lat' dir='ltr'>Comitis</span> <span class='ocrx_word' id='word_1_169' title='bbox 1202 2473 1382 2558; x_wconf 88' lang='lat' dir='ltr'>memorati,</span> <span class='ocrx_word' id='word_1_170' title='bbox 1402 2471 1461 2538; x_wconf 88' lang='lat' dir='ltr'>ubi</span> 
     </span>
     <span class='ocr_line' id='line_1_20' title="bbox 336 2579 1460 2666; baseline 0.003 -18"><span class='ocrx_word' id='word_1_171' title='bbox 336 2587 424 2648; x_wconf 85' lang='lat' dir='ltr'>tenet</span> <span class='ocrx_word' id='word_1_172' title='bbox 440 2588 543 2648; x_wconf 87' lang='lat' dir='ltr'>metas</span> <span class='ocrx_word' id='word_1_173' title='bbox 560 2599 631 2646; x_wconf 90' lang='lat' dir='ltr'>cum</span> <span class='ocrx_word' id='word_1_174' title='bbox 647 2585 736 2646; x_wconf 89' lang='lat' dir='ltr'>terra</span> <span class='ocrx_word' id='word_1_175' title='bbox 749 2579 828 2646; x_wconf 80' lang='lat' dir='ltr'>ville</span> <span class='ocrx_word' id='word_1_176' title='bbox 844 2579 919 2664; x_wconf 78' lang='lat' dir='ltr'>eug</span> <span class='ocrx_word' id='word_1_177' title='bbox 941 2579 1073 2648; x_wconf 92' lang='lat' dir='ltr'>nomine</span> <span class='ocrx_word' id='word_1_178' title='bbox 1089 2581 1266 2666; x_wconf 85' lang='lat' dir='ltr'>Kerektou,</span> <span class='ocrx_word' id='word_1_179' title='bbox 1292 2587 1325 2648; x_wconf 90' lang='lat' dir='ltr'>et</span> <span class='ocrx_word' id='word_1_180' title='bbox 1338 2581 1384 2650; x_wconf 94' lang='lat' dir='ltr'>ibi</span> <span class='ocrx_word' id='word_1_181' title='bbox 1399 2589 1460 2651; x_wconf 89' lang='lat' dir='ltr'>ter-</span> 
     </span>
     <span class='ocr_line' id='line_1_21' title="bbox 339 2688 1461 2777; baseline 0 -20"><span class='ocrx_word' id='word_1_182' title='bbox 339 2690 488 2758; x_wconf 88' lang='lat' dir='ltr'>minatur.</span> <span class='ocrx_word' id='word_1_183' title='bbox 514 2691 670 2756; x_wconf 87' lang='lat' dir='ltr'>Preterea</span> <span class='ocrx_word' id='word_1_184' title='bbox 685 2689 825 2758; x_wconf 84' lang='lat' dir='ltr'>confessi</span> <span class='ocrx_word' id='word_1_185' title='bbox 850 2696 925 2756; x_wconf 90' lang='lat' dir='ltr'>sunt</span> <span class='ocrx_word' id='word_1_186' title='bbox 940 2689 1041 2775; x_wconf 89' lang='lat' dir='ltr'>ijdem</span> <span class='ocrx_word' id='word_1_187' title='bbox 1056 2688 1114 2776; x_wconf 89' lang='lat' dir='ltr'>filij</span> <span class='ocrx_word' id='word_1_188' title='bbox 1129 2689 1238 2777; x_wconf 81' lang='lat' dir='ltr'>Egidij</span> <span class='ocrx_word' id='word_1_189' title='bbox 1263 2697 1297 2758; x_wconf 90' lang='lat' dir='ltr'>et</span> <span class='ocrx_word' id='word_1_190' title='bbox 1311 2689 1368 2776; x_wconf 83' lang='lat' dir='ltr'>filij</span> <span class='ocrx_word' id='word_1_191' title='bbox 1385 2689 1461 2758; x_wconf 84' lang='lat' dir='ltr'>Ful-</span> 
     </span>
     <span class='ocr_line' id='line_1_22' title="bbox 337 2797 1460 2888; baseline 0.004 -24"><span class='ocrx_word' id='word_1_192' title='bbox 337 2797 411 2883; x_wconf 85' lang='lat' dir='ltr'>lrus,</span> <span class='ocrx_word' id='word_1_193' title='bbox 437 2799 523 2884; x_wconf 90' lang='lat' dir='ltr'>quod</span> <span class='ocrx_word' id='word_1_194' title='bbox 541 2820 604 2867; x_wconf 92' lang='lat' dir='ltr'>non</span> <span class='ocrx_word' id='word_1_195' title='bbox 621 2799 777 2865; x_wconf 87' lang='lat' dir='ltr'>baberent</span> <span class='ocrx_word' id='word_1_196' title='bbox 800 2798 988 2866; x_wconf 89' lang='lat' dir='ltr'>facultatem</span> <span class='ocrx_word' id='word_1_197' title='bbox 1003 2799 1145 2866; x_wconf 86' lang='lat' dir='ltr'>faciendi</span> <span class='ocrx_word' id='word_1_198' title='bbox 1170 2799 1303 2886; x_wconf 89' lang='lat' dir='ltr'>aliquod</span> <span class='ocrx_word' id='word_1_199' title='bbox 1325 2821 1409 2888; x_wconf 89' lang='lat' dir='ltr'>opus</span> <span class='ocrx_word' id='word_1_200' title='bbox 1423 2799 1460 2869; x_wconf 92' lang='lat' dir='ltr'>in</span> 
     </span>
     <span class='ocr_line' id='line_1_23' title="bbox 337 2907 1459 2996; baseline 0.004 -23"><span class='ocrx_word' id='word_1_201' title='bbox 337 2907 410 2996; x_wconf 91' lang='lat' dir='ltr'>ipso</span> <span class='ocrx_word' id='word_1_202' title='bbox 425 2907 534 2994; x_wconf 88' lang='lat' dir='ltr'>fluuio,</span> <span class='ocrx_word' id='word_1_203' title='bbox 551 2913 661 2994; x_wconf 88' lang='lat' dir='ltr'>preter</span> <span class='ocrx_word' id='word_1_204' title='bbox 677 2908 895 2975; x_wconf 89' lang='lat' dir='ltr'>molendinum</span> <span class='ocrx_word' id='word_1_205' title='bbox 906 2908 1138 2995; x_wconf 87' lang='lat' dir='ltr'>supradictum,</span> <span class='ocrx_word' id='word_1_206' title='bbox 1154 2929 1257 2994; x_wconf 91' lang='lat' dir='ltr'>usque</span> <span class='ocrx_word' id='word_1_207' title='bbox 1273 2908 1459 2978; x_wconf 83' lang='lat' dir='ltr'>adultimas</span> 
     </span>
     <span class='ocr_line' id='line_1_24' title="bbox 339 3015 1459 3104; baseline 0.003 -21"><span class='ocrx_word' id='word_1_208' title='bbox 339 3022 443 3084; x_wconf 88' lang='lat' dir='ltr'>metas</span> <span class='ocrx_word' id='word_1_209' title='bbox 458 3023 543 3082; x_wconf 86' lang='lat' dir='ltr'>terre</span> <span class='ocrx_word' id='word_1_210' title='bbox 553 3015 670 3082; x_wconf 91' lang='lat' dir='ltr'>Princb</span> <span class='ocrx_word' id='word_1_211' title='bbox 681 3015 813 3083; x_wconf 81' lang='lat' dir='ltr'>Comitis</span> <span class='ocrx_word' id='word_1_212' title='bbox 830 3017 1027 3102; x_wconf 88' lang='lat' dir='ltr'>supradicte,</span> <span class='ocrx_word' id='word_1_213' title='bbox 1047 3035 1108 3082; x_wconf 91' lang='lat' dir='ltr'>nec</span> <span class='ocrx_word' id='word_1_214' title='bbox 1122 3017 1228 3104; x_wconf 92' lang='lat' dir='ltr'>ipsum</span> <span class='ocrx_word' id='word_1_215' title='bbox 1237 3017 1459 3088; x_wconf 89' lang='lat' dir='ltr'>molendinum</span> 
     </span>
     <span class='ocr_line' id='line_1_25' title="bbox 336 3123 1460 3212; baseline 0.004 -21"><span class='ocrx_word' id='word_1_216' title='bbox 336 3125 486 3192; x_wconf 91' lang='lat' dir='ltr'>mouendi</span> <span class='ocrx_word' id='word_1_217' title='bbox 514 3124 673 3212; x_wconf 89' lang='lat' dir='ltr'>superius,</span> <span class='ocrx_word' id='word_1_218' title='bbox 700 3143 760 3190; x_wconf 90' lang='lat' dir='ltr'>nec</span> <span class='ocrx_word' id='word_1_219' title='bbox 776 3123 923 3204; x_wconf 87' lang='lat' dir='ltr'>inferius,</span> <span class='ocrx_word' id='word_1_220' title='bbox 941 3123 969 3190; x_wconf 90' lang='lat' dir='ltr'>si</span> <span class='ocrx_word' id='word_1_221' title='bbox 985 3123 1048 3190; x_wconf 90' lang='lat' dir='ltr'>sibi</span> <span class='ocrx_word' id='word_1_222' title='bbox 1072 3123 1246 3210; x_wconf 86' lang='lat' dir='ltr'>videretur,</span> <span class='ocrx_word' id='word_1_223' title='bbox 1273 3125 1332 3194; x_wconf 87' lang='lat' dir='ltr'>sed</span> <span class='ocrx_word' id='word_1_224' title='bbox 1347 3147 1460 3196; x_wconf 84' lang='lat' dir='ltr'>omnes</span> 
     </span>
     <span class='ocr_line' id='line_1_26' title="bbox 336 3229 1460 3316; baseline 0.005 -18"><span class='ocrx_word' id='word_1_225' title='bbox 336 3230 494 3298; x_wconf 83' lang='lat' dir='ltr'>utilitates</span> <span class='ocrx_word' id='word_1_226' title='bbox 519 3229 665 3299; x_wconf 89' lang='lat' dir='ltr'>eiusdem</span> <span class='ocrx_word' id='word_1_227' title='bbox 680 3229 772 3316; x_wconf 89' lang='lat' dir='ltr'>flunij</span> <span class='ocrx_word' id='word_1_228' title='bbox 799 3229 885 3297; x_wconf 91' lang='lat' dir='ltr'>idem</span> <span class='ocrx_word' id='word_1_229' title='bbox 901 3230 1018 3297; x_wconf 92' lang='lat' dir='ltr'>Princb</span> <span class='ocrx_word' id='word_1_230' title='bbox 1046 3229 1160 3300; x_wconf 81' lang='lat' dir='ltr'>Comes</span> <span class='ocrx_word' id='word_1_231' title='bbox 1176 3233 1229 3301; x_wconf 89' lang='lat' dir='ltr'>uel</span> <span class='ocrx_word' id='word_1_232' title='bbox 1253 3233 1306 3301; x_wconf 91' lang='lat' dir='ltr'>sui</span> <span class='ocrx_word' id='word_1_233' title='bbox 1322 3231 1460 3304; x_wconf 82' lang='lat' dir='ltr'>heredes</span> 
     </span>
     <span class='ocr_line' id='line_1_27' title="bbox 339 3339 1459 3429; baseline 0.003 -21"><span class='ocrx_word' id='word_1_234' title='bbox 339 3361 396 3427; x_wconf 90' lang='lat' dir='ltr'>per</span> <span class='ocrx_word' id='word_1_235' title='bbox 410 3339 646 3425; x_wconf 79' lang='lat' dir='ltr'>longitudinem</span> <span class='ocrx_word' id='word_1_236' title='bbox 670 3345 755 3407; x_wconf 89' lang='lat' dir='ltr'>terre</span> <span class='ocrx_word' id='word_1_237' title='bbox 771 3359 829 3407; x_wconf 90' lang='lat' dir='ltr'>sue</span> <span class='ocrx_word' id='word_1_238' title='bbox 844 3339 947 3407; x_wconf 90' lang='lat' dir='ltr'>libere</span> <span class='ocrx_word' id='word_1_239' title='bbox 963 3345 996 3406; x_wconf 91' lang='lat' dir='ltr'>et</span> <span class='ocrx_word' id='word_1_240' title='bbox 1011 3339 1149 3426; x_wconf 88' lang='lat' dir='ltr'>pacifice</span> <span class='ocrx_word' id='word_1_241' title='bbox 1171 3341 1386 3429; x_wconf 87' lang='lat' dir='ltr'>possiderent,</span> <span class='ocrx_word' id='word_1_242' title='bbox 1411 3343 1459 3411; x_wconf 86' lang='lat' dir='ltr'>fa-</span> 
     </span>
     <span class='ocr_line' id='line_1_28' title="bbox 340 3446 1460 3535; baseline 0.004 -21"><span class='ocrx_word' id='word_1_243' title='bbox 340 3447 453 3516; x_wconf 90' lang='lat' dir='ltr'>ciendo</span> <span class='ocrx_word' id='word_1_244' title='bbox 469 3449 647 3532; x_wconf 89' lang='lat' dir='ltr'>clausuras,</span> <span class='ocrx_word' id='word_1_245' title='bbox 664 3448 856 3532; x_wconf 90' lang='lat' dir='ltr'>molendina,</span> <span class='ocrx_word' id='word_1_246' title='bbox 883 3453 914 3514; x_wconf 89' lang='lat' dir='ltr'>et</span> <span class='ocrx_word' id='word_1_247' title='bbox 929 3446 997 3514; x_wconf 91' lang='lat' dir='ltr'>alia</span> <span class='ocrx_word' id='word_1_248' title='bbox 1013 3468 1123 3534; x_wconf 89' lang='lat' dir='ltr'>opera,</span> <span class='ocrx_word' id='word_1_249' title='bbox 1149 3449 1290 3535; x_wconf 87' lang='lat' dir='ltr'>quesibi</span> <span class='ocrx_word' id='word_1_250' title='bbox 1312 3449 1460 3520; x_wconf 85' lang='lat' dir='ltr'>uideren-</span> 
     </span>
     <span class='ocr_line' id='line_1_29' title="bbox 335 3554 1460 3643; baseline 0.004 -20"><span class='ocrx_word' id='word_1_251' title='bbox 335 3563 399 3624; x_wconf 91' lang='lat' dir='ltr'>tur.</span> <span class='ocrx_word' id='word_1_252' title='bbox 426 3555 490 3636; x_wconf 80' lang='lat' dir='ltr'>Qui</span> <span class='ocrx_word' id='word_1_253' title='bbox 505 3554 534 3622; x_wconf 89' lang='lat' dir='ltr'>si</span> <span class='ocrx_word' id='word_1_254' title='bbox 552 3555 640 3622; x_wconf 89' lang='lat' dir='ltr'>facta</span> <span class='ocrx_word' id='word_1_255' title='bbox 664 3575 764 3642; x_wconf 88' lang='lat' dir='ltr'>opera</span> <span class='ocrx_word' id='word_1_256' title='bbox 779 3576 838 3642; x_wconf 85' lang='lat' dir='ltr'>per</span> <span class='ocrx_word' id='word_1_257' title='bbox 855 3556 1039 3643; x_wconf 89' lang='lat' dir='ltr'>quempiam</span> <span class='ocrx_word' id='word_1_258' title='bbox 1056 3555 1250 3643; x_wconf 90' lang='lat' dir='ltr'>amitterent,</span> <span class='ocrx_word' id='word_1_259' title='bbox 1273 3557 1354 3626; x_wconf 92' lang='lat' dir='ltr'>dicti</span> <span class='ocrx_word' id='word_1_260' title='bbox 1368 3560 1460 3627; x_wconf 91' lang='lat' dir='ltr'>nobi·</span> 
     </span>
     <span class='ocr_line' id='line_1_30' title="bbox 334 3662 1457 3755; baseline 0.004 -25"><span class='ocrx_word' id='word_1_261' title='bbox 334 3665 384 3730; x_wconf 91' lang='lat' dir='ltr'>les</span> <span class='ocrx_word' id='word_1_262' title='bbox 403 3663 540 3750; x_wconf 85' lang='lat' dir='ltr'>deipsis</span> <span class='ocrx_word' id='word_1_263' title='bbox 557 3663 708 3750; x_wconf 90' lang='lat' dir='ltr'>operibus</span> <span class='ocrx_word' id='word_1_264' title='bbox 725 3663 915 3732; x_wconf 84' lang='lat' dir='ltr'>satisfacere</span> <span class='ocrx_word' id='word_1_265' title='bbox 939 3669 1135 3733; x_wconf 83' lang='lat' dir='ltr'>tenerentur.</span> <span class='ocrx_word' id='word_1_266' title='bbox 1158 3662 1327 3734; x_wconf 78' lang='lat' dir='ltr'>Adicimus</span> <span class='ocrx_word' id='word_1_267' title='bbox 1343 3666 1457 3755; x_wconf 88' lang='lat' dir='ltr'>eciam,</span> 
     </span>
     <span class='ocr_line' id='line_1_31' title="bbox 337 3769 1458 3860; baseline 0.005 -21"><span class='ocrx_word' id='word_1_268' title='bbox 337 3773 425 3859; x_wconf 91' lang='lat' dir='ltr'>quod</span> <span class='ocrx_word' id='word_1_269' title='bbox 440 3772 525 3838; x_wconf 86' lang='lat' dir='ltr'>idem</span> <span class='ocrx_word' id='word_1_270' title='bbox 542 3771 661 3838; x_wconf 89' lang='lat' dir='ltr'>Princb</span> <span class='ocrx_word' id='word_1_271' title='bbox 677 3769 792 3838; x_wconf 81' lang='lat' dir='ltr'>Comes</span> <span class='ocrx_word' id='word_1_272' title='bbox 807 3777 939 3859; x_wconf 87' lang='lat' dir='ltr'>propter</span> <span class='ocrx_word' id='word_1_273' title='bbox 957 3773 1077 3841; x_wconf 90' lang='lat' dir='ltr'>bonum</span> <span class='ocrx_word' id='word_1_274' title='bbox 1092 3773 1194 3860; x_wconf 87' lang='lat' dir='ltr'>pacis,</span> <span class='ocrx_word' id='word_1_275' title='bbox 1220 3779 1257 3842; x_wconf 91' lang='lat' dir='ltr'>ut</span> <span class='ocrx_word' id='word_1_276' title='bbox 1271 3775 1377 3844; x_wconf 90' lang='lat' dir='ltr'>omnis</span> <span class='ocrx_word' id='word_1_277' title='bbox 1392 3797 1458 3846; x_wconf 91' lang='lat' dir='ltr'>ma·</span> 
     </span>
     <span class='ocr_line' id='line_1_32' title="bbox 335 3881 1459 3972; baseline 0.005 -25"><span class='ocrx_word' id='word_1_278' title='bbox 335 3882 420 3948; x_wconf 90' lang='lat' dir='ltr'>teria</span> <span class='ocrx_word' id='word_1_279' title='bbox 436 3881 613 3965; x_wconf 89' lang='lat' dir='ltr'>questionis</span> <span class='ocrx_word' id='word_1_280' title='bbox 629 3881 784 3966; x_wconf 87' lang='lat' dir='ltr'>sopiatur,</span> <span class='ocrx_word' id='word_1_281' title='bbox 802 3889 835 3948; x_wconf 91' lang='lat' dir='ltr'>et</span> <span class='ocrx_word' id='word_1_282' title='bbox 851 3881 945 3949; x_wconf 90' lang='lat' dir='ltr'>fauor</span> <span class='ocrx_word' id='word_1_283' title='bbox 959 3881 1149 3950; x_wconf 85' lang='lat' dir='ltr'>dileccionis</span> <span class='ocrx_word' id='word_1_284' title='bbox 1158 3885 1270 3969; x_wconf 88' lang='lat' dir='ltr'>pocius</span> <span class='ocrx_word' id='word_1_285' title='bbox 1288 3893 1459 3972; x_wconf 81' lang='lat' dir='ltr'>augeatur,</span> 
     </span>
     <span class='ocr_line' id='line_1_33' title="bbox 339 3987 1459 4081; baseline 0.006 -25"><span class='ocrx_word' id='word_1_286' title='bbox 339 3987 416 4076; x_wconf 90' lang='lat' dir='ltr'>filijs</span> <span class='ocrx_word' id='word_1_287' title='bbox 426 3989 535 4074; x_wconf 77' lang='lat' dir='ltr'>Egirlij</span> <span class='ocrx_word' id='word_1_288' title='bbox 552 3991 718 4058; x_wconf 80' lang='lat' dir='ltr'>etFulkus</span> <span class='ocrx_word' id='word_1_289' title='bbox 735 3987 930 4077; x_wconf 88' lang='lat' dir='ltr'>supradictis</span> <span class='ocrx_word' id='word_1_290' title='bbox 947 3991 1046 4059; x_wconf 89' lang='lat' dir='ltr'>soluit</span> <span class='ocrx_word' id='word_1_291' title='bbox 1061 3990 1172 4058; x_wconf 89' lang='lat' dir='ltr'>decem</span> <span class='ocrx_word' id='word_1_292' title='bbox 1189 3999 1222 4060; x_wconf 93' lang='lat' dir='ltr'>et</span> <span class='ocrx_word' id='word_1_293' title='bbox 1237 4000 1362 4081; x_wconf 86' lang='lat' dir='ltr'>septem</span> <span class='ocrx_word' id='word_1_294' title='bbox 1378 4017 1459 4062; x_wconf 87' lang='lat' dir='ltr'>mar·</span> 
     </span>
     <span class='ocr_line' id='line_1_34' title="bbox 340 4095 1460 4188; baseline 0.007 -24"><span class='ocrx_word' id='word_1_295' title='bbox 340 4117 396 4164; x_wconf 86' lang='lat' dir='ltr'>cas</span> <span class='ocrx_word' id='word_1_296' title='bbox 412 4095 539 4181; x_wconf 87' lang='lat' dir='ltr'>argenti</span> <span class='ocrx_word' id='word_1_297' title='bbox 549 4095 722 4184; x_wconf 88' lang='lat' dir='ltr'>ponderati</span> <span class='ocrx_word' id='word_1_298' title='bbox 733 4116 841 4165; x_wconf 89' lang='lat' dir='ltr'>coram</span> <span class='ocrx_word' id='word_1_299' title='bbox 857 4097 960 4165; x_wconf 87' lang='lat' dir='ltr'>nobis.</span> <span class='ocrx_word' id='word_1_300' title='bbox 977 4097 1051 4166; x_wconf 84' lang='lat' dir='ltr'>Tali</span> <span class='ocrx_word' id='word_1_301' title='bbox 1062 4097 1460 4188; x_wconf 80' lang='lat' dir='ltr'>obligaoioneaubiuncta,</span> 
     </span>
    </p>
   </div>
   <div class='ocr_carea' id='block_1_2' title="bbox 334 4206 1459 4723">
    <p class='ocr_par' dir='ltr' id='par_1_2' title="bbox 334 4206 1459 4723">
     <span class='ocr_line' id='line_1_35' title="bbox 335 4206 1459 4295; baseline 0.005 -23"><span class='ocrx_word' id='word_1_302' title='bbox 335 4207 425 4290; x_wconf 92' lang='lat' dir='ltr'>quod</span> <span class='ocrx_word' id='word_1_303' title='bbox 440 4206 468 4272; x_wconf 93' lang='lat' dir='ltr'>si</span> <span class='ocrx_word' id='word_1_304' title='bbox 484 4225 542 4292; x_wconf 91' lang='lat' dir='ltr'>per</span> <span class='ocrx_word' id='word_1_305' title='bbox 557 4207 740 4293; x_wconf 90' lang='lat' dir='ltr'>quempiam</span> <span class='ocrx_word' id='word_1_306' title='bbox 757 4213 969 4292; x_wconf 82' lang='lat' dir='ltr'>cognatorum</span> <span class='ocrx_word' id='word_1_307' title='bbox 992 4227 1124 4276; x_wconf 90' lang='lat' dir='ltr'>suorum</span> <span class='ocrx_word' id='word_1_308' title='bbox 1139 4207 1196 4294; x_wconf 91' lang='lat' dir='ltr'>filij</span> <span class='ocrx_word' id='word_1_309' title='bbox 1212 4208 1322 4295; x_wconf 80' lang='lat' dir='ltr'>Egidij</span> <span class='ocrx_word' id='word_1_310' title='bbox 1337 4218 1371 4278; x_wconf 90' lang='lat' dir='ltr'>et</span> <span class='ocrx_word' id='word_1_311' title='bbox 1386 4211 1459 4278; x_wconf 80' lang='lat' dir='ltr'>Ful·</span> 
     </span>
     <span class='ocr_line' id='line_1_36' title="bbox 336 4313 1459 4406; baseline 0.006 -26"><span class='ocrx_word' id='word_1_312' title='bbox 336 4335 393 4382; x_wconf 90' lang='lat' dir='ltr'>cus</span> <span class='ocrx_word' id='word_1_313' title='bbox 421 4313 578 4400; x_wconf 89' lang='lat' dir='ltr'>sepedicti</span> <span class='ocrx_word' id='word_1_314' title='bbox 603 4334 701 4402; x_wconf 90' lang='lat' dir='ltr'>super</span> <span class='ocrx_word' id='word_1_315' title='bbox 724 4315 963 4403; x_wconf 91' lang='lat' dir='ltr'>composicione</span> <span class='ocrx_word' id='word_1_316' title='bbox 988 4315 1079 4385; x_wconf 90' lang='lat' dir='ltr'>facta</span> <span class='ocrx_word' id='word_1_317' title='bbox 1106 4315 1353 4404; x_wconf 89' lang='lat' dir='ltr'>impeterentur,</span> <span class='ocrx_word' id='word_1_318' title='bbox 1385 4318 1459 4406; x_wconf 85' lang='lat' dir='ltr'>ipse</span> 
     </span>
     <span class='ocr_line' id='line_1_37' title="bbox 334 4419 1458 4511; baseline 0.006 -24"><span class='ocrx_word' id='word_1_319' title='bbox 334 4421 452 4488; x_wconf 89' lang='lat' dir='ltr'>Princb</span> <span class='ocrx_word' id='word_1_320' title='bbox 469 4419 583 4489; x_wconf 78' lang='lat' dir='ltr'>Comes</span> <span class='ocrx_word' id='word_1_321' title='bbox 600 4428 632 4489; x_wconf 91' lang='lat' dir='ltr'>et</span> <span class='ocrx_word' id='word_1_322' title='bbox 648 4423 699 4490; x_wconf 91' lang='lat' dir='ltr'>sni</span> <span class='ocrx_word' id='word_1_323' title='bbox 714 4423 851 4492; x_wconf 89' lang='lat' dir='ltr'>heredes</span> <span class='ocrx_word' id='word_1_324' title='bbox 868 4421 1041 4492; x_wconf 87' lang='lat' dir='ltr'>defendere</span> <span class='ocrx_word' id='word_1_325' title='bbox 1057 4429 1260 4511; x_wconf 87' lang='lat' dir='ltr'>tenerentur;</span> <span class='ocrx_word' id='word_1_326' title='bbox 1283 4423 1339 4510; x_wconf 89' lang='lat' dir='ltr'>qai</span> <span class='ocrx_word' id='word_1_327' title='bbox 1356 4425 1386 4492; x_wconf 88' lang='lat' dir='ltr'>si</span> <span class='ocrx_word' id='word_1_328' title='bbox 1402 4445 1458 4494; x_wconf 86' lang='lat' dir='ltr'>ne·</span> 
     </span>
     <span class='ocr_line' id='line_1_38' title="bbox 337 4526 1458 4621; baseline 0.01 -30"><span class='ocrx_word' id='word_1_329' title='bbox 337 4526 500 4611; x_wconf 81' lang='lat' dir='ltr'>gligentes</span> <span class='ocrx_word' id='word_1_330' title='bbox 515 4528 691 4598; x_wconf 85' lang='lat' dir='ltr'>existerent</span> <span class='ocrx_word' id='word_1_331' title='bbox 699 4531 733 4597; x_wconf 95' lang='lat' dir='ltr'>in</span> <span class='ocrx_word' id='word_1_332' title='bbox 743 4531 871 4617; x_wconf 90' lang='lat' dir='ltr'>tuendo,</span> <span class='ocrx_word' id='word_1_333' title='bbox 889 4531 999 4600; x_wconf 89' lang='lat' dir='ltr'>decem</span> <span class='ocrx_word' id='word_1_334' title='bbox 1015 4539 1048 4599; x_wconf 85' lang='lat' dir='ltr'>ct</span> <span class='ocrx_word' id='word_1_335' title='bbox 1062 4539 1187 4619; x_wconf 86' lang='lat' dir='ltr'>septam</span> <span class='ocrx_word' id='word_1_336' title='bbox 1203 4553 1331 4600; x_wconf 85' lang='lat' dir='ltr'>marcas</span> <span class='ocrx_word' id='word_1_337' title='bbox 1346 4553 1458 4621; x_wconf 85' lang='lat' dir='ltr'>perso·</span> 
     </span>
     <span class='ocr_line' id='line_1_39' title="bbox 336 4633 1456 4723; baseline 0.013 -26"><span class='ocrx_word' id='word_1_338' title='bbox 336 4633 432 4717; x_wconf 85' lang='lat' dir='ltr'>lutae,</span> <span class='ocrx_word' id='word_1_339' title='bbox 449 4633 566 4700; x_wconf 89' lang='lat' dir='ltr'>additis</span> <span class='ocrx_word' id='word_1_340' title='bbox 577 4637 708 4722; x_wconf 88' lang='lat' dir='ltr'>insuper</span> <span class='ocrx_word' id='word_1_341' title='bbox 722 4638 825 4706; x_wconf 88' lang='lat' dir='ltr'>tribus</span> <span class='ocrx_word' id='word_1_342' title='bbox 841 4639 967 4723; x_wconf 91' lang='lat' dir='ltr'>marcis,</span> <span class='ocrx_word' id='word_1_343' title='bbox 988 4639 1135 4708; x_wconf 89' lang='lat' dir='ltr'>amittere</span> <span class='ocrx_word' id='word_1_344' title='bbox 1152 4639 1314 4708; x_wconf 88' lang='lat' dir='ltr'>deberent.</span> <span class='ocrx_word' id='word_1_345' title='bbox 1330 4641 1456 4711; x_wconf 80' lang='lat' dir='ltr'>Adbec</span> 
     </span>
    </p>
   </div>
   <div class='ocr_carea' id='block_1_3' title="bbox 0 0 1578 5156">
    <p class='ocr_par' dir='ltr' id='par_1_3' title="bbox 0 0 1578 5156">
     <span class='ocr_line' id='line_1_40' title="bbox 0 0 1578 5156; baseline 0 0"><span class='ocrx_word' id='word_1_346' title='bbox 0 0 1578 5156; x_wconf 95' lang='lat' dir='ltr'> </span> 
     </span>
    </p>
   </div>
  </div>
 </body>
</html>
