3102 5160
853 808 929 877 let.

326 997 358 1060 A
373 993 506 1061 osaatde'
530 999 560 1057 e's
578 991 669 1057 orodi
691 989 942 1077 lociptaluuoleoak
960 989 1110 1074 jeleatdee,
1135 992 1215 1076 bopy
1231 1013 1251 1054 α
1269 985 1344 1054 147.
1370 1013 1415 1054 sa.
1435 993 1470 1055 α’

324 1105 442 1189 liralpa‘
453 1122 594 1190 parante
617 1100 697 1168 siltol
716 1098 803 1164 edel
826 1100 1024 1270 rr12e294b⁷cr9pott
1046 1098 1291 1183 tamrjarctotao
1317 1099 1465 1184 eljdrtalr.

437 1405 723 1473 Excellentissimo
741 1402 873 1470 domino
883 1421 941 1470 sno
952 1401 1034 1470 Belo
1043 1401 1107 1468 Dei
1116 1401 1232 1486 grauia
1239 1401 1363 1469 illustri
1374 1403 1464 1488 Regi

328 1516 497 1602 Hungarie
513 1515 697 1603 Capitulum
713 1511 953 1580 (lhanadiensis
969 1519 1001 1576 et
1021 1509 1211 1579 Orodiensis
1226 1511 1374 1578 Eoolesie
1389 1531 1465 1578 ora·

330 1627 438 1693 oiones
463 1624 497 1690 in
513 1623 652 1692 Domino
678 1621 744 1689 filio
760 1619 907 1704 Virginis
921 1617 1073 1687 Gloriosa
1097 1617 1228 1684 debitas
1251 1637 1291 1685 ao
1308 1617 1463 1687 denotas.

329 1733 470 1801 Litteras
487 1732 604 1800 Vestra
630 1727 823 1798 serenitatis
848 1727 975 1797 nouerit
999 1725 1165 1795 celsitudo
1181 1727 1299 1795 Vestra
1323 1745 1383 1796 nos
1412 1747 1466 1794 re-

329 1840 456 1928 cepisse
471 1840 505 1906 in
521 1841 582 1906 beo
601 1839 713 1906 verba.

436 1947 518 2015 Belo
532 1947 595 2014 Dei
621 1945 734 2032 grauia
749 1945 920 2031 Hnngarie
935 1945 1006 2013 Rex
1027 1943 1090 2010 stb.
1108 1941 1204 2032 (mint
1226 1942 1360 2010 fentobb
1384 1943 1465 2010 147.

330 2059 419 2123 salem
435 2051 542 2140 alatt.)

437 2161 506 2230 Nos
522 2161 622 2247 igitur
633 2162 796 2248 preoeptis
813 2181 852 2226 eo
869 2158 1033 2228 mandetis
1043 2157 1237 2226 Serenitatis
1249 2159 1365 2227 vestre
1381 2158 1465 2225 lide-

330 2274 405 2338 liter
431 2271 692 2356 obtemperantes
703 2320 712 2354 ‚
738 2276 774 2335 vt
792 2275 949 2354 tenemur,
975 2269 1082 2336 sooios
1107 2271 1237 2336 nostros
1261 2265 1462 2352 instigans,

330 2380 491 2447 loannem
508 2375 684 2445 Custodem
707 2376 749 2444 de
767 2375 918 2463 Capitulo
932 2375 1174 2460 'Chanadiensi
1198 2379 1231 2442 et
1254 2374 1464 2462 Stephanum

331 2487 499 2553 Leetorem
524 2482 739 2552 Orodiensem
764 2503 836 2550 eum
853 2482 999 2570 prediolo
1018 2484 1149 2552 homine
1173 2489 1282 2551 vestro
1301 2483 1465 2566 Magistro

331 2594 426 2660 Petro
451 2592 524 2659 vioe
549 2599 662 2659 nostra
678 2590 825 2658 misimus
851 2611 910 2676 pre
926 2590 1111 2658 testimonio
1137 2589 1181 2657 ad
1196 2589 1359 2676 premissa
1384 2609 1463 2656 exe·

331 2699 480 2786 quenda3
506 2699 562 2786 qni
586 2699 717 2784 quidem
742 2701 837 2767 homo
858 2706 967 2766 vester
991 2719 1064 2765 oum
1083 2697 1238 2785 prediotis
1264 2697 1466 2783 testimooijs

331 2807 450 2875 nostris
476 2806 519 2872 ad
542 2825 601 2871 nos
625 2806 798 2873 redeuntes
823 2806 918 2873 nobis
944 2806 1027 2872 dixit
1051 2805 1229 2889 requisitus
1254 2805 1466 2890 presentibus

332 2914 432 2999 soeijs
447 2913 578 2996 uostris,
605 2909 693 2996 quod
709 2913 899 2982 oonuooetis
915 2913 1065 2980 omnibns
1081 2913 1313 2982 oommetaneis
1332 2919 1364 2979 et
1380 2912 1464 2979 viei-

331 3022 383 3089 nis
397 3019 562 3088 nobilibus
579 3019 620 3086 de
636 3039 757 3106 genere
773 3041 842 3107 sno,
868 3027 1124 3109 prememoratus
1140 3029 1255 3107 terras,
1282 3021 1380 3088 villas
1402 3041 1466 3089 seu

333 3127 572 3215 possessiones,
598 3129 722 3196 seilieet
747 3130 1001 3216 Paugraohiaya
1027 3137 1060 3198 et
1084 3131 1360 3216 Pangraohtelnlr‚
1386 3149 1466 3195 oum

331 3237 458 3324 pisoina
473 3237 788 3322 Pangraohewreme
803 3246 932 3324 vocata,
949 3245 983 3306 et
999 3239 1103 3325 sylnis
1113 3239 1282 3326 glandium
1298 3257 1400 3319 rsqne
1418 3238 1468 3304 ad

332 3353 459 3431 portum
471 3344 619 3431 Murusij‚
636 3364 709 3411 enm
725 3347 913 3413 nemoribus
930 3347 970 3414 de
987 3345 1115 3415 duabus
1127 3349 1275 3434 partibus
1292 3347 1467 3414 collatera-

332 3453 419 3522 libus
435 3449 611 3520 earundem
626 3452 789 3538 villarum,
807 3451 913 3522 eundo
929 3454 1048 3521 deiude
1064 3474 1178 3523 versus
1197 3457 1364 3538 Zarrazer,
1386 3474 1468 3519 oum

331 3559 467 3646 eampis,
478 3557 605 3643 ferretis,
616 3560 711 3626 terris
722 3559 912 3647 arabilibus,
925 3561 1042 3647 etalijs
1052 3561 1247 3630 utilitatibus
1259 3567 1463 3649 perveteres

333 3675 438 3734 metas
450 3666 662 3753 oireueund03
680 3667 758 3734 item
771 3667 921 3754 Kysfalw
939 3674 971 3734 et
980 3670 1062 3736 Zent
1077 3669 1241 3738 Leureuoa
1251 3689 1324 3736 eum
1333 3673 1470 3753 stanno,

332 3772 420 3858 qnod
438 3781 574 3860 separat
590 3775 631 3842 de
640 3775 785 3844 Marusio
800 3777 959 3864 iusipiens
979 3798 1001 3843 a
1016 3777 1095 3845 villa
1111 3775 1245 3846 Comitis
1260 3779 1334 3845 Isao
1348 3777 1471 3847 fratris

332 3882 384 3949 sni
400 3881 511 3949 Vlunlr
527 3889 655 3968 vocata,
672 3885 821 3952 exeundo
838 3885 871 3950 in
889 3905 1038 3972 eampum
1054 3906 1166 3954 versus
1183 3887 1343 3953 Zarrazer
1358 3907 1472 3971 usque

332 3990 376 4057 ad
391 3989 557 4075 quandam
573 3991 697 4077 villam,
724 4013 788 4078 qne
803 3995 1014 4061 communiter
1038 3995 1228 4079 possidetur
1247 4015 1320 4061 oum
1336 3993 1472 4065 Gemite

332 4095 490 4184 Gregorio
505 4105 538 4165 et
548 4099 698 4168 Dionisio
712 4099 813 4167 lratre
830 4099 985 4186 eiusdem,
1002 4101 1108 4186 leaeo,
1128 4102 1291 4189 Bernaba,
1309 4103 1472 4192 Philippo

334 4213 366 4273 et
381 4205 585 4293 Pangraei05
601 4208 678 4275 item
695 4215 845 4294 quartam
861 4213 986 4295 partem
997 4209 1160 4276 Thambes
1177 4231 1198 4276 a
1216 4215 1310 4296 parte
1327 4210 1474 4284 orientis

330 4333 405 4378 eum
433 4313 561 4380 duabus
586 4315 846 4383 extremitatibus
871 4315 981 4402 platee
993 4369 1001 4402 ‚
1033 4323 1066 4383 et
1091 4317 1240 4386 omuibus
1264 4317 1474 4390 utilitatibus

331 4425 446 4502 quarte
468 4419 574 4504 partis
590 4419 736 4486 eiusdem
751 4421 837 4506 ville,
864 4421 999 4506 piscinis
1015 4421 1179 4508 videlieet,
1206 4424 1320 4509 sylem,
1347 4431 1476 4518 pratis,

330 4523 448 4590 ienetis
466 4531 498 4590 et
513 4524 608 4590 terris
624 4525 824 4612 arabilibus3
851 4527 929 4594 item
946 4529 1060 4596 Ladan
1077 4550 1149 4596 oum
1167 4535 1236 4597 tota
1253 4533 1351 4617 splne
1367 4535 1476 4617 glan-
