<?xml version="1.0" encoding="UTF-8"?>
<!DOCTYPE html PUBLIC "-//W3C//DTD XHTML 1.0 Transitional//EN"
    "http://www.w3.org/TR/xhtml1/DTD/xhtml1-transitional.dtd">
<html xmlns="http://www.w3.org/1999/xhtml" xml:lang="en" lang="en">
 <head>
  <title>
</title>
<meta http-equiv="Content-Type" content="text/html;charset=utf-8" />
  <meta name='ocr-system' content='tesseract 3.04.00' />
  <meta name='ocr-capabilities' content='ocr_page ocr_carea ocr_par ocr_line ocrx_word'/>
</head>
<body>
  <div class='ocr_page' id='page_1' title='image "./codexdiplomatic15wenzgoog_0306.png"; bbox 0 0 3102 5160; ppageno 0'>
   <div class='ocr_carea' id='block_1_1' title="bbox 577 332 734 434">
    <p class='ocr_par' dir='ltr' id='par_1_1' title="bbox 577 332 734 434">
     <span class='ocr_line' id='line_1_1' title="bbox 577 332 734 434; baseline 0.013 -2"><span class='ocrx_word' id='word_1_1' title='bbox 577 332 734 434; x_wconf 56' lang='lat' dir='ltr'><strong>ee„</strong></span> 
     </span>
    </p>
   </div>
   <div class='ocr_carea' id='block_1_2' title="bbox 101 508 1222 703">
    <p class='ocr_par' dir='ltr' id='par_1_2' title="bbox 101 508 1222 703">
     <span class='ocr_line' id='line_1_2' title="bbox 103 508 1222 596; baseline 0.004 -22"><span class='ocrx_word' id='word_1_2' title='bbox 103 519 143 575; x_wconf 83' lang='lat' dir='ltr'><strong>tus</strong></span> <span class='ocrx_word' id='word_1_3' title='bbox 156 529 209 596; x_wconf 90' lang='lat' dir='ltr'><strong>per</strong></span> <span class='ocrx_word' id='word_1_4' title='bbox 225 511 395 596; x_wconf 87' lang='lat' dir='ltr'><strong>proprium</strong></span> <span class='ocrx_word' id='word_1_5' title='bbox 422 509 571 577; x_wconf 88' lang='lat' dir='ltr'><strong>nuntium</strong></span> <span class='ocrx_word' id='word_1_6' title='bbox 587 508 782 595; x_wconf 82' lang='lat' dir='ltr'><strong>quantocius</strong></span> <span class='ocrx_word' id='word_1_7' title='bbox 807 510 941 579; x_wconf 76' lang='lat' dir='ltr'><strong>studeas</strong></span> <span class='ocrx_word' id='word_1_8' title='bbox 957 510 1131 578; x_wconf 77' lang='lat' dir='ltr'><strong>destinare.</strong></span> <span class='ocrx_word' id='word_1_9' title='bbox 1156 513 1222 579; x_wconf 81' lang='lat' dir='ltr'><strong>Da·</strong></span> 
     </span>
     <span class='ocr_line' id='line_1_3' title="bbox 101 615 1221 703; baseline 0.003 -21"><span class='ocrx_word' id='word_1_10' title='bbox 101 625 155 682; x_wconf 88' lang='lat' dir='ltr'><strong>tun</strong></span> <span class='ocrx_word' id='word_1_11' title='bbox 169 615 322 702; x_wconf 77' lang='lat' dir='ltr'><strong>Lugduni</strong></span> <span class='ocrx_word' id='word_1_12' title='bbox 333 617 407 684; x_wconf 74' lang='lat' dir='ltr'><strong>VII.</strong></span> <span class='ocrx_word' id='word_1_13' title='bbox 423 615 498 684; x_wconf 87' lang='lat' dir='ltr'><strong>idus</strong></span> <span class='ocrx_word' id='word_1_14' title='bbox 512 617 633 703; x_wconf 81' lang='lat' dir='ltr'><strong>Martii,</strong></span> <span class='ocrx_word' id='word_1_15' title='bbox 651 617 864 686; x_wconf 78' lang='lat' dir='ltr'><strong>Pontificatus</strong></span> <span class='ocrx_word' id='word_1_16' title='bbox 880 617 982 686; x_wconf 81' lang='lat' dir='ltr'><strong>nostri</strong></span> <span class='ocrx_word' id='word_1_17' title='bbox 1001 638 1087 686; x_wconf 80' lang='lat' dir='ltr'><strong>anno</strong></span> <span class='ocrx_word' id='word_1_18' title='bbox 1098 617 1221 702; x_wconf 90' lang='lat' dir='ltr'><strong>quinto.</strong></span> 
     </span>
    </p>
   </div>
   <div class='ocr_carea' id='block_1_3' title="bbox 318 813 983 882">
    <p class='ocr_par' dir='ltr' id='par_1_3' title="bbox 318 813 983 882">
     <span class='ocr_line' id='line_1_4' title="bbox 318 813 983 882; baseline -0.002 -15"><span class='ocrx_word' id='word_1_19' title='bbox 318 813 446 878; x_wconf 71' lang='lat' dir='ltr'><strong>(Fecisti,</strong></span> <span class='ocrx_word' id='word_1_20' title='bbox 460 814 603 881; x_wconf 75' lang='lat' dir='ltr'><strong>Illyricum</strong></span> <span class='ocrx_word' id='word_1_21' title='bbox 617 814 733 867; x_wconf 67' lang='lat' dir='ltr'><strong>Sacrum</strong></span> <span class='ocrx_word' id='word_1_22' title='bbox 746 814 793 868; x_wconf 82' lang='lat' dir='ltr'><strong>IV.</strong></span> <span class='ocrx_word' id='word_1_23' title='bbox 807 815 865 868; x_wconf 76' lang='lat' dir='ltr'><strong>ket.</strong></span> <span class='ocrx_word' id='word_1_24' title='bbox 878 815 939 868; x_wconf 65' lang='lat'><strong>272.</strong></span> <span class='ocrx_word' id='word_1_25' title='bbox 953 814 983 882; x_wconf 90' lang='lat' dir='ltr'><strong>l.)</strong></span> 
     </span>
    </p>
   </div>
   <div class='ocr_carea' id='block_1_4' title="bbox 515 1083 776 1093">
    <p class='ocr_par' dir='ltr' id='par_1_4' title="bbox 515 1083 776 1093">
     <span class='ocr_line' id='line_1_5' title="bbox 515 1083 776 1093; baseline 0.004 -1"><span class='ocrx_word' id='word_1_26' title='bbox 515 1083 776 1093; x_wconf 49' lang='lat' dir='ltr'><strong>...n-*m—</strong></span> 
     </span>
    </p>
   </div>
   <div class='ocr_carea' id='block_1_5' title="bbox 97 1741 1214 1935">
    <p class='ocr_par' dir='ltr' id='par_1_5' title="bbox 97 1741 1214 1935">
     <span class='ocr_line' id='line_1_6' title="bbox 97 1741 1214 1829; baseline 0.002 -23"><span class='ocrx_word' id='word_1_27' title='bbox 97 1742 115 1806; x_wconf 83' lang='lat' dir='ltr'><strong><em>J</em></strong></span> <span class='ocrx_word' id='word_1_28' title='bbox 119 1742 146 1806; x_wconf 86' lang='lat' dir='ltr'><strong>V.</strong></span> <span class='ocrx_word' id='word_1_29' title='bbox 162 1742 249 1809; x_wconf 83' lang='lat' dir='ltr'><strong>Iccze</strong></span> <span class='ocrx_word' id='word_1_30' title='bbox 260 1743 351 1829; x_wconf 84' lang='lat' dir='ltr'><strong>pa&#39;pa</strong></span> <span class='ocrx_word' id='word_1_31' title='bbox 368 1741 502 1828; x_wconf 76' lang='lat' dir='ltr'><strong>Ropczo</strong></span> <span class='ocrx_word' id='word_1_32' title='bbox 518 1746 623 1806; x_wconf 78' lang='lat' dir='ltr'><strong>udrost</strong></span> <span class='ocrx_word' id='word_1_33' title='bbox 640 1742 706 1826; x_wconf 75' lang='lat' dir='ltr'><strong>inti,</strong></span> <span class='ocrx_word' id='word_1_34' title='bbox 721 1742 805 1829; x_wconf 71' lang='lat' dir='ltr'><strong>kopp</strong></span> <span class='ocrx_word' id='word_1_35' title='bbox 820 1765 858 1807; x_wconf 83' lang='lat' dir='ltr'><strong>oz</strong></span> <span class='ocrx_word' id='word_1_36' title='bbox 870 1743 1098 1810; x_wconf 77' lang='lat' dir='ltr'><strong>antiuaou&#39;okkul</strong></span> <span class='ocrx_word' id='word_1_37' title='bbox 1113 1743 1214 1810; x_wconf 66' lang='lat' dir='ltr'><strong>ceddre</strong></span> 
     </span>
     <span class='ocr_line' id='line_1_7' title="bbox 527 1847 759 1935; baseline -0.009 -22"><span class='ocrx_word' id='word_1_38' title='bbox 527 1849 635 1935; x_wconf 74' lang='lat' dir='ltr'><strong>ldpjen.</strong></span> <span class='ocrx_word' id='word_1_39' title='bbox 661 1847 759 1913; x_wconf 75' lang='lat'><strong><em>1248.</em></strong></span> 
     </span>
    </p>
   </div>
   <div class='ocr_carea' id='block_1_6' title="bbox 190 2043 1214 2131">
    <p class='ocr_par' dir='ltr' id='par_1_6' title="bbox 190 2043 1214 2131">
     <span class='ocr_line' id='line_1_8' title="bbox 190 2043 1214 2131; baseline 0.002 -19"><span class='ocrx_word' id='word_1_40' title='bbox 190 2045 399 2112; x_wconf 79' lang='lat' dir='ltr'><strong>Innocentius</strong></span> <span class='ocrx_word' id='word_1_41' title='bbox 416 2043 599 2131; x_wconf 76' lang='lat' dir='ltr'><strong>Episcopus</strong></span> <span class='ocrx_word' id='word_1_42' title='bbox 613 2063 726 2111; x_wconf 88' lang='lat' dir='ltr'><strong>seruus</strong></span> <span class='ocrx_word' id='word_1_43' title='bbox 743 2063 909 2111; x_wconf 80' lang='lat' dir='ltr'><strong>seruorum</strong></span> <span class='ocrx_word' id='word_1_44' title='bbox 920 2046 981 2112; x_wconf 90' lang='lat' dir='ltr'><strong>Dei</strong></span> <span class='ocrx_word' id='word_1_45' title='bbox 993 2045 1122 2114; x_wconf 81' lang='lat' dir='ltr'><strong>dilectis</strong></span> <span class='ocrx_word' id='word_1_46' title='bbox 1137 2047 1214 2114; x_wconf 87' lang='lat' dir='ltr'><strong>filiis</strong></span> 
     </span>
    </p>
   </div>
   <div class='ocr_carea' id='block_1_7' title="bbox 97 2149 1215 2238">
    <p class='ocr_par' dir='ltr' id='par_1_7' title="bbox 20 2139 1215 2238">
     <span class='ocr_line' id='line_1_9' title="bbox 97 2149 1215 2238; baseline 0.008 -25.356"><span class='ocrx_word' id='word_1_47' title='bbox 97 2149 201 2217; x_wconf 78' lang='lat' dir='ltr'><strong>Conciti</strong></span> <span class='ocrx_word' id='word_1_48' title='bbox 220 2159 254 2218; x_wconf 88' lang='lat' dir='ltr'><strong>et</strong></span> <span class='ocrx_word' id='word_1_49' title='bbox 279 2151 355 2218; x_wconf 81' lang='lat' dir='ltr'><strong>aliis</strong></span> <span class='ocrx_word' id='word_1_50' title='bbox 378 2151 544 2218; x_wconf 86' lang='lat' dir='ltr'><strong>nobilibus</strong></span> <span class='ocrx_word' id='word_1_51' title='bbox 570 2159 603 2219; x_wconf 91' lang='lat' dir='ltr'><strong>et</strong></span> <span class='ocrx_word' id='word_1_52' title='bbox 627 2152 749 2238; x_wconf 91' lang='lat' dir='ltr'><strong>populo</strong></span> <span class='ocrx_word' id='word_1_53' title='bbox 772 2154 986 2238; x_wconf 80' lang='lat' dir='ltr'><strong>Arugusieusi</strong></span> <span class='ocrx_word' id='word_1_54' title='bbox 1011 2157 1150 2223; x_wconf 81' lang='lat' dir='ltr'><strong>sulutem</strong></span> <span class='ocrx_word' id='word_1_55' title='bbox 1181 2161 1215 2222; x_wconf 89' lang='lat' dir='ltr'><strong>ct</strong></span> 
     </span>
    </p>
   </div>
   <div class='ocr_carea' id='block_1_8' title="bbox 96 2259 1214 2670">
    <p class='ocr_par' dir='ltr' id='par_1_8' title="bbox 96 2259 1214 2670">
     <span class='ocr_line' id='line_1_10' title="bbox 97 2259 1214 2347; baseline 0.005 -23"><span class='ocrx_word' id='word_1_56' title='bbox 97 2259 306 2346; x_wconf 77' lang='lat' dir='ltr'><strong>Apostolicam</strong></span> <span class='ocrx_word' id='word_1_57' title='bbox 329 2259 601 2327; x_wconf 85' lang='lat' dir='ltr'><strong>benedictionem.</strong></span> <span class='ocrx_word' id='word_1_58' title='bbox 626 2261 828 2328; x_wconf 80' lang='lat' dir='ltr'><strong>Procuruntc</strong></span> <span class='ocrx_word' id='word_1_59' title='bbox 843 2262 918 2347; x_wconf 85' lang='lat' dir='ltr'><strong>paci</strong></span> <span class='ocrx_word' id='word_1_60' title='bbox 943 2264 1105 2330; x_wconf 76' lang='lat' dir='ltr'><strong>contrusio</strong></span> <span class='ocrx_word' id='word_1_61' title='bbox 1129 2265 1214 2331; x_wconf 88' lang='lat' dir='ltr'><strong>inter</strong></span> 
     </span>
     <span class='ocr_line' id='line_1_11' title="bbox 96 2367 1213 2454; baseline 0.006 -23"><span class='ocrx_word' id='word_1_62' title='bbox 96 2387 146 2434; x_wconf 78' lang='lat' dir='ltr'><strong>sos</strong></span> <span class='ocrx_word' id='word_1_63' title='bbox 161 2388 200 2433; x_wconf 85' lang='lat' dir='ltr'><strong>ex</strong></span> <span class='ocrx_word' id='word_1_64' title='bbox 215 2375 308 2454; x_wconf 81' lang='lat' dir='ltr'><strong>parte</strong></span> <span class='ocrx_word' id='word_1_65' title='bbox 324 2387 399 2452; x_wconf 81' lang='lat' dir='ltr'><strong>uua,</strong></span> <span class='ocrx_word' id='word_1_66' title='bbox 428 2373 461 2434; x_wconf 91' lang='lat' dir='ltr'><strong>et</strong></span> <span class='ocrx_word' id='word_1_67' title='bbox 476 2367 564 2435; x_wconf 87' lang='lat' dir='ltr'><strong>cives</strong></span> <span class='ocrx_word' id='word_1_68' title='bbox 580 2367 815 2434; x_wconf 74' lang='lat' dir='ltr'><strong>Antisarcuses</strong></span> <span class='ocrx_word' id='word_1_69' title='bbox 832 2389 872 2436; x_wconf 86' lang='lat' dir='ltr'><strong>ex</strong></span> <span class='ocrx_word' id='word_1_70' title='bbox 889 2369 1004 2453; x_wconf 81' lang='lat' dir='ltr'><strong>ultera,</strong></span> <span class='ocrx_word' id='word_1_71' title='bbox 1022 2372 1133 2454; x_wconf 80' lang='lat' dir='ltr'><strong>gravis</strong></span> <span class='ocrx_word' id='word_1_72' title='bbox 1149 2371 1213 2438; x_wconf 93' lang='lat' dir='ltr'><strong>dis·</strong></span> 
     </span>
     <span class='ocr_line' id='line_1_12' title="bbox 97 2473 1211 2564; baseline 0.007 -26"><span class='ocrx_word' id='word_1_73' title='bbox 97 2473 206 2556; x_wconf 75' lang='lat' dir='ltr'><strong>cordis,</strong></span> <span class='ocrx_word' id='word_1_74' title='bbox 222 2475 463 2562; x_wconf 81' lang='lat' dir='ltr'><strong>utaccepimus,</strong></span> <span class='ocrx_word' id='word_1_75' title='bbox 480 2481 531 2542; x_wconf 89' lang='lat' dir='ltr'><strong>est</strong></span> <span class='ocrx_word' id='word_1_76' title='bbox 546 2481 672 2542; x_wconf 84' lang='lat' dir='ltr'><strong>exortu.</strong></span> <span class='ocrx_word' id='word_1_77' title='bbox 690 2473 771 2541; x_wconf 85' lang='lat' dir='ltr'><strong>Oum</strong></span> <span class='ocrx_word' id='word_1_78' title='bbox 787 2475 885 2559; x_wconf 80' lang='lat' dir='ltr'><strong>igitur</strong></span> <span class='ocrx_word' id='word_1_79' title='bbox 901 2481 969 2542; x_wconf 85' lang='lat' dir='ltr'><strong>tum</strong></span> <span class='ocrx_word' id='word_1_80' title='bbox 982 2475 1023 2541; x_wconf 91' lang='lat' dir='ltr'><strong>iis</strong></span> <span class='ocrx_word' id='word_1_81' title='bbox 1033 2476 1088 2561; x_wconf 90' lang='lat' dir='ltr'><strong>qui</strong></span> <span class='ocrx_word' id='word_1_82' title='bbox 1103 2479 1211 2564; x_wconf 82' lang='lat' dir='ltr'><strong>longe,</strong></span> 
     </span>
     <span class='ocr_line' id='line_1_13' title="bbox 97 2583 1212 2670; baseline 0.004 -22"><span class='ocrx_word' id='word_1_83' title='bbox 97 2602 180 2666; x_wconf 81' lang='lat' dir='ltr'><strong>quum</strong></span> <span class='ocrx_word' id='word_1_84' title='bbox 195 2583 236 2650; x_wconf 91' lang='lat' dir='ltr'><strong>iis</strong></span> <span class='ocrx_word' id='word_1_85' title='bbox 252 2584 309 2665; x_wconf 86' lang='lat' dir='ltr'><strong>qui</strong></span> <span class='ocrx_word' id='word_1_86' title='bbox 329 2603 431 2669; x_wconf 90' lang='lat' dir='ltr'><strong>prope</strong></span> <span class='ocrx_word' id='word_1_87' title='bbox 447 2591 533 2670; x_wconf 83' lang='lat' dir='ltr'><strong>sunt,</strong></span> <span class='ocrx_word' id='word_1_88' title='bbox 559 2602 674 2668; x_wconf 81' lang='lat' dir='ltr'><strong>pacem</strong></span> <span class='ocrx_word' id='word_1_89' title='bbox 700 2583 885 2652; x_wconf 88' lang='lat' dir='ltr'><strong>omnimode</strong></span> <span class='ocrx_word' id='word_1_90' title='bbox 910 2583 1108 2669; x_wconf 80' lang='lat' dir='ltr'><strong>affectemus,</strong></span> <span class='ocrx_word' id='word_1_91' title='bbox 1134 2587 1212 2653; x_wconf 91' lang='lat' dir='ltr'><strong>Uni·</strong></span> 
     </span>
    </p>
   </div>
   <div class='ocr_carea' id='block_1_9' title="bbox 20 2690 1212 2993">
    <p class='ocr_par' dir='ltr' id='par_1_9' title="bbox 20 2690 1212 2993">
     <span class='ocr_line' id='line_1_14' title="bbox 20 2690 1212 2796; baseline 0.007 -42"><span class='ocrx_word' id='word_1_92' title='bbox 20 2723 21 2796; x_wconf 21' lang='grc' dir='ltr'>ᾗ</span> <span class='ocrx_word' id='word_1_93' title='bbox 96 2690 272 2757; x_wconf 85' lang='lat' dir='ltr'><strong>uersitatcm</strong></span> <span class='ocrx_word' id='word_1_94' title='bbox 297 2697 440 2758; x_wconf 82' lang='lat' dir='ltr'><strong>vestram</strong></span> <span class='ocrx_word' id='word_1_95' title='bbox 466 2691 647 2777; x_wconf 81' lang='lat' dir='ltr'><strong>rogandam</strong></span> <span class='ocrx_word' id='word_1_96' title='bbox 663 2690 698 2757; x_wconf 92' lang='lat' dir='ltr'><strong>in</strong></span> <span class='ocrx_word' id='word_1_97' title='bbox 713 2692 854 2760; x_wconf 91' lang='lat' dir='ltr'><strong>Domino</strong></span> <span class='ocrx_word' id='word_1_98' title='bbox 882 2690 1032 2760; x_wconf 84' lang='lat' dir='ltr'><strong>duximus</strong></span> <span class='ocrx_word' id='word_1_99' title='bbox 1056 2695 1212 2762; x_wconf 80' lang='lat' dir='ltr'><strong>attentius</strong></span> 
     </span>
     <span class='ocr_line' id='line_1_15' title="bbox 96 2797 1210 2886; baseline 0.007 -23.489"><span class='ocrx_word' id='word_1_100' title='bbox 96 2810 122 2863; x_wconf 85' lang='lat' dir='ltr'><strong>et</strong></span> <span class='ocrx_word' id='word_1_101' title='bbox 137 2797 336 2882; x_wconf 83' lang='lat' dir='ltr'><strong>monendam,</strong></span> <span class='ocrx_word' id='word_1_102' title='bbox 353 2818 412 2884; x_wconf 87' lang='lat' dir='ltr'><strong>per</strong></span> <span class='ocrx_word' id='word_1_103' title='bbox 427 2799 619 2884; x_wconf 82' lang='lat' dir='ltr'><strong>Apostolicc</strong></span> <span class='ocrx_word' id='word_1_104' title='bbox 643 2799 737 2866; x_wconf 89' lang='lat' dir='ltr'><strong>vobis</strong></span> <span class='ocrx_word' id='word_1_105' title='bbox 761 2799 884 2886; x_wconf 86' lang='lat' dir='ltr'><strong>scriptu</strong></span> <span class='ocrx_word' id='word_1_106' title='bbox 900 2799 1105 2886; x_wconf 83' lang='lat' dir='ltr'><strong>mundantes,</strong></span> <span class='ocrx_word' id='word_1_107' title='bbox 1132 2822 1210 2886; x_wconf 83' lang='lat' dir='ltr'><strong>qus·</strong></span> 
     </span>
     <span class='ocr_line' id='line_1_16' title="bbox 20 2903 1209 2993; baseline 0.007 -24"><span class='ocrx_word' id='word_1_108' title='bbox 20 2903 21 2944; x_wconf 57' lang='lat' dir='ltr'><strong>i</strong></span> <span class='ocrx_word' id='word_1_109' title='bbox 96 2915 176 2974; x_wconf 85' lang='lat' dir='ltr'><strong>tenus</strong></span> <span class='ocrx_word' id='word_1_110' title='bbox 191 2929 252 2993; x_wconf 87' lang='lat' dir='ltr'><strong>pro</strong></span> <span class='ocrx_word' id='word_1_111' title='bbox 267 2912 381 2974; x_wconf 80' lang='lat' dir='ltr'><strong>nostru</strong></span> <span class='ocrx_word' id='word_1_112' title='bbox 406 2913 439 2972; x_wconf 90' lang='lat' dir='ltr'><strong>et</strong></span> <span class='ocrx_word' id='word_1_113' title='bbox 453 2905 664 2993; x_wconf 84' lang='lat' dir='ltr'><strong>Apostolicac</strong></span> <span class='ocrx_word' id='word_1_114' title='bbox 681 2905 776 2974; x_wconf 90' lang='lat' dir='ltr'><strong>Sedis</strong></span> <span class='ocrx_word' id='word_1_115' title='bbox 791 2907 973 2973; x_wconf 80' lang='lat' dir='ltr'><strong>reverentia</strong></span> <span class='ocrx_word' id='word_1_116' title='bbox 993 2928 1014 2975; x_wconf 80' lang='lat' dir='ltr'><strong>a</strong></span> <span class='ocrx_word' id='word_1_117' title='bbox 1030 2909 1209 2993; x_wconf 81' lang='lat' dir='ltr'><strong>praedicto·</strong></span> 
     </span>
    </p>
   </div>
   <div class='ocr_carea' id='block_1_10' title="bbox 95 3013 1212 3102">
    <p class='ocr_par' dir='ltr' id='par_1_10' title="bbox 95 3013 1212 3102">
     <span class='ocr_line' id='line_1_17' title="bbox 95 3013 1212 3102; baseline 0.005 -25"><span class='ocrx_word' id='word_1_118' title='bbox 95 3033 155 3080; x_wconf 87' lang='lat' dir='ltr'><strong>run</strong></span> <span class='ocrx_word' id='word_1_119' title='bbox 170 3015 289 3082; x_wconf 82' lang='lat' dir='ltr'><strong>civium</strong></span> <span class='ocrx_word' id='word_1_120' title='bbox 305 3013 458 3082; x_wconf 83' lang='lat' dir='ltr'><strong>molestia</strong></span> <span class='ocrx_word' id='word_1_121' title='bbox 474 3021 506 3081; x_wconf 89' lang='lat' dir='ltr'><strong>et</strong></span> <span class='ocrx_word' id='word_1_122' title='bbox 526 3014 647 3082; x_wconf 84' lang='lat' dir='ltr'><strong>iniuria</strong></span> <span class='ocrx_word' id='word_1_123' title='bbox 662 3013 869 3099; x_wconf 87' lang='lat' dir='ltr'><strong>desistentes,</strong></span> <span class='ocrx_word' id='word_1_124' title='bbox 895 3033 1011 3102; x_wconf 77' lang='lat' dir='ltr'><strong>pacem</strong></span> <span class='ocrx_word' id='word_1_125' title='bbox 1027 3035 1099 3082; x_wconf 87' lang='lat' dir='ltr'><strong>cum</strong></span> <span class='ocrx_word' id='word_1_126' title='bbox 1115 3016 1164 3084; x_wconf 89' lang='lat' dir='ltr'><strong>cis</strong></span> <span class='ocrx_word' id='word_1_127' title='bbox 1180 3024 1212 3083; x_wconf 89' lang='lat' dir='ltr'><strong>et</strong></span> 
     </span>
    </p>
   </div>
   <div class='ocr_carea' id='block_1_11' title="bbox 20 3119 1211 3207">
    <p class='ocr_par' dir='ltr' id='par_1_11' title="bbox 20 3119 1211 3207">
     <span class='ocr_line' id='line_1_18' title="bbox 20 3119 1211 3207; baseline 0.007 -25"><span class='ocrx_word' id='word_1_128' title='bbox 20 3123 21 3172; x_wconf 77' lang='lat' dir='ltr'><strong>t</strong></span> <span class='ocrx_word' id='word_1_129' title='bbox 94 3139 192 3188; x_wconf 79' lang='lat' dir='ltr'><strong>verum</strong></span> <span class='ocrx_word' id='word_1_130' title='bbox 208 3119 415 3189; x_wconf 81' lang='lat' dir='ltr'><strong>concordium</strong></span> <span class='ocrx_word' id='word_1_131' title='bbox 431 3121 591 3207; x_wconf 83' lang='lat' dir='ltr'><strong>habeatis,</strong></span> <span class='ocrx_word' id='word_1_132' title='bbox 616 3127 651 3187; x_wconf 91' lang='lat' dir='ltr'><strong>ut</strong></span> <span class='ocrx_word' id='word_1_133' title='bbox 667 3141 765 3187; x_wconf 89' lang='lat' dir='ltr'><strong>unum</strong></span> <span class='ocrx_word' id='word_1_134' title='bbox 782 3121 939 3190; x_wconf 84' lang='lat' dir='ltr'><strong>intervos</strong></span> <span class='ocrx_word' id='word_1_135' title='bbox 956 3122 996 3188; x_wconf 91' lang='lat' dir='ltr'><strong>de</strong></span> <span class='ocrx_word' id='word_1_136' title='bbox 1012 3129 1120 3192; x_wconf 88' lang='lat' dir='ltr'><strong>cetero</strong></span> <span class='ocrx_word' id='word_1_137' title='bbox 1136 3125 1211 3190; x_wconf 83' lang='lat' dir='ltr'><strong>cha·</strong></span> 
     </span>
    </p>
   </div>
   <div class='ocr_carea' id='block_1_12' title="bbox 94 3226 1211 3424">
    <p class='ocr_par' dir='ltr' id='par_1_12' title="bbox 94 3226 1211 3424">
     <span class='ocr_line' id='line_1_19' title="bbox 95 3226 1210 3314; baseline 0.004 -21"><span class='ocrx_word' id='word_1_138' title='bbox 95 3227 188 3295; x_wconf 75' lang='lat' dir='ltr'><strong>sitatis</strong></span> <span class='ocrx_word' id='word_1_139' title='bbox 203 3228 247 3295; x_wconf 90' lang='lat' dir='ltr'><strong>sit</strong></span> <span class='ocrx_word' id='word_1_140' title='bbox 261 3228 435 3314; x_wconf 87' lang='lat' dir='ltr'><strong>vinculum,</strong></span> <span class='ocrx_word' id='word_1_141' title='bbox 452 3249 533 3314; x_wconf 86' lang='lat' dir='ltr'><strong>quos</strong></span> <span class='ocrx_word' id='word_1_142' title='bbox 559 3229 704 3296; x_wconf 86' lang='lat' dir='ltr'><strong>seiunxit</strong></span> <span class='ocrx_word' id='word_1_143' title='bbox 726 3229 882 3296; x_wconf 80' lang='lat' dir='ltr'><strong>hactenus</strong></span> <span class='ocrx_word' id='word_1_144' title='bbox 908 3226 1091 3296; x_wconf 82' lang='lat' dir='ltr'><strong>discordiae</strong></span> <span class='ocrx_word' id='word_1_145' title='bbox 1117 3233 1210 3298; x_wconf 83' lang='lat' dir='ltr'><strong>semi-</strong></span> 
     </span>
     <span class='ocr_line' id='line_1_20' title="bbox 94 3337 1211 3424; baseline 0.007 -25"><span class='ocrx_word' id='word_1_146' title='bbox 94 3345 186 3404; x_wconf 80' lang='lat' dir='ltr'><strong>nator.</strong></span> <span class='ocrx_word' id='word_1_147' title='bbox 203 3339 326 3405; x_wconf 83' lang='lat' dir='ltr'><strong>Datum</strong></span> <span class='ocrx_word' id='word_1_148' title='bbox 341 3337 494 3423; x_wconf 80' lang='lat' dir='ltr'><strong>Lugduni</strong></span> <span class='ocrx_word' id='word_1_149' title='bbox 514 3339 554 3407; x_wconf 91' lang='lat' dir='ltr'><strong>V.</strong></span> <span class='ocrx_word' id='word_1_150' title='bbox 572 3338 735 3404; x_wconf 82' lang='lat' dir='ltr'><strong>kalendas</strong></span> <span class='ocrx_word' id='word_1_151' title='bbox 760 3338 973 3424; x_wconf 84' lang='lat' dir='ltr'><strong>Septembris,</strong></span> <span class='ocrx_word' id='word_1_152' title='bbox 999 3338 1211 3407; x_wconf 81' lang='lat' dir='ltr'><strong>Pontificatus</strong></span> 
     </span>
    </p>
   </div>
   <div class='ocr_carea' id='block_1_13' title="bbox 20 3445 402 3514">
    <p class='ocr_par' dir='ltr' id='par_1_13' title="bbox 20 3445 402 3514">
     <span class='ocr_line' id='line_1_21' title="bbox 20 3445 402 3514; baseline 0.018 -8"><span class='ocrx_word' id='word_1_153' title='bbox 20 3461 21 3506; x_wconf 79' lang='lat'>1</span> <span class='ocrx_word' id='word_1_154' title='bbox 92 3445 182 3512; x_wconf 86' lang='lat' dir='ltr'><strong>nostri</strong></span> <span class='ocrx_word' id='word_1_155' title='bbox 196 3467 282 3514; x_wconf 81' lang='lat' dir='ltr'><strong>euno</strong></span> <span class='ocrx_word' id='word_1_156' title='bbox 298 3455 402 3513; x_wconf 81' lang='lat' dir='ltr'><strong>sexto.</strong></span> 
     </span>
    </p>
   </div>
   <div class='ocr_carea' id='block_1_14' title="bbox 315 3642 976 3711">
    <p class='ocr_par' dir='ltr' id='par_1_14' title="bbox 315 3642 976 3711">
     <span class='ocr_line' id='line_1_22' title="bbox 315 3642 976 3711; baseline -0.003 -15"><span class='ocrx_word' id='word_1_157' title='bbox 315 3643 439 3709; x_wconf 79' lang='lat' dir='ltr'><strong>(Furluti,</strong></span> <span class='ocrx_word' id='word_1_158' title='bbox 459 3643 598 3711; x_wconf 79' lang='lat' dir='ltr'><strong>Illyricum</strong></span> <span class='ocrx_word' id='word_1_159' title='bbox 612 3642 723 3694; x_wconf 74' lang='lat' dir='ltr'><strong>Sacrum</strong></span> <span class='ocrx_word' id='word_1_160' title='bbox 737 3642 783 3694; x_wconf 89' lang='lat' dir='ltr'><strong>v1.</strong></span> <span class='ocrx_word' id='word_1_161' title='bbox 797 3644 855 3696; x_wconf 80' lang='lat' dir='ltr'><strong>ket.</strong></span> <span class='ocrx_word' id='word_1_162' title='bbox 870 3646 932 3696; x_wconf 83' lang='lat'>101.</span> <span class='ocrx_word' id='word_1_163' title='bbox 947 3642 976 3709; x_wconf 89' lang='grc'><strong>1.)</strong></span> 
     </span>
    </p>
   </div>
   <div class='ocr_carea' id='block_1_15' title="bbox 0 0 1556 5160">
    <p class='ocr_par' dir='ltr' id='par_1_15' title="bbox 0 0 1556 5160">
     <span class='ocr_line' id='line_1_23' title="bbox 0 0 1556 5160; baseline 0 3"><span class='ocrx_word' id='word_1_164' title='bbox 0 0 1556 5160; x_wconf 95' lang='lat' dir='ltr'><strong> </strong></span> 
     </span>
    </p>
   </div>
  </div>
 </body>
</html>
