3078 5146
896 305 961 368 252

364 507 464 575 simus
479 529 539 594 Ρθῐ
561 507 691 578 ¹10⁸t¹⁸⁵
706 508 860 587 patentes
876 518 1003 586 litteras
1019 514 1268 594 oonfirmantes5
1286 506 1426 594 qnidam
1443 511 1492 576 Ja-

364 615 492 702 dertini,
509 619 627 702 quibus
637 621 748 690 diotae
764 625 990 709 possessiones
1000 623 1077 690 olim
1090 620 1298 707 spumabant,
1314 617 1494 704 impedimt

364 730 432 792 toto
447 747 554 813 posse,
571 735 721 815 petentes
739 739 814 798 tune
830 733 893 800 sibi
910 731 1036 800 restitui
1053 735 1262 797 memoratas.
1282 726 1406 792 Verum
1423 725 1493 809 quia

365 832 482 900 nobilis
507 836 558 902 vir
581 839 729 907 Joannes
754 841 958 909 Badovarins
983 840 1091 907 tidelis
1116 843 1228 904 nostor
1254 835 1417 917 dilectus,
1443 832 1492 918 qni

365 941 534 1010 nobiseum
542 945 687 1028 Rayneri
703 945 796 1014 Gouo
806 947 955 1016 interfuit
970 949 1004 1014 in
1020 951 1160 1015 traotntu
1177 939 1490 1012 oonoordiaeJader·

365 1049 516 1137 tinorum,
534 1061 568 1120 et
583 1055 718 1124 Gabriel
728 1055 954 1126 Ganoellarius
970 1057 1090 1124 Curiae
1105 1060 1248 1138 nostrae,
1265 1053 1322 1136 qui
1338 1069 1491 1138 praesens

367 1158 438 1244 fuit,
465 1161 660 1248 interrogati
676 1185 698 1231 o
713 1167 808 1232 nobis
824 1163 938 1234 dieunt
954 1151 986 1233 et
1001 1169 1162 1247 asserunt,
1189 1159 1277 1245 qnod
1292 1161 1329 1226 in
1352 1165 1491 1226 trnotutu

368 1267 563 1336 oouoordiae
576 1272 761 1342 antodiotae
777 1275 898 1342 mentio
915 1274 1004 1341 faeta
1022 1275 1083 1340 fuit
1098 1273 1141 1338 do
1156 1267 1425 1358 possessionibus
1442 1287 1490 1331 uo·

368 1376 510 1464 minatis,
536 1385 572 1444 ut
587 1379 679 1465 ipsas
694 1383 817 1450 babere
832 1387 865 1448 ot
878 1389 989 1450 tenero
1007 1381 1196 1449 debuissent
1214 1379 1348 1444 iratres
1365 1372 1489 1440 Praedi-

367 1491 506 1573 catores,
533 1488 710 1557 seeundum
734 1494 963 1559 oonoessiones
991 1491 1098 1558 taetus
1115 1511 1136 1556 a
1151 1487 1246 1555 uobis
1272 1493 1305 1552 et
1331 1481 1489 1551 acomite

368 1601 555 1680 memorato,
581 1605 614 1664 at
629 1599 716 1682 quod
731 1619 831 1687 super
846 1602 908 1668 boo
923 1617 1114 1688 responsum
1130 1598 1191 1665 fnit
1206 1617 1228 1662 a
1243 1595 1405 1678 Magistro
1421 1591 1489 1656 lba-

368 1705 453 1768 trum
469 1703 639 1790 Minorum,
667 1707 724 1792 qui
740 1715 810 1774 orat
825 1714 983 1776 tractator
1010 1727 1070 1794 pro
1094 1705 1224 1774 nunoiis
1243 1701 1488 1780 tudertinorum,

370 1811 457 1896 quod
473 1831 533 1897 pro
549 1815 632 1900 ipsis
642 1816 908 1902 possessionibus
918 1816 1082 1882 restitutio
1097 1816 1190 1882 fieret
1199 1811 1362 1900 personis,
1379 1808 1489 1894 quibus

369 1920 561 2005 speotobant
570 1923 840 1992 aquiversitate
848 1923 1093 1994 Jadertiuorum
1105 1947 1113 1989 ε
1123 1922 1332 2010 prudentiam
1341 1925 1487 1996 vestmm,

369 2027 514 2110 Raynori
531 2029 633 2115 (tono,
650 2033 843 2116 requirimus
869 2032 1024 2099 attentius
1051 2037 1084 2098 et
1098 2049 1263 2115 rogamus,
1288 2033 1447 2114 quatenus
1464 2023 1489 2088 si

369 2133 539 2221 praedicta
563 2141 687 2206 suntin
704 2141 994 2227 momoriavestra,
1022 2143 1116 2210 nobis
1139 2139 1259 2208 vestris
1281 2135 1399 2206 litteris
1422 2135 1487 2216 boo,

370 2266 467 2332 qnam
493 2247 558 2317 oito
582 2251 744 2338 poteritis,
772 2251 983 2338 significetis3
1014 2253 1123 2336 etiam,
1149 2252 1178 2319 si
1202 2251 1298 2320 vobis
1322 2247 1487 2324 ridebitur,

368 2357 456 2426 viros
480 2359 609 2428 nobiles
624 2363 750 2449 Papum
779 2362 821 2430 de
836 2365 1002 2446 Potrogna
1028 2369 1060 2429 et
1076 2361 1296 2446 Grisogonum
1321 2356 1363 2424 de
1381 2357 1487 2422 Mauro

370 2467 505 2536 nunoios
522 2467 762 2538 Jadertinorum
787 2471 988 2555 interrogare
1013 2476 1046 2536 et
1065 2469 1228 2553 inquirere
1252 2464 1420 2548 debeatis3
1436 2461 1486 2528 soi-

370 2581 463 2642 entes
480 2575 600 2644 dietum
610 2577 803 2664 Magistrum
813 2580 963 2644 Fratrum
972 2577 1134 2645 Minorum
1150 2577 1279 2660 abasse,
1295 2573 1381 2640 unde
1391 2573 1487 2657 ipsum

372 2681 538 2768 superbis
555 2683 759 2768 interrogare
775 2683 908 2750 minime
923 2683 1098 2770 potuimus.
1124 2685 1247 2750 Datum
1261 2681 1297 2747 in
1312 2685 1422 2748 nostro
1440 2675 1488 2740 dn·

371 2789 436 2854 oali
451 2789 576 2873 palatio
594 2789 647 2857 die
665 2795 695 2858 7.
711 2791 856 2858 intrante
871 2791 1065 2859 Novembris
1081 2789 1264 2859 Iudietiouo
1280 2790 1313 2856 6.

631 2986 756 3053 (Parlati,
769 2989 908 3075 Illyricum
921 2987 1032 3042 Sacrum
1044 2990 1076 3044 V.
1089 2990 1145 3042 tot.
1160 2988 1203 3043 76.
1215 2985 1247 3057 1.)

801 3305 1065 3318 μ·-

904 3813 979 3884 lto.

372 3997 496 4062 Doodot
508 3996 821 4082 catturou'piiopokorlo
837 4019 876 4060 aa
891 3997 989 4060 otoni
999 3993 1302 4080 oppitutemplomnat·
1318 4017 1359 4059 se.
1375 3991 1490 4080 Gpcirpp

430 4105 602 4170 utentum
618 4101 955 4186 torte'otfelezentele'adt
970 4103 1123 4188 tctrpyoro
1139 4101 1326 4186 odomriupo.
1343 4097 1437 4166 1247.

478 4301 572 4366 Anno
598 4297 789 4366 salutiferae
805 4297 1045 4367 Iuoarnationis
1062 4297 1195 4364 Domini
1211 4296 1258 4362 bi⁰
1268 4295 1335 4364 00⁰
1345 4293 1487 4362 XL⁰V1t

371 4406 494 4472 mensis
511 4405 709 4493 Septembris
734 4405 787 4472 die
812 4405 986 4472 undecima
1012 4411 1141 4472 astante
1166 4403 1347 4472 Indietione
1363 4405 1401 4473 V.
1428 4403 1488 4484 Ego

372 4511 540 4578 Deodutus
565 4513 748 4600 Episeopus
764 4513 936 4580 Eoolesiae
957 4511 1069 4579 Senoti
1085 4511 1272 4600 Tryphonis
1298 4511 1340 4578 de
1356 4511 1486 4578 Gatharo

373 4619 416 4687 ad
432 4620 620 4704 petitionem
639 4622 779 4708 Capituli
795 4622 964 4690 boelosiue
981 4622 1137 4708 eiusdem,
1161 4619 1400 4690 oommunitntis
1415 4621 1487 4687 eius·
