3112 5148
830 945 908 1017 122.

303 1144 436 1226 Quirino
452 1145 693 1232 Ltadrtjridroi
714 1145 794 1234 prof
804 1169 843 1212 oz
857 1145 957 1212 ottoni
978 1143 1271 1210 doraoalrorroadiek
1286 1146 1436 1213 ειάπιάνα

547 1252 693 1321 lattomr
707 1259 739 1321 e'o
754 1254 931 1342 templomot
937 1253 1015 1338 jelril
1028 1251 1069 1318 ki.
1086 1251 1183 1318 1244.

408 1469 579 1540 Universis
595 1469 715 1538 Christi
729 1468 881 1538 fidelibus
904 1476 1096 1558 praesentes
1119 1467 1245 1539 litteras
1269 1469 1436 1557 inspeotu·

300 1579 346 1649 ris
360 1577 552 1650 Leonardns
569 1578 724 1660 Quirinus
737 1578 854 1648 Goulos
875 1578 998 1650 Jarlrae
1017 1599 1091 1646 oum
1103 1577 1308 1648 consiliariis
1318 1579 1434 1648 Maron

299 1688 490 1775 Bragadiuo
518 1697 551 1757 et
575 1689 728 1778 Philippo
744 1690 875 1758 Donato
891 1689 1030 1757 salutem
1045 1690 1080 1756 in
1096 1689 1238 1758 omnium
1254 1689 1434 1755 salvatore.

299 1795 513 1864 Universitati
528 1803 658 1865 restrae
674 1797 903 1884 praesentibus
913 1797 1109 1884 innoteseat,
1129 1797 1217 1882 quod
1232 1815 1304 1864 oum
1317 1815 1376 1864 nos
1386 1815 1433 1862 ex

299 1912 394 1992 parte
418 1904 541 1974 domini
556 1906 657 1973 Duois
673 1907 869 1974 Venetorum
894 1905 1131 1995 reoepissemus
1146 1905 1180 1971 in
1195 1905 1367 1990 mandatis,
1392 1911 1434 1972 ut

300 2009 456 2080 fratribus
471 2011 752 2099 praedicatoribus
780 2015 814 2082 iu
839 2013 956 2082 Jadria
977 2012 1261 2098 commorantibus,
1285 2011 1431 2080 nondum

299 2127 408 2187 tamon
424 2121 531 2190 looum
547 2121 611 2191 sibi
632 2121 824 2208 deputatum
843 2121 1047 2208 habentibus,
1073 2121 1160 2188 infra
1183 2139 1291 2188 muros
1306 2119 1341 2186 iu
1353 2120 1432 2188 loon

302 2225 677 2314 oompetentiproridere
693 2229 869 2314 debemus;
887 2249 958 2294 oum
978 2227 1125 2312 oonsilio,
1143 2233 1177 2293 et
1185 2247 1322 2295 assensu
1331 2225 1434 2294 totius

302 2333 548 2404 communitatis
563 2334 747 2420 Jadrensis,
774 2336 906 2404 domum
922 2335 1053 2402 llartiui
1069 2335 1110 2402 de
1126 2335 1237 2403 Grube
1252 2353 1325 2402 oum
1340 2339 1434 2401 curte

299 2462 369 2530 sna,
394 2449 428 2512 et
452 2443 582 2513 domum
607 2443 696 2511 Petri
722 2443 900 2512 Calohinae
925 2442 1078 2512 similiter
1102 2463 1175 2510 eum
1200 2441 1291 2510 ouria
1310 2461 1379 2526 sua,
1396 2449 1435 2509 et

297 2553 439 2622 looulum
464 2551 639 2640 blalfredii‚
665 2553 843 2640 praedietis
873 2552 1030 2622 iratribus
1056 2552 1250 2620 contulimus
1273 2556 1434 2638 perpetuo

297 2659 515 2747 possidenda3
541 2661 770 2729 salvatamen
798 2660 921 2728 domiui
947 2661 1050 2729 Duois
1068 2660 1237 2730 voluntate
1252 2665 1433 2727 reservata.

299 2767 392 2847 Quae
408 2767 534 2854 domus,
551 2789 621 2836 oum
638 2767 805 2854 praediolo
818 2769 984 2838 blallredii
1001 2769 1128 2854 lonella,
1146 2776 1178 2836 et
1193 2767 1301 2852 ouriis,
1317 2767 1349 2833 in
1362 2771 1434 2838 toto

299 2880 332 2943 et
355 2895 481 2944 summa
505 2877 771 2963 comprehensae,
796 2878 1009 2946 duoeutorum
1036 2884 1070 2944 et
1093 2875 1332 2964 quinquaginta
1356 2894 1434 2962 pas-

300 3003 395 3052 suum
410 3003 577 3052 numerum
592 2986 626 3051 in
643 2984 777 3052 oirouitu
802 3007 867 3054 nou
884 2984 1067 3070 exoedunt;
1094 2992 1127 3052 et
1141 2984 1355 3052 terminantur
1369 2981 1435 3051 boo

300 3091 416 3159 morlo:
432 3093 482 3159 Ex
498 3090 625 3161 duabus
641 3091 771 3180 quidem
788 3093 937 3180 partibus
953 3094 1009 3161 via
1019 3092 1164 3181 pnblioa,
1181 3091 1432 3159 atertiaautem

298 3207 394 3287 parte
418 3201 558 3269 eoelesia
579 3203 691 3270 Sanoti
716 3203 881 3291 Thomae‚
907 3223 929 3269 a
955 3210 1072 3289 quarta
1097 3221 1175 3270 vero
1198 3205 1293 3287 parte
1317 3205 1434 3265 tenuta
1495 3271 1500 3280 ,

297 3306 471 3392 Grisogoni
502 3309 561 3375 filii
589 3309 721 3377 Dimino
751 3310 928 3379 Senaaderi
958 3311 1154 3378 ambiuntur.
1194 3305 1433 3376 Testimonium

297 3421 469 3504 praeterea
493 3415 712 3506 perhibemus,
739 3417 827 3504 quod
843 3417 1032 3507 Capitulum
1059 3417 1228 3486 Eoolesiae
1255 3412 1432 3483 Jadreusis

298 3524 418 3591 bonam
433 3523 633 3593 voluntatem
657 3525 857 3594 venerabilis
876 3527 980 3615 patris
1004 3527 1111 3593 bonae
1126 3523 1305 3592 memoriae
1319 3520 1430 3590 Domi-

297 3629 363 3698 nioi
378 3633 497 3700 Franoi
513 3631 677 3715 quondam
687 3633 943 3723 Arobiepisoopi‚
960 3655 1058 3720 quam
1078 3633 1250 3701 asserebat
1260 3629 1430 3699 rehabere

297 3739 363 3806 iam
379 3738 473 3809 diotis
490 3739 646 3808 iratribus
662 3740 703 3809 de
720 3742 867 3810 Eoolesia
883 3741 1090 3829 eonferenda,
1117 3761 1155 3809 eo
1172 3737 1215 3806 do
1231 3735 1337 3806 medio
1353 3735 1430 3804 sub-

157 3888 166 3903 ·
297 3850 375 3936 lato,
393 3868 455 3916 neo
469 3849 600 3918 valente
616 3849 778 3938 oomplere
794 3851 880 3938 qood
901 3849 1001 3919 voluit
1015 3851 1050 3917 in
1065 3847 1241 3918 collatione
1259 3844 1431 3913 lloolesiae

296 3955 407 4025 Sanoti
430 3955 576 4024 Thomas
600 3957 768 4045 Apostoli,
796 3957 982 4028 omnimoda
1003 3958 1092 4025 bona
1117 3955 1283 4024 voluntate
1310 3951 1428 4040 perdu-

297 4083 370 4133 oore
394 4063 523 4133 ourarit
546 4063 591 4132 ad
606 4063 767 4152 ellectum,
790 4086 849 4156 per
873 4065 1046 4135 Nioolaum
1065 4064 1300 4150 Presbyterum
1322 4061 1429 4128 Oano-

295 4169 403 4240 uioum
419 4191 513 4241 suum
529 4171 661 4241 eosdem
680 4172 897 4262 investiendo,
923 4179 956 4240 et
970 4175 1005 4241 in
1019 4170 1260 4261 possessionem
1278 4187 1428 4254 corpora-

295 4279 360 4346 lem
375 4277 522 4349 eiusdem
538 4280 705 4350 lloolosiao
720 4280 922 4369 inducend03
942 4281 1088 4349 Plebano
1098 4277 1245 4348 eiusdem
1256 4274 1428 4342 Eoolosiao

297 4433 365 4454 ....
381 4385 565 4456 voluntarie
579 4387 686 4458 eidem
700 4389 871 4458 Euolesiae
895 4387 1078 4476 resignantl
1103 4383 1356 4457 commutatione
1372 4403 1428 4451 ex-

297 4493 404 4564 hibita
419 4497 623 4582 oompetenti.
647 4501 685 4566 In
700 4499 792 4568 ouius
807 4507 940 4570 nostrae
955 4497 1140 4569 donationis
1156 4495 1376 4564 testimonium
1392 4499 1428 4560 et

298 4605 396 4674 robur
412 4604 584 4695 firmitatis,
600 4615 807 4694 praesentem
822 4609 980 4697 paginam
996 4607 1173 4698 praedietis
1188 4603 1428 4674 batribusoou-
