3148 5156
795 277 954 384 „esp—

307 475 456 546 Giritetis
480 478 635 564 Ragusii‚
663 484 696 546 et
722 479 861 548 maxime
885 479 946 565 illi,
972 477 1090 564 quibus
1115 498 1167 546 res
1196 478 1286 546 dicte
1312 475 1446 544 inerunt

307 593 441 673 accepte
466 610 487 656 a
511 571 667 674 predictis
692 587 818 655 civibus
838 585 1059 654 ·Anconitanis
1084 587 1257 656 occasione
1282 586 1444 654 dictarum

308 693 569 779 represoliarn'm,
587 693 673 761 hanc
689 693 956 782 compositionem
973 699 1006 762 et
1022 693 1132 763 omnia
1146 691 1337 780 supradicta
1348 695 1445 760 firma

309 811 341 870 et
357 811 432 870 rata
448 802 621 872 habebunt.
638 802 793 890 Alioquin
804 805 866 872 stb.
877 801 1081 892 ¹(biatcsittsi
1097 801 1312 892 rsrsdekck.)
1324 803 1442 894 Actum

309 911 370 980 stb.
388 909 521 1000 (tennis)
537 932 623 979 anno
634 911 873 980 Incarnetionis
884 911 1017 980 Domini
1027 909 1200 980 millesimo
1219 911 1445 980 ducentesimo

311 1019 580 1107 quinquagesimo
607 1028 717 1108 sexto,
741 1021 863 1090 mensis
887 1022 999 1088 Martii
1026 1021 1122 1090 tertio
1148 1025 1281 1090 estante
1306 1019 1444 1104 Ragueii

309 1127 461 1198 ordinata
477 1130 576 1198 Curia
592 1131 700 1200 sonitu
719 1149 897 1218 campane..

414 1239 483 1307 Nos
498 1239 647 1306 Andreas
663 1240 705 1307 de
720 1240 808 1308 Auro
834 1239 948 1306 Comes
972 1237 1110 1324 Ragnait
1133 1258 1209 1306 cum
1224 1237 1443 1321 consiliariis,

310 1351 342 1436 et
357 1333 427 1414 Nos
443 1345 619 1415 Oommune
635 1348 781 1432 Ragusii,
800 1353 832 1414 et
848 1367 922 1415 cnm
938 1345 1128 1414 laudatione
1144 1347 1245 1415 totius
1256 1345 1372 1432 populi
1382 1347 1443 1414 Ra·

310 1453 397 1536 gnsii
414 1454 476 1521 stb.
494 1460 526 1532 (a
544 1453 678 1540 regnzai
693 1453 751 1522 ket
767 1453 1119 1540 meghatalmezcttnak
1143 1455 1291 1540 mesonc
1309 1450 1440 1542 levele.)

309 1667 344 1734 (A
354 1667 469 1744 jegyndi
480 1668 654 1738 okmdnybol,
667 1671 794 1738 meiynek
808 1674 930 1728 credetie
945 1688 962 1724 a
983 1671 1058 1724 bdeni
1081 1687 1117 1722 ec.
1142 1672 1226 1724 titkoe
1248 1667 1444 1740 leveltdrbsu.)

743 1947 864 1970 '.-...-..
883 1961 1011 1972 ..ῃ-..-

308 2585 441 2652 Aaeooc
457 2587 550 2650 cciros
564 2587 873 2674 meqieatalmoaottot
896 2589 1005 2656 readel
1030 2615 1051 2655 a
1079 2589 1273 2676 Roprrzdnal
1298 2591 1442 2660 idieodd

670 2697 849 2784 epyezlcedds
864 2701 969 2786 cepere.
988 2703 1085 2767 1256.

416 2887 559 2974 (Marcus
569 2890 762 2982 Florentiae,
773 2895 934 2980 Syndicus
945 2906 977 2966 et
986 2907 1077 2966 actor·
1087 2899 1273 2966 Communis
1282 2899 1444 2965 Anconae

312 2998 522 3085 constitutus)
542 2999 605 3087 „ad
621 2999 806 3070 iaciendum
823 3015 856 3070 et
880 3006 1098 3093 recipiendum
1114 3005 1381 3092 compositionem
1409 3013 1445 3072 et

308 3105 553 3190 promissionem
569 3127 642 3173 cum
658 3109 946 3182 Ambcxratoribus
964 3114 1151 3181 Communis
1177 3115 1312 3199 Regusii
1330 3151 1373 3162 -
1395 3153 1439 3164 -

309 3211 353 3277 ad
369 3214 589 3280 renovandum
614 3215 793 3300 capitulum
809 3223 901 3304 pacis
917 3221 1038 3290 dudum
1054 3223 1233 3310 composite
1249 3223 1333 3290 inter
1343 3225 1443 3292 Com·

310 3339 406 3388 mune
421 3327 554 3390 Ancone
566 3331 598 3390 et
614 3325 789 3394 Commune
804 3329 948 3416 Ragnsii‚
965 3330 1056 3398 etad
1072 3333 1315 3400 renovationem
1327 3341 1443 3420 pacto·

308 3447 379 3493 rum
395 3432 427 3492 et
442 3427 532 3513 pacis
548 3431 774 3520 recipiendam,
792 3457 856 3521 qne
871 3446 968 3523 pecta
982 3441 1053 3508 sive
1069 3441 1214 3526 capitula
1234 3440 1445 3507 eontinentur

308 3535 341 3600 in
357 3535 569 3604 instrumento
586 3541 705 3626 scripto
723 3563 820 3610 monn
836 3543 951 3612 Jacobi
967 3549 1093 3614 Notarii
1110 3569 1131 3614 a
1147 3569 1198 3615 me
1213 3549 1349 3616 Notario
1367 3550 1444 3616 riso

309 3649 341 3709 et
358 3641 465 3710 lect0“
483 3645 545 3712 sib.
562 3647 682 3718 Datum
699 3649 752 3718 die
768 3655 797 3718 2.
814 3653 894 3738 Mnji
914 3653 1007 3722 1256.

521 3843 649 3916 (Eredeti
661 3864 678 3900 a
691 3849 765 3902 bdcsi
779 3849 895 3904 csisndri
908 3853 993 3904 titkos
1007 3853 1214 3924 icvdltdrdban.)

741 4119 1006 4132 -n-...nw
