3112 5148
871 249 935 321 178

336 467 445 529 nostre
470 458 691 530 concessionis
719 453 904 539 intringere,
931 449 983 518 uel
999 450 1031 516 ei
1048 467 1129 516 ausu
1145 441 1320 514 temerario
1344 449 1474 511 contra·

335 570 394 635 ire.
404 567 439 636 Si
451 567 525 652 quis
535 573 645 634 autem
660 565 722 632 hoc
733 565 929 645 attemptare
940 555 1187 645 presumpserit,
1207 551 1473 638 indignationem

337 675 576 761 omnipotentis
587 675 650 740 Dei
667 681 700 739 et
715 671 888 750 Beatorum
898 668 986 734 Petri
1006 671 1039 733 et
1048 663 1142 730 Pauli
1155 661 1387 750 Apostolorum
1399 659 1474 726 eius

339 805 376 853 se
394 785 520 853 noverit
532 785 747 850 incursurum.
759 781 880 846 Datum
890 775 1043 844 Laterani
1053 773 1142 842 XVI.
1158 769 1321 838 kalendas
1332 767 1475 836 Februa-

339 893 390 979 rii,
406 891 619 961 Pontificatus
634 890 736 956 nostri
753 908 837 955 anno
857 887 972 972 primo.

342 1090 487 1157 (Theiner,
511 1092 610 1143 Vetera
629 1091 805 1140 Monumenta
822 1085 960 1137 Historica
980 1081 1152 1148 Hungariarn
1175 1079 1284 1130 Sacram
1305 1073 1474 1128 illustrantia

808 1179 831 1228 1.
845 1179 901 1230 lot.
918 1176 977 1228 189.
990 1175 1009 1225 l.

872 1909 950 1978 115.

344 2093 484 2160 Renoua
493 2092 708 2178 atorszuptoe
717 2091 864 2176 Soemeyn
874 2115 894 2156 α
902 2083 1350 2191 kirrilpoe'kamcroprcffjdnuk
1359 2085 1475 2170 Boyoo

704 2198 838 2274 uratur
852 2198 914 2263 odo
928 2199 1002 2263 steti.
1022 2195 1120 2260 1244.

453 2395 522 2464 Nos
537 2392 734 2462 Benedictus
762 2393 846 2460 tilius
862 2392 958 2479 Syka
984 2389 1026 2460 de
1050 2411 1169 2478 genere
1185 2393 1279 2480 Papa
1295 2386 1479 2459 Uiceiudex

345 2503 442 2572 Ourie
467 2503 591 2571 domini
611 2501 710 2586 Regis
736 2500 959 2585 significamus
985 2499 1136 2568 omnibus
1161 2517 1296 2586 presens
1321 2497 1480 2582 scriptum

345 2611 539 2698 inspecturis
555 2617 623 2677 tam
640 2609 846 2694 presentibus
862 2629 963 2694 quam
978 2606 1105 2693 suturis,
1123 2607 1211 2692 quod
1227 2626 1300 2672 cum
1316 2603 1479 2690 Seemeyn

347 2716 464 2785 comes
488 2715 624 2784 (lamere
649 2716 771 2784 domini
795 2719 896 2802 Regis
923 2736 965 2784 ex
989 2713 1172 2784 donacione
1197 2715 1328 2782 domine
1352 2713 1480 2798 Regiae

348 2821 512 2908 quandam
536 2832 657 2892 terram
673 2823 707 2889 in
723 2823 803 2890 uilla
819 2826 933 2912 Boyon
950 2822 1143 2912 possideret,
1170 2843 1234 2910 que
1249 2829 1360 2890 tamen
1378 2825 1481 2888 antea

348 2931 455 2998 luerat
480 2932 672 3018 populorum
687 2933 822 3020 Regiae,
849 2939 881 3002 et
897 2943 933 3002 nt
957 2934 1096 3002 eandem
1115 2933 1239 3001 cercius
1264 2939 1298 3000 et
1312 2933 1382 3000 sine
1405 2951 1481 2998 con-

348 3040 547 3107 tradiccionc
562 3039 843 3108 conterminalium
860 3049 893 3110 et
906 3047 1202 3112 commetancorum
1226 3061 1357 3108 suorum
1373 3039 1484 3127 possit

349 3147 527 3235 possidere,
544 3153 679 3233 accepto
695 3148 826 3216 homine
838 3157 950 3218 nostro
967 3170 1080 3219 omnes
1103 3156 1342 3219 commetaneos
1358 3155 1391 3216 et
1406 3167 1484 3214 con·

223 3280 224 3283 ¹
349 3253 537 3322 terminales
551 3251 594 3321 ad
604 3261 752 3323 nostram
762 3255 839 3324 tecit
855 3257 950 3325 citari
961 3259 1187 3344 presenciam,
1205 3256 1358 3324 videlieet
1368 3255 1483 3323 Julam

351 3360 393 3430 de
417 3361 545 3448 Prnslo,
561 3363 693 3429 Petrum
720 3363 822 3432 tilium
838 3363 985 3452 Adriani,
1012 3367 1128 3452 Gutus,
1154 3365 1336 3444 Nicolaum,
1360 3363 1484 3448 Jegdu,

351 3469 537 3555 Boezlaum,
554 3478 587 3538 et
601 3470 702 3538 alium
717 3471 889 3540 Nicolaum
914 3473 1016 3540 filium
1030 3473 1192 3542 iohannis
1207 3472 1342 3542 Comitis
1367 3470 1409 3539 de
1425 3491 1486 3556 ge-

351 3597 428 3645 nere
438 3579 590 3666 Katpan;
608 3585 728 3646 etcum
744 3600 845 3649 cansa
856 3582 1000 3670 ipsorum
1011 3583 1292 3652 conterminalium
1303 3583 1358 3650 dio
1369 3599 1483 3647 coram

350 3684 446 3753 nobis
461 3683 756 3776 fuissetuentilata,
773 3695 883 3757 tamen
894 3696 1063 3776 posteaex
1078 3696 1232 3778 precepto
1247 3689 1484 3772 dominiltegis

351 3797 385 3858 et
409 3790 539 3859 domine
554 3793 680 3878 Regine
705 3815 803 3884 super
819 3796 927 3884 ipsam
952 3804 1074 3864 terram
1099 3797 1317 3884 personaliter
1342 3797 1484 3863 accessi·

352 3919 434 3983 mus,
458 3899 699 3984 interrogantes
723 3903 856 3972 eosdem
873 3905 1125 3976 conterminales
1149 3905 1192 3974 de
1208 3913 1297 3974 statu
1314 3913 1346 3972 et
1366 3905 1484 3972 ordino

352 4017 436 4075 terre
452 4007 540 4076 illius
550 4031 559 4094 ;
585 4007 641 4094 qni
656 4012 905 4098 responderunt,
931 4013 1020 4100 quod
1035 4033 1057 4081 a
1072 4019 1165 4100 parte
1190 4013 1343 4084 orientali
1364 4013 1406 4080 de
1423 4015 1485 4082 Te·

352 4121 460 4182 nereut
474 4114 672 4205 incipiendo,
689 4123 721 4186 et
731 4119 938 4190 ascendendo
955 4122 989 4188 in
1006 4127 1158 4207 montem,
1175 4128 1209 4189 et
1218 4127 1334 4209 postea
1350 4121 1487 4190 descen-

354 4221 461 4290 dendo
485 4243 544 4308 per
560 4223 681 4291 uallem
704 4235 790 4296 retro
815 4229 932 4298 uineas
948 4231 991 4297 ab
1017 4230 1133 4298 eadem
1149 4236 1243 4317 parte
1262 4230 1423 4312 orientali,
1454 4239 1490 4298 et

352 4329 549 4396 transeundo
564 4329 698 4400 fluuium
712 4335 898 4405 uenientem
914 4336 956 4404 dc
971 4338 1069 4422 Pelys
1085 4339 1179 4405 iuxta
1193 4337 1292 4422 uiam,
1313 4355 1377 4420 que
1393 4334 1493 4405 ducit

352 4433 386 4500 in
397 4435 532 4522 Budam,
544 4456 646 4522 usque
662 4440 739 4509 dum
751 4443 867 4512 eadem
880 4446 937 4514 nia
953 4443 1042 4512 cadit
1051 4445 1087 4512 in
1103 4444 1203 4512 aliam
1213 4444 1302 4512 uiam
1317 4463 1494 4533 magnam,

352 4560 416 4626 que
431 4541 491 4608 sub
517 4553 626 4614 monte
641 4547 713 4634 Nyr
728 4551 881 4620 similiter
907 4553 949 4620 de
965 4552 1131 4639 Strigonio
1156 4551 1249 4619 uadit
1277 4553 1311 4620 in
1336 4552 1494 4644 Budam3
