3198 5160
644 225 797 332 „Q

152 425 247 480 ouum
257 417 523 501 prenominatum
539 421 649 490 nullus
665 433 876 509 eoguaiorum
887 451 1017 503 suorum
1033 457 1091 506 eeu
1108 447 1285 514 extraneus

152 520 275 604 aliquis
291 525 399 611 possit
413 526 467 594 uel
483 527 593 597 ualeat
617 529 764 617 inpetere
781 555 839 603 eeu
856 541 1051 632 molestere3
1077 567 1189 616 eoram
1205 571 1284 637 quo-

151 647 216 711 que
233 637 266 698 et
290 633 514 719 prouieiouem
539 638 655 708 solutio
682 641 791 711 anime
807 664 866 713 sue
890 651 1052 720 eommieit
1077 657 1195 726 morito
1221 679 1281 730 uuo

150 749 342 810 memorato.
368 745 418 812 Ne
435 752 543 813 autem
560 768 717 833 proeeeuu
742 756 898 840 temporis
925 763 1080 830 memorie
1104 765 1199 834 huius
1223 787 1283 856 rey

148 848 184 914 iu
199 851 399 920 obliuionem
410 853 569 942 elebatur,
587 859 753 943 predictos
765 861 943 949 Gregorius
959 870 1138 941 litterarum
1156 882 1282 944 nostre·

145 976 221 1024 rum
236 961 424 1048 testimonio
450 965 550 1049 peoiit
565 967 721 1036 roborari.
747 971 790 1037 ut
804 993 865 1040 noe
881 975 925 1042 od
943 977 1139 1050 iueteuoiem
1155 991 1190 1052 et
1205 1005 1282 1072 eup-

144 1065 365 1151 piiueeiouem
388 1071 534 1140 eiusdem
550 1075 770 1145 eooeeeoimue
786 1099 922 1166 proeeue
939 1087 1094 1174 seriptum
1119 1094 1280 1160 eommuni

142 1171 286 1243 fratrmn
302 1183 485 1246 nostrorum
502 1200 684 1269 οοιιιειιιιις
701 1189 908 1271 presentibus
924 1197 1034 1262 tomen
1050 1196 1188 1266 Niooloo
1205 1203 1279 1268 Pre-

143 1284 276 1369 posito,
302 1285 458 1354 Femueio
485 1287 634 1378 (iuniore,
666 1293 794 1363 Thema
819 1299 972 1390 Leotore,
1000 1305 1098 1373 Petro
1125 1307 1277 1394 custode,

140 1391 344 1461 Leoetoehio
360 1395 448 1461 Noui
465 1395 583 1485 Oeotri,
611 1401 736 1471 Jacobo
764 1405 805 1472 de
821 1407 975 1496 Sambon,
993 1411 1127 1480 Vrbeoo
1153 1415 1195 1482 de
1214 1415 1276 1484 Zo—

141 1499 240 1566 beleb
252 1553 261 1586 ‚
293 1502 443 1570 Johonne
468 1503 510 1573 de
534 1507 661 1594 Komoy
686 1511 957 1601 Arohidiueonie,
990 1528 1023 1588 et
1051 1521 1126 1590 aliie
1152 1523 1273 1593 multis.

139 1605 239 1676 Auno
255 1609 388 1677 Domini
403 1612 449 1678 Μ’
465 1612 687 1684 ducentesimo
703 1621 975 1708 quinquagesimo
991 1648 1087 1696 nouo.
1104 1631 1275 1716 Regnente

139 1715 286 1798 glorioso
311 1719 480 1805 Hungorie
496 1723 587 1807 Rege
603 1725 693 1811 Belo,
719 1729 896 1800 Benedieto
921 1733 1138 1821 Strigoniensi
1158 1737 1273 1805 Archi-

138 1822 311 1910 episeopo,
327 1828 509 1912 Smurugdo
525 1831 639 1901 Eleoto
650 1835 841 1924 Uolooenei3
858 1840 987 1912 domino
1004 1851 1037 1912 ei
1051 1852 1146 1931 putre
1161 1851 1273 1914 nostro

138 1931 320 2020 Lomperto
335 1935 506 2019 Agiieueis
521 1941 669 2010 Euoleeie
686 1944 849 2034 Episcopo
866 1951 1094 2024 existentibus.

353 2115 1066 2198 Aeonum

137 2291 280 2358 (Eredetie
289 2295 465 2365 bb'rhirtyin,
482 2297 653 2369 uirga-votos
665 2305 894 2372 eelyemzeinorom
906 2309 992 2375 sugg&
1003 2309 1146 2377 pooeittol,
1160 2313 1270 2366 ubudei

507 2393 560 2445 kir.
574 2395 697 2448 kemerui
707 2393 898 2466 leveltirben.)

575 2691 836 2706 Qun—m

666 3187 744 3261 366.

132 3363 164 3430 Α
181 3365 301 3452 nyitruu'
314 3365 527 3456 kdptolannak
542 3373 810 3459 hizonyodqlevele,
822 3373 907 3459 hoqy
920 3370 1072 3462 Ghokoyo
1089 3369 1169 3441 Coei
1182 3373 1261 3440 Cho·

176 3473 298 3562 koybao
312 3477 381 3542 levo
394 3477 526 3544 birtokcit
538 3478 671 3544 loduici
686 3479 839 3544 comeonek
854 3480 1100 3568 ozoloqoeioouo„
1116 3485 1214 3549 1259.

239 3673 410 3740 Uniuereie
427 3671 547 3741 Christi
569 3667 729 3760 fidelibus,
755 3675 874 3759 quibus
891 3681 1058 3761 presentes
1082 3676 1257 3763 potuerint,

130 3779 464 3848 Nitrieueisiieolesie
480 3781 665 3866 Capitulum
682 3781 853 3848 oraciones
868 3781 901 3846 io
917 3781 1067 3848 Domino.
1085 3781 1256 3866 Significa-

129 3907 201 3954 moe
217 3887 322 3977 uobis,
348 3890 436 3976 quod
452 3891 536 3957 siout
560 3909 601 3955 ox
617 3889 735 3956 litteris
751 3889 872 3956 uostris
897 3888 1141 3957 memorialibus
1159 3892 1255 3961 nobie

129 3997 245 4083 patuit,
274 3997 391 4083 quibus
408 3997 498 4064 Ohek
515 3997 647 4066 nomine
662 4015 703 4064 ex
719 4016 838 4082 genere
862 3997 1076 4064 eeruieuoiom
1096 3999 1195 4084 Regis
1214 4000 1255 4068 do

128 4109 210 4176 oilie
226 4109 365 4193 Ohokoy
390 4112 509 4174 uooute
523 4105 558 4173 in
573 4113 685 4174 nostre
709 4105 881 4192 presencie
899 4105 1104 4195 constitutus,
1130 4108 1255 4195 obligu-

128 4223 222 4284 uerut
236 4223 337 4285 totum
353 4215 541 4303 poroiouem
558 4220 644 4282 terre
659 4215 693 4280 in
711 4211 825 4281 eodem
841 4213 923 4281 uilla
937 4214 1045 4301 ipsum
1066 4216 1253 4303 contingen·

126 4336 191 4394 tem
208 4324 325 4392 comiti
340 4321 454 4390 indrih
479 4343 539 4409 pro
556 4322 682 4390 duobus
699 4323 819 4389 merois
840 4323 979 4406 urgenti,
1000 4343 1153 4395 asserens
1168 4327 1254 4396 huno

125 4433 301 4523 pecuniam
318 4431 362 4499 ab
386 4431 459 4518 ipso
475 4430 587 4498 Iudrih
612 4451 648 4498 ee
664 4429 811 4518 plenario
834 4430 1031 4517 percepisse.
1057 4431 1138 4501 Oum
1154 4435 1254 4522 igitur

123 4544 194 4612 dieo
221 4539 458 4628 redempoiouie
484 4539 575 4607 illiue
600 4543 687 4606 terre
712 4539 746 4604 in
772 4535 897 4605 eisdem
921 4537 1039 4608 littorio
1063 4542 1253 4630 assignatus

1028 4657 1092 4716 88*
