3112 5148
766 226 925 330 ,us-

285 424 587 494 commendebiliter
605 425 812 511 reportando.
839 423 926 503 Quid
942 421 1065 509 plura?
1090 420 1143 488 Ad
1158 429 1269 509 partes
1284 425 1415 510 Ruscie‚

285 533 375 602 etad
399 540 508 621 partes
524 534 679 620 Bulgarie
695 533 730 598 in
755 540 867 600 nostra
882 533 1054 616 legacione
1079 533 1252 621 proiectus,
1279 536 1322 601 ab
1337 536 1413 602 Illu-

283 643 444 710 strissimo
460 644 552 709 Duce
568 640 708 726 Dauela,
735 639 790 725 qui
807 639 1017 706 Tartarorum
1034 639 1187 725 Principe
1211 641 1344 712 uisitata
1369 643 1415 709 ad

281 752 415 838 propria
430 747 572 835 rediens,
596 749 783 818 uniuersum
798 753 918 815 statum
934 747 1154 836 Tartarorum,
1174 756 1271 837 prout
1285 751 1414 818 viderat

281 869 313 926 et
329 865 534 945 cognouerat,
551 856 796 926 edisserendum
811 855 905 923 nobis
922 856 1192 943 promiseratstili
1211 857 1319 926 officio
1336 877 1410 924 eon-

282 969 393 1052 ditum,
410 967 607 1053 reportauit;
632 966 667 1032 in
682 965 838 1050 Bulguria
853 984 932 1032 uero
958 985 1017 1052 per
1032 965 1142 1051 plures
1166 984 1295 1033 menses
1321 966 1410 1034 inuo-

281 1076 421 1144 luntcrie
438 1074 597 1160 detentus,
623 1073 796 1160 negocium
812 1073 926 1158 ceiam,
951 1094 1011 1159 pro
1029 1095 1093 1158 quo
1112 1095 1185 1141 eum
1205 1074 1412 1159 miseramus,

280 1183 483 1271 promocioni
500 1182 642 1250 reddidit
658 1179 932 1266 commendande;
958 1179 1079 1247 saliens
1096 1180 1183 1249 idem
1199 1181 1354 1252 Nicolaur
1372 1183 1414 1250 de

280 1291 404 1360 uirtute
419 1291 587 1359 fidelitatis
602 1289 635 1358 in
653 1289 805 1358 uirtutem
821 1287 1023 1373 deuocionis‚
1048 1288 1181 1356 eusdem
1203 1289 1324 1358 uirtute
1339 1311 1413 1358 con·

281 1399 408 1467 stancie
419 1398 514 1486 quasi
525 1396 665 1485 quodum
674 1397 846 1482 signaculo
857 1395 1051 1466 roborando.
1069 1398 1107 1464 ln
1123 1417 1258 1483 quorum
1268 1398 1414 1466 omnium

280 1529 319 1576 ac
338 1505 443 1574 eciam
468 1505 608 1594 plurium
634 1503 845 1573 seruiciorum
870 1505 952 1590 eius,
978 1524 1040 1591 que
1064 1505 1173 1573 omnia
1189 1490 1255 1592 ,per
1279 1504 1416 1592 singula

280 1618 416 1700 longum
433 1621 521 1682 esset
536 1611 669 1681 litterali
681 1613 813 1682 oraculo
827 1613 977 1700 recitare,
994 1615 1144 1697 quamuis
1159 1613 1267 1680 minus
1278 1613 1412 1700 dignam

280 1726 314 1791 in
330 1721 671 1810 recompensacionem,
688 1721 751 1788 sibi
764 1729 797 1788 et
812 1740 870 1809 per
880 1742 953 1790 eum
971 1721 1038 1790 suis
1058 1721 1235 1790 heredibus
1245 1721 1415 1790 heredum·

282 1852 346 1917 que
361 1851 494 1899 suorum
509 1831 749 1899 successoribus
766 1829 929 1914 quandam
945 1837 1064 1898 terram
1080 1828 1187 1898 Castri
1207 1829 1310 1896 nostri
1326 1829 1414 1896 Hun-

283 1939 386 2006 tensis
398 1940 549 2024 Koarzeg
565 1946 726 2025 uocatam,
744 1937 897 2024 vicinam,
909 1945 1168 2008 commetaneam
1179 1945 1211 2006 et
1224 1938 1414 2024 contiguam

280 2053 368 2113 terre
395 2043 569 2112 (thalamis
594 2053 729 2131 vocate,
765 2066 863 2129 quam
887 2055 962 2134 post
986 2046 1108 2114 exitum
1133 2049 1343 2114 Tartarorum
1368 2045 1411 2114 de

282 2156 395 2238 Regno
421 2159 542 2240 nostro,
568 2153 702 2220 Buluzlo
727 2154 768 2219 de
784 2153 921 2222 Nadasd
948 2155 1045 2224 homo
1069 2162 1178 2224 noster
1204 2175 1276 2224 cum
1299 2161 1410 2223 nostro

282 2263 417 2350 regiam,
435 2269 586 2349 presente
596 2261 783 2330 testimonio
794 2260 936 2349 Capituli
948 2263 1128 2350 Vaciensis‚
1144 2265 1289 2332 etesium
1299 2283 1412 2331 omnes

283 2371 368 2438 alias
380 2377 486 2438 terras
502 2369 648 2439 eiusdem
659 2370 767 2438 castri
783 2373 886 2440 nostri
902 2371 1154 2461 reinpediuerat,
1173 2372 1412 2460 quamquidem

283 2488 404 2547 terram
419 2479 571 2566 Koameg
596 2487 757 2566 uocatam,
784 2479 844 2548 sub
860 2479 985 2548 eisdem
1011 2483 1104 2550 metis
1121 2482 1324 2565 straminis,
1350 2482 1412 2548 sub

283 2589 400 2673 quibus
417 2596 467 2658 est
483 2589 636 2676 limitata,
653 2587 760 2658 eidem
776 2589 913 2658 Nicolao
930 2589 996 2658 filio
1007 2589 1135 2657 Obiehk
1151 2611 1210 2676 pro
1226 2596 1274 2658 tot
1292 2595 1326 2657 ct
1341 2597 1412 2656 tan·

282 2697 326 2763 tis
341 2697 491 2784 seruiciJs
507 2697 576 2765 suis
591 2697 774 2784 meritoriis,
792 2698 869 2766 licet
885 2697 1046 2766 modicum
1062 2697 1194 2783 quidem
1210 2698 1262 2785 sit,
1281 2698 1321 2766 de
1337 2717 1412 2768 con-

283 2823 382 2871 sensu
397 2811 430 2870 et
440 2803 607 2872 voluntate
626 2806 769 2873 omnium
786 2806 964 2874 vicinorum
975 2814 1007 2874 et
1018 2811 1309 2874 commetaueomm
1326 2804 1412 2873 dicte

283 2919 380 2998 terre,
396 2909 534 2980 comitis
549 2911 676 2980 scilicet
686 2913 866 3000 Stanizlay,
883 2921 917 2980 et
927 2913 1101 3000 Pangracij
1118 2913 1176 2998 filij
1194 2912 1265 2996 sui;
1281 2933 1303 2979 a
1318 2919 1413 3000 parto

283 3019 435 3087 orientali
452 3019 619 3107 Lamperti
636 3020 678 3088 de
689 3069 697 3088 .
710 3071 717 3087 .
728 3041 818 3106 aene,
835 3028 867 3090 et
882 3021 1021 3090 liliorum
1037 3041 1188 3106 suorum;
1207 3041 1227 3086 a
1244 3028 1338 3108 partc
1349 3043 1414 3088 me·

283 3126 436 3195 ridionali
453 3127 614 3196 Felieiani
630 3127 671 3198 de
688 3129 1007 3215 thaaaschalamia
1025 3137 1059 3197 et
1073 3127 1210 3196 liliorum
1231 3148 1373 3214 suorum,
1391 3151 1413 3195 a

282 3243 377 3322 parte
387 3235 581 3305 occidentali
597 3237 737 3320 Nicolai‚
754 3259 794 3306 ac
805 3239 949 3307 Paanani
968 3239 1025 3324 filij
1042 3239 1103 3326 sui,
1121 3237 1291 3306 etNieolai
1302 3237 1413 3305 fratris

281 3343 425 3412 Parnani
449 3345 663 3433 personaliter
688 3347 942 3436 adherencium,
967 3347 1135 3431 dedimus,
1161 3346 1353 3415 donauimus
1375 3355 1411 3412 et

283 3452 476 3520 contulimus
501 3473 574 3520 cum
599 3453 747 3520 omnibus
762 3453 960 3523 utilitatibus
976 3463 1009 3522 et
1024 3453 1234 3543 pertinenciis
1257 3454 1325 3521 suis
1342 3455 1410 3520 vui-

282 3559 387 3628 uersis
402 3568 559 3647 perpetuo
575 3569 608 3630 et
621 3561 879 3629 irreuocabiliter
894 3561 1137 3648 possidendam.
1164 3559 1263 3628 Cuius
1279 3560 1412 3646 quidem

282 3677 368 3737 terre
398 3677 483 3736 mete
506 3669 569 3737 hoc
592 3669 704 3738 ordine
729 3669 973 3755 distinguntur:
999 3671 1110 3738 Prima
1134 3677 1221 3737 meta
1246 3669 1363 3756 incipit
1388 3689 1410 3734 a

282 3783 376 3864 parte
400 3776 552 3845 orientali
577 3774 618 3844 de
642 3783 729 3844 terra
746 3777 897 3864 Koarceg
913 3783 1039 3864 vocata
1066 3777 1120 3845 vbi
1137 3785 1212 3846 sunt
1243 3777 1306 3846 due
1323 3783 1409 3844 mete

281 3892 385 3953 terree
400 3884 493 3953 iuxta
510 3883 645 3953 fluuium
663 3885 752 3972 lpul,
777 3892 810 3953 et
824 3885 870 3952 ibi
887 3885 976 3953 cadit
991 3885 1025 3952 in
1042 3887 1147 3976 ipsum
1164 3885 1299 3954 fluuium
1314 3885 1410 3972 Ipul;

282 3992 400 4060 deinde
425 3997 532 4061 autem
558 3991 661 4060 tendit
686 4013 799 4061 uersus
826 3991 995 4063 meridiem
1022 3993 1066 4062 ad
1091 4003 1212 4064 terram
1233 3991 1412 4079 Lamperti,

282 4120 344 4183 que
366 4101 452 4168 Riba
467 4105 611 4185 uocatur,
636 4107 670 4168 et
693 4100 794 4167 currit
818 4099 942 4189 inipso
967 4122 1054 4188 aqua
1073 4121 1132 4190 per
1157 4121 1310 4188 magnum
1336 4120 1409 4186 spa·

282 4207 367 4272 cium
383 4207 499 4292 eundo,
522 4213 554 4273 et
568 4207 614 4274 ibi
631 4207 740 4276 veniet
763 4205 807 4274 ad
822 4208 1006 4275 Haradissa
1026 4207 1172 4276 Castrum
1195 4210 1227 4275 in
1244 4229 1340 4274 unum
1357 4226 1412 4272 ne·

282 4333 353 4378 mus
370 4313 412 4378 ad
429 4313 638 4402 occidentem,
664 4314 751 4400 quod
767 4317 867 4401 vulgo
883 4315 977 4382 Helm
995 4315 1122 4401 dicitur,
1148 4323 1180 4383 et
1196 4335 1296 4404 prope
1313 4313 1406 4380 illum

282 4419 492 4486 monticulum
516 4443 630 4508 parurn
653 4423 877 4490 descendendo
902 4429 976 4491 sunt
1001 4421 1063 4489 due
1080 4429 1164 4491 mete
1189 4433 1302 4508 terreo,
1331 4429 1363 4489 ct
1380 4421 1414 4488 in

281 4525 395 4594 eodem
411 4546 543 4593 nemore
558 4535 608 4594 est
623 4550 686 4596 vna
702 4529 766 4617 ria,
783 4550 848 4613 quc
864 4531 930 4598 exit
947 4530 987 4598 de
1005 4531 1063 4597 illo
1082 4553 1223 4616 nemore,
1247 4538 1278 4596 et
1296 4531 1414 4598 transit
