3102 5160
618 865 695 932 lca

99 1043 118 1107 l
121 1043 150 1107 V.
165 1043 244 1109 Bo'lo
262 1043 431 1129 tiudlyaak
456 1043 593 1110 Kaeaaa
618 1050 647 1108 da
662 1045 796 1110 Boicaor
820 1043 1043 1128 aeodfdldelcet
1067 1049 1216 1130 tctrpyazo’

256 1151 441 1237 adomdnpa
457 1175 476 1214 a
491 1155 593 1218 accaai
607 1153 755 1238 ceaddpclc
770 1157 926 1218 sacimcicu.
943 1151 1040 1218 1249.

190 1347 274 1413 Bela
294 1347 358 1413 Dei
375 1347 489 1432 gracia
504 1347 681 1433 Hungarie,
701 1349 882 1434 Dalmacie,
908 1347 1075 1432 Obroacie,
1101 1351 1213 1435 Reme,

97 1454 209 1538 Seruio,
223 1456 375 1542 Gallicie,
393 1456 595 1544 Lodomerie,
613 1459 834 1544 (inmaniaque
844 1461 912 1524 Rex
930 1458 1078 1524 omnibus
1095 1455 1215 1524 Christi
1283 1484 1285 1490 ’

98 1561 240 1628 fidelibus
254 1565 394 1630 salutem
410 1564 443 1630 in
456 1585 505 1648 eo,
522 1567 578 1649 qui
594 1572 644 1634 est
658 1587 738 1632 uera
749 1568 848 1633 salus.
867 1566 946 1633 (lum
961 1567 996 1630 in
1012 1565 1216 1631 multitudine

96 1673 281 1757 populorum
291 1671 398 1754 gloria
414 1675 573 1742 consistat
583 1675 717 1758 Regum,
736 1681 769 1740 et
785 1675 818 1740 in
829 1675 899 1740 eius
908 1672 1139 1739 numerositate
1152 1692 1215 1737 ma·

97 1789 261 1862 gnatorum
271 1781 425 1866 potencia
435 1782 603 1867 glorietur,
621 1781 831 1867 prouidencie
842 1782 994 1848 conuenit
1003 1782 1215 1862 excelsorum,

96 1893 124 1951 ut
137 1889 176 1953 ad
193 1889 499 1974 augmentacionem
515 1891 708 1976 populorum
726 1889 789 1957 sibi
806 1890 1023 1956 subiectorum
1039 1887 1216 1972 uigilanter

97 1995 251 2080 insistant,
278 2003 314 2062 ut
333 2016 404 2063 cum
422 1997 464 2062 ab
482 1997 529 2064 eis
554 1997 712 2084 procedat
736 1998 900 2083 profectus
924 1997 1083 2080 utilitatis,
1110 1998 1153 2062 ab
1168 1995 1214 2084 ip-

16 2177 17 2182 ,
97 2103 136 2168 sis
150 2104 255 2169 eciam
282 2111 516 2187 consequenter
536 2104 669 2170 honoris
686 2103 825 2170 materia
840 2105 1012 2190 proueniat
1028 2113 1059 2170 et
1076 2102 1214 2170 uirtutis.

16 2207 17 2288 i
98 2211 230 2276 Proinde
256 2211 299 2276 ad
315 2211 537 2278 uniuersorum
554 2212 709 2279 noticiam
724 2212 895 2298 peruenire
919 2215 1068 2280 nolumus
1085 2231 1216 2298 presen-

98 2319 171 2384 cium
189 2337 249 2404 per
264 2325 416 2400 tenorem,
445 2319 534 2402 quod
552 2319 745 2386 aecedentes
766 2319 809 2385 ad
823 2319 1024 2406 presenciam
1041 2315 1214 2405 (nonnam)

16 2493 17 2498 ,
98 2425 234 2511 hospites
250 2425 353 2493 nostri
368 2424 410 2492 de
425 2427 541 2512 Scene,
568 2435 679 2494 nostre
694 2427 888 2495 Oelsitudini
913 2427 1137 2512 supplicarunt
1160 2423 1216 2488 hu·

16 2517 17 2552 ¹
99 2533 208 2600 militer
225 2541 258 2599 et
274 2531 402 2617 denote,
428 2541 464 2600 ut
479 2555 551 2600 cum
565 2541 653 2601 terra
677 2553 786 2600 eorum
806 2534 997 2618 colligendis
1022 2533 1144 2598 ibidem
1159 2549 1214 2615 po-

16 2703 17 2714 ,
98 2639 175 2723 pulis
200 2659 261 2724 pro
278 2639 418 2706 araturis
433 2661 497 2706 nun
523 2641 695 2723 sufficeret,
710 2661 770 2708 nos
795 2641 875 2726 ipsis
890 2648 996 2707 terras
1014 2637 1168 2704 Kastetiv
1184 2645 1216 2704 et

16 2767 17 2774 ¹
99 2744 281 2812 Boltsscbar
305 2745 337 2810 in
356 2745 518 2813 comitatu
544 2748 629 2814 Noui
655 2748 760 2816 Castri
786 2749 971 2830 existentes,
997 2745 1091 2812 terris
1107 2765 1216 2812 eorum

98 2853 221 2919 adicere
250 2858 284 2918 et
301 2853 347 2918 eis
364 2855 540 2923 concedere
566 2875 606 2922 cx
625 2857 827 2942 plenitudine
852 2863 961 2923 nostre
977 2855 1087 2941 gracie
1105 2854 1217 2938 digna·

99 2979 209 3026 remur.
234 2961 304 3026 Nos
321 2961 422 3044 igitur
445 2965 623 3048 profectum
651 2963 850 3031 subditorum
874 2969 1055 3031 nostrorum
1081 2959 1217 3027 utilitati

95 3067 218 3153 proprie
242 3067 470 3155 preferentes,
496 3071 643 3154 graciose
669 3069 859 3138 admisimus
884 3069 1067 3157 postulata,
1100 3068 1216 3134 dantes

94 3175 212 3242 eisdem
230 3175 362 3260 populis
379 3183 446 3241 tam
463 3178 619 3261 collectis,
639 3197 736 3262 quam
758 3185 790 3244 ct
807 3178 912 3244 adbuc
928 3177 1048 3244 ibidem
1066 3175 1217 3258 colligen-

95 3281 150 3364 dis,
164 3302 206 3348 cx
218 3281 416 3348 liberalitate
426 3281 529 3366 Regia
539 3283 683 3368 prefatas
696 3291 801 3351 terras
811 3283 964 3352 Kaetetiv
976 3291 1008 3349 et
1017 3283 1215 3366 Boltsscbar,

94 3397 257 3474 exemptas
275 3407 296 3453 a
312 3387 474 3454 Gomitatu
490 3389 576 3456 Noui
595 3387 702 3456 (lastri
718 3391 954 3458 cumomnibus
969 3389 1166 3457 utilitatibus
1185 3395 1218 3456 et

94 3496 300 3583 pertineneijs
311 3495 378 3562 suis
388 3501 545 3582 perpetuo
556 3497 771 3582 possidendas
782 3499 841 3565 sub
858 3497 981 3564 eisdem
997 3497 1092 3563 metis
1109 3501 1142 3562 et
1156 3503 1217 3562 ter-

96 3603 194 3688 minis,
222 3601 307 3668 sient
322 3600 442 3668 dietum
461 3599 611 3670 Castrum
626 3603 716 3691 ipsas
732 3605 888 3673 hactenus
914 3604 1091 3672 dinoscitur
1106 3623 1215 3690 posse-

96 3711 186 3778 disse.
210 3709 390 3777 Statuimus
405 3718 563 3796 preterea,
581 3718 616 3777 ut
631 3713 719 3779 omni
733 3713 884 3780 libertate
903 3713 1077 3799 gaudeant,
1094 3731 1159 3797 qua
1174 3732 1216 3778 ex

95 3819 296 3886 concessione
307 3823 420 3886 nostm
430 3818 576 3906 hospites
585 3820 687 3888 nostri
699 3821 739 3888 de
748 3823 858 3890 Kassa
867 3822 1084 3908 perfruuntur,
1100 3826 1168 3886 tam
1181 3820 1216 3885 in

100 3929 225 3996 decimis
236 3928 436 4014 euoluendis,
444 3949 543 4012 quam
552 3929 586 3996 in
596 3928 738 4016 iudicijs,
750 3951 807 3998 seu
818 3931 923 3997 eciam
934 3931 968 3996 in
981 3929 1129 3997 omnibus
1140 3927 1217 4013 alijs

101 4037 129 4103 iu
148 4037 321 4105 eorundem
340 4037 511 4124 priuilegio
537 4037 728 4106 nominatim
746 4059 805 4124 per
821 4039 955 4122 singula
971 4043 1003 4102 ct
1023 4035 1218 4104 articulatim

16 4193 17 4236 ,
99 4147 264 4231 expressis.
281 4144 334 4212 Ad
343 4145 404 4211 hec
413 4143 531 4231 prelati
546 4145 693 4234 hospites
709 4147 814 4214 nostri
825 4145 866 4212 de
878 4145 1007 4212 Schena
1023 4143 1064 4210 de
1079 4143 1218 4228 singulis

16 4245 17 4328 Ϊ
98 4253 313 4320 mansionibus
323 4251 392 4318 suis
412 4253 548 4320 eundem
564 4273 695 4321 censum
705 4253 800 4323 nobis
818 4253 945 4324 soluere
955 4250 1150 4319 tenebuntur
1158 4271 1217 4338 per

16 4345 17 4348 ¹
95 4363 201 4444 omnia,
213 4380 308 4446 quem
319 4358 477 4447 sepedicti
488 4363 600 4449 populi
617 4361 657 4429 de
667 4363 778 4430 Kassa
788 4361 830 4428 de
845 4361 913 4428 suis
924 4359 1146 4427 mansionibus
1160 4380 1216 4426 no-

95 4464 138 4534 bis
157 4470 283 4537 soluere
293 4469 389 4536 annis
408 4455 549 4554 singulis
566 4476 815 4538 consueuerant.
831 4471 869 4537 In
885 4467 1125 4556 possessionem
1135 4489 1213 4537 uero

95 4577 302 4659 predictarum
312 4586 470 4646 terrarum
481 4578 613 4648 eosdem
622 4581 792 4672 perTecus
802 4579 960 4648 Comitem
970 4576 1012 4646 de
1020 4579 1119 4651 Sanus
1128 4576 1217 4648 fide·-
