3102 5160
330 973 391 1040 JV.
406 974 497 1045 lacae
516 980 608 1064 popa
627 973 788 1044 Galioaidt
809 999 840 1042 cs
861 975 1061 1046 Lodomcrr‘ot
1083 1003 1104 1044 o
1118 981 1221 1044 roccas·
1237 978 1304 1046 aeolo
1328 980 1463 1047 Ιοῦὶᾶπὸε

647 1083 839 1171 postfoprioo
853 1085 909 1152 ald
922 1087 1013 1152 omri.
1038 1081 1136 1150 1247.

440 1277 649 1348 Innocentius
659 1279 841 1366 Episcopus
851 1299 964 1349 servus
984 1299 1152 1349 servorum
1167 1281 1230 1349 Dei
1239 1279 1369 1348 dilectis
1379 1280 1459 1348 tiliis

332 1386 517 1456 illustribus
537 1386 669 1456 Danieli
683 1389 799 1457 Russie
815 1394 848 1456 et
862 1387 912 1455 W.
929 1387 1142 1456 Laudemerie
1158 1387 1252 1455 fratri
1266 1387 1338 1456 eius
1362 1388 1462 1474 Regi-

332 1494 403 1579 bus,
420 1499 539 1562 ctnato
549 1495 694 1582 ejusdem
706 1495 853 1564 Danielis
865 1495 1003 1564 salutem
1019 1503 1051 1564 et
1066 1495 1291 1584 Apostolicam
1307 1495 1462 1564 benedic-

331 1603 461 1670 tionem.
486 1603 556 1671 lltsi
571 1623 789 1692 proponamus
804 1603 988 1691 illustrium,
1015 1623 1055 1671 ac
1070 1603 1239 1691 nobilium,
1265 1609 1298 1671 ot
1318 1604 1460 1673 aliorum

331 1709 477 1778 Ecclesie
498 1711 686 1780 devotorum
703 1731 870 1800 personas,
895 1719 1050 1798 quantum
1078 1733 1151 1781 cunr
1176 1713 1247 1781 Deo
1270 1731 1458 1799 possumus,

331 1817 501 1905 honorare,
514 1839 573 1888 vos
584 1825 705 1906 tamen,
721 1839 804 1908 quos
816 1821 907 1888 Deus
918 1817 1344 1888 etDominusnosterJesus
1355 1817 1463 1886 (ibris-

331 1930 383 1991 tus
401 1945 459 2012 per
476 1945 569 1994 suam
589 1927 846 1996 misericordiam
861 1927 905 1994 ad
921 1927 1079 1997 unitatem
1094 1925 1351 1996 ecclesiasticam
1366 1945 1460 1994 revo-

332 2033 429 2118 carit,
445 2039 569 2102 tantum
578 2033 785 2121 propensiori
794 2055 807 2104 t
816 2035 943 2104 olumus
951 2035 1105 2124 prosequi
1114 2034 1325 2123 prerogativa
1334 2031 1462 2103 favoris

332 2141 498 2228 etgraties
508 2141 655 2228 peciolis,
672 2149 793 2230 quanto
803 2145 837 2212 in
853 2145 1060 2216 revocatione
1069 2149 1180 2214 vestra
1195 2141 1460 2212 oddovononem

330 2247 561 2340 Ecclesiejnon
579 2249 731 2337 bominis,
756 2251 817 2320 scd
835 2250 954 2321 Divino
972 2251 1116 2340 potentie
1137 2269 1253 2319 manus
1277 2249 1462 2318 dinoscitur

330 2365 477 2446 operate.
493 2359 686 2448 Eapropter,
703 2360 928 2429 carisssimiin
938 2361 1066 2432 (ibrioto
1081 2359 1152 2448 filii,
1168 2359 1288 2430 vestris
1303 2357 1460 2448 precibus

329 2465 477 2535 inclinati
494 2486 652 2555 personas
667 2477 815 2558 vestras,
841 2475 876 2538 et
894 2471 1019 2556 Regna,
1044 2468 1197 2556 familias,
1222 2467 1463 2557 possessiones,

329 2582 362 2644 et
378 2575 448 2643 alia
466 2577 577 2647 omnia
595 2579 682 2648 bona
699 2585 820 2664 vestre,
835 2585 905 2647 tam
919 2577 1054 2648 mobilia
1068 2597 1167 2663 quam
1182 2576 1370 2662 immobilis,
1395 2593 1466 2661 que

327 2684 361 2750 in
382 2683 631 2770 presentiarium
658 2683 898 2758 rationabiliter
911 2683 1106 2772 possidetis,
1133 2691 1190 2753 aut
1204 2684 1240 2752 in
1254 2683 1395 2752 futurum
1408 2683 1463 2768 ju-

327 2791 388 2860 stis
405 2791 510 2860 modis
526 2797 693 2880 prestante
702 2792 843 2863 Domino
856 2790 1004 2880 poteritis
1016 2791 1165 2879 adipisci,
1180 2793 1242 2862 sub
1258 2791 1353 2860 Beati
1367 2789 1464 2860 Petri

329 2905 362 2966 et
377 2904 491 2966 nostra
504 2898 705 2986 protectione
719 2899 925 2989 suscipimus,
942 2906 975 2968 et
991 2917 1050 2969 eas
1059 2900 1154 2970 vobis
1169 2899 1351 2986 verbisque
1365 2897 1464 2966 nere

329 3004 425 3072 dibus
455 3003 489 3073 in
518 3005 742 3076 ecclesiastiea
772 3005 947 3077 deuotione
976 3007 1227 3095 persistentibus
1262 3003 1466 3076 crebritate

331 3113 524 3198 Apostolica
541 3114 771 3182 confirmamus
795 3121 830 3183 et
853 3115 1015 3202 presentis
1039 3113 1151 3202 scripti
1166 3113 1347 3202 patrocinio
1370 3131 1468 3182 com·

331 3217 505 3289 munimus
529 3220 619 3289 Nulli
643 3241 721 3308 ergo
735 3219 868 3292 omnino
885 3221 1052 3292 bominum
1070 3221 1168 3292 liceat
1191 3222 1276 3290 bano
1300 3218 1467 3306 pagium

331 3334 444 3399 nostre
463 3325 673 3416 protectionis
696 3335 730 3398 et
754 3328 1008 3400 confirmationis
1033 3327 1222 3416 intringere,
1248 3327 1301 3398 vel
1327 3325 1471 3396 clausu

331 3437 505 3506 temerario
520 3437 691 3506 contraire.
716 3437 843 3524 Siquis
863 3443 972 3506 autem
987 3438 1050 3507 boc
1073 3441 1267 3524 attemptare
1285 3445 1468 3522 presump-

332 3547 411 3615 serit
430 3545 685 3632 indignationem
710 3545 949 3634 Omnipoteutis
973 3546 1037 3614 Dei
1063 3551 1097 3613 et
1120 3545 1294 3614 Bcotorum
1317 3543 1412 3610 Petri
1432 3551 1472 3612 ct

332 3655 428 3722 Pauli
443 3653 671 3742 Apostolorum
686 3654 758 3740 ejus
773 3673 811 3722 se
838 3655 965 3722 noverit
989 3653 1200 3722 incursurum
1226 3651 1347 3718 Datum
1372 3649 1472 3736 Lug·

331 3764 409 3831 duni
425 3763 467 3830 II.
484 3762 559 3830 idos
574 3761 786 3850 Septembris.
802 3761 1013 3830 Pontificatus
1027 3760 1129 3830 nostri
1145 3777 1233 3828 anno
1249 3757 1373 3843 quinto.

666 3957 917 4027 (burgeravium.
931 3960 952 4012 l.
965 3960 1022 4015 tot.
1036 3961 1079 4014 ot.
1092 3959 1123 4027 l.)
