3102 5160
552 241 712 342 ffl-

65 439 198 506 uistrum
223 437 378 504 Fratrum
395 435 556 504 liinorum
582 455 640 523 per
663 437 877 522 Hungariam
904 439 957 504 uel
973 457 1012 505 eo
1027 437 1195 524 prepedito

65 563 118 632 per
131 544 275 614 fratrem
300 546 484 612 &manum
510 544 732 613 confessorem
748 549 894 614 nostrum
913 545 1098 614 curauimus
1122 545 1194 612 inti-

66 673 165 737 nare;
195 673 339 738 quorum
364 651 462 721 dictis
485 659 597 721 vestra
629 651 743 721 credat
766 653 932 723 Sanctitas
958 654 1194 724 incunctanter.

66 759 213 829 lesdam
231 761 336 847 igitur
350 759 592 830 Beatitudinem
617 761 827 830 affectuosius
842 761 1034 848 requirimus
1052 782 1112 850 per
1125 779 1196 849 pre·

66 877 181 954 sentes,
197 875 364 955 quatenus
381 868 423 936 de
437 869 558 937 nocuis
574 868 672 938 laetis
686 889 747 957 pcr
768 869 901 939 eosdem
915 869 1011 938 uobis
1027 867 1197 957 expositis,

67 977 170 1044 uelitis
184 975 409 1064 paternaliter
423 975 613 1064 prouidere;
637 977 818 1064 peticiones
843 985 983 1063 nostras,
1009 995 1092 1062 quas
1116 975 1196 1043 lidu-

69 1085 190 1152 u'aliter
203 1105 268 1171 per
282 1085 375 1172 ipsos
389 1083 484 1152 vobis
500 1085 717 1172 porreximus,
733 1085 958 1156 innutabiliter
977 1085 1198 1160 admittentes.

69 1189 116 1256 ld
130 1192 192 1259 lrcc
206 1191 362 1279 petimus,
378 1198 416 1258 vt
430 1191 551 1260 latores
567 1194 781 1280 presencium,
798 1213 871 1262 cum
888 1213 999 1262 eurum
1015 1193 1138 1262 reditus
1154 1192 1199 1260 sit

70 1299 159 1366 uoltis
184 1319 344 1386 perquam
369 1299 584 1388 neccesarius,
610 1300 792 1386 dignemini
813 1301 1009 1386 quantocius
1033 1300 1198 1387 expedire.

71 1405 188 1473 ilatum
204 1404 297 1492 apud
313 1404 465 1476 (lustrum
480 1405 633 1477 Ferreum
649 1407 752 1476 XVII.
769 1405 933 1476 kalendas
948 1407 1149 1477 Decembris.

69 1603 169 1672 (lludik
181 1603 256 1656 Beda
275 1601 456 1672 kdalemduye
476 1620 494 1656 a
507 1605 593 1658 rdmai
604 1603 809 1660 valliculis-fele
831 1605 965 1673 kdnyvtdr
977 1608 1061 1676 egyilr
1087 1605 1201 1661 kdairati

70 1693 231 1748 codex-dbdl.
253 1695 348 1747 Jalrab
363 1691 442 1747 berit
459 1697 533 1748 124⁷.
547 1696 605 1748 volt
625 1712 643 1748 a
656 1696 876 1750 ierencarondiok
898 1694 1118 1764 magyurcrszdgi
1140 1714 1200 1765 pro-

555 1783 718 1856 viucidlisa.)

508 2070 772 2084 m

600 2557 677 2628 153.

7 2807 8 2812 η
76 2735 130 2800 11⁷.
148 2735 231 2802 Belo
247 2737 416 2824 kirdlycolc
438 2736 477 2823 Ui
493 2736 583 2827 Cirap
602 2745 681 2806 meod
689 2739 816 2827 foldotl
840 2766 897 2831 opp
912 2744 961 2810 elce
976 2747 1031 2812 alni
1047 2749 1119 2813 oalo'
1135 2747 1200 2834 fdi-

227 2841 280 2908 det
294 2842 446 2930 tdrpyczd
461 2845 638 2932 admaenpo
654 2845 773 2916 de'el
787 2851 942 2920 cacintdra.
959 2851 1056 2920 1247.

8 3135 9 3144 ἵ
180 3041 266 3109 Beia
285 3040 349 3108 Dei
374 3040 488 3125 gracia
512 3042 691 3132 Hungarie‚
715 3047 895 3137 Daimacie,
921 3051 1065 3142 eronus,
1088 3058 1202 3142 Rome,

8 3147 9 3150 ’
77 3149 202 3236 Seruis,
216 3149 369 3235 Gallicie,
389 3147 590 3237 Lcdcmerie,
602 3153 823 3242 liumanieque
832 3159 903 3228 Rex
921 3197 959 3210 -
979 3200 1015 3211 -
1038 3201 1074 3213 -
1097 3205 1135 3216 —
1154 3187 1203 3234 sa-

75 3261 174 3326 lutem
189 3257 226 3324 iu
243 3276 295 3345 eo,
310 3255 366 3342 qui
380 3259 473 3326 salus
491 3260 635 3330 omnium
651 3281 724 3332 csse
751 3267 926 3352 profitetur.
945 3269 1203 3361 circumspeccio

76 3368 199 3452 Regum
215 3363 359 3454 prouida
374 3366 546 3453 condignis
562 3371 695 3457 premils
710 3373 774 3440 sibi
788 3375 964 3463 obsequicn
984 3417 1020 3428 -
1042 3421 1079 3432 -
1104 3421 1139 3432 -
1161 3421 1198 3433 -

9 3575 10 3582 ἵ
79 3513 111 3524 -
128 3513 170 3527 -
183 3475 357 3543 fidelitatis
372 3495 523 3563 opera-
545 3517 581 3530 -
602 3481 831 3553 accendantur.
848 3487 901 3554 Ad
911 3489 1132 3560 uniuersitatis
1146 3495 1203 3579 igi-

9 3613 10 3618 *
75 3592 121 3651 tur
136 3592 251 3654 uestre
265 3583 421 3653 noticiam
441 3589 612 3673 peruenire
635 3591 786 3662 volumus
810 3597 1014 3682 presencium
1040 3619 1099 3687 per
1118 3607 1203 3671 teno-

77 3711 160 3760 rem:
178 3691 352 3778 quodcum
361 3691 481 3762 Daniel
496 3695 582 3764 iiiius
599 3733 875 3752 -----
894 3705 1049 3794 locorum,
1065 3728 1129 3793 quo
1145 3731 1204 3778 nos

78 3800 220 3886 qualitas
236 3800 392 3886 temperis
408 3819 480 3869 cum
496 3803 641 3872 exercitu
653 3806 701 3874 ire
716 3819 919 3900 poposcerat,
935 3813 1075 3882 fideliter
1090 3826 1204 3885 aestu-

78 3907 167 3978 diosc
186 3906 390 3994 seruiuisset,
416 3907 504 3978 idem
518 3933 579 4000 pro
594 3933 653 3984 suo
669 3933 729 3985 vsu
744 3923 831 3988 terra
846 3921 966 4007 arabilj
985 3961 1021 3972 -
1044 3961 1081 3975 -
1104 3963 1141 3975 -
1164 3965 1200 3976 -

81 4055 115 4066 -
136 4053 177 4066 -
196 4015 296 4084 uobis
319 4017 526 4106 supplicant,
551 4027 587 4090 ut
609 4023 652 4092 de
676 4033 765 4094 terra
779 4025 919 4116 Wichap
936 4027 1043 4099 Oastri
1067 4032 1206 4101 Nitricu-

77 4125 128 4212 sis,
145 4130 410 4194 commetaueam
435 4147 494 4195 sue
516 4136 603 4198 terre
617 4131 822 4223 hereditarie,
848 4145 968 4206 terram
985 4139 1080 4207 vuius
1105 4142 1206 4209 aratri

78 4231 137 4298 adri
154 4229 306 4300 conferre
315 4232 536 4318 dignaremur.
550 4237 620 4308 Nos
634 4247 754 4328 autem,
770 4243 825 4328 qui
845 4281 881 4298 μ-
903 4281 941 4296 -
960 4247 1207 4332 tasingulorum

79 4339 271 4425 insingulis
291 4377 328 4391 -
349 4377 387 4391 -·
408 4379 445 4391 -
466 4345 616 4416 omnibus
632 4349 725 4419 uobis
741 4349 880 4421 subditis
897 4353 995 4439 digne
1011 4357 1209 4445 respondere

79 4458 237 4532 tenemur,
252 4447 469 4519 consideratis
485 4455 635 4525 seruioiis
645 4467 677 4526 et
692 4459 915 4550 fidelitatibus,
933 4485 996 4548 que
1012 4465 1098 4533 idem
1114 4467 1209 4534 nobis

81 4557 360 4639 ouegoonostro
381 4593 1015 4620 -----------
1035 4574 1209 4660 quodipse

989 4691 1049 4748 15·
