3122 5154
583 351 744 454 -Q-

101 557 299 637 ooeupesset,
328 559 363 617 et
388 556 583 637 ooenputom
608 567 749 634 prosus
773 546 933 616 detineret
957 549 1092 618 arbitrio
1118 553 1233 620 uolun-

100 662 179 728 tetis.
205 658 260 724 Ad
275 677 341 743 que
358 655 465 723 dietus
481 654 630 722 Androm
656 653 859 742 respondeus
874 657 966 724 illum
993 658 1131 726 eandem
1144 665 1233 728 terre

100 765 299 854 porticulum·
316 764 363 832 ed
383 783 485 831 suurn
512 765 561 831 ius
592 763 824 830 hereditarium
849 765 1015 850 pertinere
1046 767 1229 836 monebat.

102 875 161 960 iios
176 873 280 959 igitur
305 889 381 937 omn
397 870 515 937 ordine
538 871 652 955 iudioij
669 871 821 955 exigente
846 873 911 958 ipsi
927 874 1050 941 Abbati
1068 874 1112 942 ud
1142 873 1231 942 exhi-

103 981 234 1050 bendum
249 997 347 1046 snum
374 977 584 1062 priuilegium
608 978 782 1046 terminum
798 987 1038 1067 oompetentem
1063 982 1228 1066 assignas·

101 1109 219 1173 semus,
255 1085 404 1154 exhibuit
428 1091 463 1151 ut
491 1083 650 1171 debebet;
678 1105 791 1154 verum
817 1087 894 1172 quia
919 1087 953 1154 in
978 1089 1035 1156 illo
1051 1089 1228 1176 priuilegio

104 1204 177 1265 nete
201 1203 262 1263 eut
286 1191 419 1280 termini
444 1193 535 1260 illius
549 1200 635 1258 torre
663 1213 728 1260 non
754 1195 1018 1280 exprimebantur
1044 1196 1222 1280 euidenter,

103 1306 137 1371 ud
150 1304 312 1372 maiorem
331 1300 426 1368 huius
441 1301 489 1368 rei
506 1299 707 1366 euidenoiom
723 1299 973 1386 produooionem
990 1303 1122 1370 testium
1137 1323 1227 1371 oom-

102 1421 316 1480 netuneorum
349 1429 449 1496 super
474 1409 711 1476 eertifieaeione
736 1416 895 1476 metarum
926 1428 985 1475 seu
1016 1410 1225 1477 terminorum

104 1520 239 1585 eiusdem
264 1527 351 1585 terre
378 1538 437 1603 per
463 1518 601 1584 eundem
627 1517 788 1584 Abbotem
815 1517 1000 1584 censuimus
1027 1516 1224 1584 feriendum.

101 1625 185 1703 Quod
210 1645 286 1690 oum
310 1645 390 1710 sepe
415 1624 521 1692 dietus
540 1623 655 1690 Abbes
681 1625 925 1707 elegantissime
949 1623 1101 1708 feoisset‚
1130 1623 1225 1692 inxte

103 1735 193 1801 nostri
209 1733 326 1817 iudicii
347 1731 487 1801 formem
504 1739 536 1799 et
561 1751 750 1818 processum
776 1739 915 1818 quotuor
930 1730 973 1799 de
998 1733 1135 1800 testibus
1150 1753 1223 1818 pro

103 1840 197 1908 dueum
224 1861 247 1906 a
262 1848 358 1927 purte
381 1840 523 1906 aduersu
548 1843 670 1908 eleetos
697 1861 795 1927 super
819 1839 989 1926 premissis
1014 1839 1058 1906 od
1077 1843 1223 1926 prestun·

103 1947 168 2014 dum
183 1949 342 2014 duximus
368 1955 610 2014 seoromentum
635 1948 840 2016 indicandos.
866 1947 938 2028 Quo
954 1946 1041 2014 teoto
1066 1946 1139 2033 ipse
1154 1947 1221 2014 An-

103 2054 187 2122 dreae
203 2077 266 2142 pro
284 2057 367 2122 bono
392 2057 486 2142 paois
502 2065 578 2124 unte
594 2056 818 2142 recensionem
838 2054 1035 2122 sacrementi
1051 2055 1221 2124 memorati

102 2163 288 2231 multociens
312 2164 398 2231 dieto
424 2171 510 2231 terre
534 2164 728 2249 perticulam
740 2215 750 2249 ,
777 2173 811 2230 ut
837 2163 986 2248 superius
1011 2168 1134 2230 tontum
1159 2170 1219 2248 est,

101 2271 172 2338 infra
190 2273 352 2339 fossatum
368 2273 538 2352 iuoentem,
556 2271 680 2338 dimisit
695 2271 844 2338 Eoelesie
866 2278 1044 2338 memorate
1059 2271 1130 2338 iure
1150 2291 1221 2356 per·

100 2390 189 2462 petuo
205 2378 454 2466 possidendum.
477 2379 641 2446 Pristoldo
657 2379 752 2446 huius
768 2397 868 2446 ouuse
881 2378 1022 2446 Martius
1038 2377 1080 2443 de
1095 2378 1221 2445 Damus

102 2485 184 2553 ints
198 2485 334 2554 fluuium
345 2487 457 2553 Geron
473 2486 643 2553 existente.
665 2485 707 2552 vt
717 2493 827 2554 autem
842 2483 939 2552 huius
949 2485 998 2551 rei
1013 2483 1116 2550 series
1125 2484 1221 2554 seluo

100 2613 219 2680 semper
243 2592 412 2676 oonsistet,
446 2600 478 2660 et
501 2611 544 2660 ne
568 2593 611 2658 ab
638 2592 705 2660 ullo
731 2613 873 2677 unquam
899 2593 1030 2660 omniuo
1054 2591 1220 2660 hominum

101 2709 191 2783 quent
204 2701 337 2786 irritari
364 2707 532 2784 presentoe
548 2699 768 2767 ooneessimus
783 2699 919 2785 litteras,
942 2699 977 2766 in
993 2706 1218 2782 argumentum

100 2807 260 2896 rnplioris
274 2805 352 2874 fidei
367 2804 469 2891 sigilli
493 2805 596 2872 nostri
611 2806 825 2892 opposioione
841 2806 1067 2884 eommunitus.
1094 2807 1217 2876 Detum

99 2934 177 2982 enno
192 2914 303 3002 gretie
319 2911 563 3002 M⁰gcc⁰xxx⁰
573 2915 692 2981 Vfflr.

97 3111 228 3178 (Etodotie
241 3109 416 3180 borhinyin,
430 3111 541 3176 melyrttl
555 3110 677 3178 epeeset
696 3109 923 3179 hirtyensinegen
936 3113 1013 3181 ffigg,
1037 3129 1054 3164 e
1066 3114 1148 3164 burlsi
1162 3113 1214 3164 hir.

486 3199 611 3250 kemorui
629 3198 818 3266 tortitirben.)

624 3949 679 4016 55.

91 4130 205 4196 isrklor
219 4129 515 4216 atorszuptoumk
530 4129 628 4196 iustus
644 4151 665 4194 o
681 4129 833 4196 Salomon
858 4132 1023 4215 ometrtp
1037 4129 1169 4196 semmei
1183 4131 1215 4194 ts

286 4239 531 4324 Pozeouymopye
553 4235 781 4324 odrjobboppui
804 4239 883 4300 ko'zt.
911 4237 1007 4300 1239.

193 4433 314 4501 Amieis
340 4433 409 4501 suis
429 4431 621 4500 Reuerendo
648 4429 801 4516 Cupitulo
826 4431 975 4497 Euolesie
1000 4433 1211 4499 Posoniensis

87 4537 203 4606 Comes
219 4539 405 4627 Stephanus
431 4541 472 4606 de
487 4539 608 4605 Bethor
626 4536 734 4604 Judex
751 4537 847 4604 (turio
871 4537 995 4604 domini
1010 4539 1209 4623 Sigismundi

83 4645 145 4712 Dei
161 4647 511 4736 mamsssomrnorum
529 4647 739 4731 Imperatoris
756 4647 890 4728 Semper
899 4646 1047 4728 Augusti,
1066 4665 1105 4708 ao
1121 4647 1210 4706 Hun-

1004 4763 1020 4812 6
1034 4763 1049 4794 ιι
