3134 5158
843 309 998 414 ,εἷθ-

354 513 475 575 sterum
491 506 710 576 sollicitudine
727 505 1066 595 providerevolentes,
1082 506 1278 576 auctoritate
1287 507 1486 594 Apostolica

352 613 573 700 prohibemus,
596 623 632 684 ut
646 615 733 684 inira
748 617 919 684 clausuras
945 618 1098 702 locorum,
1125 635 1183 684 seu
1200 615 1415 704 grangiarum
1432 637 1486 684 vc·

352 729 493 790 utrarum
510 724 618 792 nullus
633 723 783 811 rapinam
800 725 870 792 sive
886 723 1005 792 turtum
1022 723 1141 809 iacere,
1167 727 1277 810 ignem
1300 744 1484 812 apponere,

353 830 545 916 sanguinem
561 831 704 918 fundere,
732 831 895 900 hominem
911 839 1033 900 temere
1057 851 1186 918 capere,
1214 833 1267 900 vel
1285 831 1483 914 interficere,

352 957 411 1004 seu
427 939 614 1008 violentiam
631 941 753 1008 audeat
767 959 931 1010 exercere.
956 941 1110 1007 Preterea
1126 939 1360 1026 exemptiones,
1385 940 1482 1008 liber-

214 1041 219 1050 '
352 1052 436 1114 tates
453 1055 486 1114 et
501 1046 731 1135 immunitates,
754 1069 775 1114 a
790 1047 1075 1134 predecessoribus
1092 1047 1378 1115 nosmisRomanis
1395 1049 1483 1114 Pon·

352 1153 491 1222 tiiicibus
508 1157 707 1224 Monasterio
733 1161 841 1224 vestro
866 1175 1049 1241 concessas,
1080 1175 1226 1224 necnon
1251 1154 1421 1232 libertates
1448 1163 1483 1222 et

352 1264 574 1349 exemptiones
591 1263 784 1332 secularium
801 1265 1008 1332 exactionum
1025 1263 1199 1348 aitegibm
1216 1270 1250 1330 et
1259 1261 1480 1350 Principibus,

353 1371 408 1436 vel
424 1371 498 1438 aliis
515 1371 664 1440 fidelibus
680 1355 862 1442 liberaliter
874 1371 968 1441 vobis
985 1371 1141 1458 indultus,
1159 1371 1353 1456 Apostolica
1367 1377 1483 1438 aucto-

353 1478 449 1548 ritate
474 1480 712 1567 confirmamus,
739 1486 771 1548 et
786 1481 947 1567 presentis
964 1479 1079 1567 scripti
1104 1479 1278 1565 privilegio
1304 1480 1483 1547 communi-

352 1607 434 1654 mus.
451 1589 662 1656 Decernimns
678 1609 756 1674 ergo
772 1597 807 1656 ut
823 1589 904 1656 nulli
920 1588 1051 1656 omnino
1068 1587 1234 1654 hominum
1258 1587 1357 1654 liceat
1371 1586 1483 1674 presa·

351 1701 419 1764 tum
444 1696 675 1763 Monasterium
699 1701 819 1763 temere
845 1695 1047 1782 perturbare,
1073 1702 1131 1762 aut
1155 1696 1225 1780 ejus
1251 1694 1482 1780 possessiones

353 1802 492 1887 auferre,
518 1803 570 1870 vel
586 1803 715 1870 ablatas
732 1802 881 1888 retinere,
908 1803 1051 1870 minuere
1070 1822 1130 1870 seu
1155 1801 1355 1884 quibuslibet
1379 1821 1477 1868 vexa·

355 1910 496 1978 tionibus
522 1910 710 1996 possidere;
736 1911 795 1978 sed
811 1911 922 1978 omnia
946 1909 1074 1995 integre
1097 1916 1329 1978 conserventur
1353 1927 1481 1993 eorum,

352 2036 411 2102 pro
428 2038 565 2101 quorum
581 2018 817 2101 gubernatione
833 2039 873 2086 ao
883 2020 1121 2086 sustentatione
1137 2037 1295 2086 concessa
1309 2024 1395 2102 sunt,
1413 2017 1482 2084 usi-

353 2125 416 2192 bus
441 2123 635 2194 omnimodis
661 2125 847 2214 profutura‚
881 2127 975 2194 salva
999 2125 1101 2193 Sedis
1120 2125 1309 2212 Apostolice
1339 2127 1470 2193 auctori

351 2238 431 2318 tate,
445 2238 477 2300 et
492 2233 669 2300 Diocesani
683 2233 838 2321 Episcopi
855 2235 1014 2302 canonica
1026 2233 1167 2318 justitia.
1194 2233 1229 2298 Si
1246 2254 1312 2317 qua
1327 2235 1428 2319 igitur
1445 2235 1480 2299 in

219 2363 220 2366 ¹
353 2343 496 2408 futurum
521 2339 745 2408 ecclesiastica
770 2342 992 2426 secularisque
1008 2361 1150 2428 persona
1174 2343 1258 2408 hanc
1275 2351 1386 2411 nostre
1403 2363 1481 2412 con-

351 2448 527 2518 stitutionis
544 2447 699 2534 paginem
723 2449 840 2532 sciens,
858 2457 971 2516 centra
986 2469 1057 2516 cam
1074 2457 1196 2516 temere
1212 2449 1324 2518 venire
1340 2455 1480 2536 tempta·

352 2557 446 2641 verit,
464 2561 496 2624 et
513 2554 667 2643 secundo,
684 2557 827 2624 terciove
844 2557 1050 2642 commonita,
1071 2556 1143 2624 nisi·
1151 2565 1276 2624 reatum
1292 2577 1387 2626 suum
1403 2579 1481 2624 cen·

352 2683 433 2748 grue
450 2661 675 2730 satisfactione
691 2663 878 2746 corrererit,
896 2663 1068 2749 potcstatis
1084 2663 1281 2748 honorisque
1296 2663 1349 2730 sui
1364 2671 1482 2731 careat

352 2770 524 2855 dignitate,
541 2787 694 2854 reamque
706 2788 741 2836 se
752 2769 872 2838 Divino
878 2770 1002 2855 judicio
1019 2770 1160 2837 existere
1168 2770 1211 2842 de
1221 2777 1409 2858 perpetrata
1421 2772 1489 2846 ini-¹

352 2877 476 2960 quitate
492 2884 678 2961 cognoseat,
693 2883 725 2944 et
741 2898 762 2942 a
776 2877 1004 2946 sacratissimo
1016 2877 1158 2964 Corpore
1174 2885 1207 2944 ct
1224 2880 1401 2962 Somguine
1412 2881 1480 2946 Dei

352 2990 386 3051 et
401 2984 531 3051 Domini
542 2985 769 3070 Redemptoris
781 2984 883 3052 nostri
895 2986 974 3052 Jesn
987 2985 1106 3052 Christi
1123 2984 1309 3072 alienafiat,
1326 2993 1427 3071 atque
1444 2989 1481 3054 in

354 3099 499 3160 extremo
515 3093 663 3160 examine
674 3091 820 3160 districte
836 3093 1005 3159 subiaceat
1020 3092 1143 3158 ultioni.
1161 3091 1293 3159 Cunctis
1304 3101 1415 3160 autem
1433 3096 1481 3162 ei-

352 3199 425 3265 dem
436 3199 574 3266 locosua
578 3200 655 3285 jura
664 3199 871 3266 servantibus
882 3201 926 3266 sit
934 3219 1000 3286 pax
1007 3199 1137 3268 Domini
1147 3199 1248 3266 nostri
1256 3201 1336 3268 Jesn
1344 3200 1480 3288 Christi,

353 3313 513 3391 quatenus
529 3314 562 3372 et
577 3307 630 3372 hic
645 3306 783 3374 fructum
799 3308 883 3374 boue
901 3306 1040 3374 actionis
1057 3307 1238 3392 percipiant
1247 3356 1256 3392 ‚
1273 3314 1307 3374 et
1323 3307 1414 3394 apud
1432 3309 1482 3376 di·

354 3415 500 3484 strictum
511 3413 656 3500 judicem
667 3417 792 3502 premia
808 3421 917 3484 eterne
934 3416 1026 3500 pacis
1042 3415 1217 3484 inveniant.
1234 3416 1349 3484 Amen.
1359 3419 1479 3484 Amen.

460 3527 532 3609 Ego
548 3525 753 3591 Innocentius
778 3524 945 3592 Gathoiioe
961 3524 1106 3590 Ecclesie
1122 3523 1313 3610 Episcopus.

461 3633 530 3717 Ego
546 3632 725 3699 Rainaldus
743 3631 912 3719 Ostiensis,
930 3639 962 3698 et
979 3632 1188 3700 velletrensis
1204 3631 1397 3718 Episcopus.

460 3743 530 3826 Ego
546 3740 731 3827 Smphanns
747 3741 957 3810 Prenestinus
974 3741 1168 3828 Episcopus.

457 3849 528 3935 Ego
544 3848 730 3934 Stephanus
753 3850 871 3917 Sancte
890 3851 992 3916 Maris
1008 3885 1051 3898 -
1069 3885 1112 3898 -
1127 3885 1172 3898 -
1187 3881 1231 3898 -
1248 3855 1282 3916 tt.
1309 3849 1480 3918 Presbiter

351 3958 545 4028 Cardinalis.
1269 4007 1271 4012 ·

458 4070 529 4154 Ego
554 4069 654 4137 irater
677 4069 823 4138 Joannes
849 4069 932 4138 tituli
955 4071 1065 4140 Sancti
1090 4069 1257 4136 Laurentii
1279 4067 1324 4136 in
1350 4069 1480 4138 Lucina

351 4177 517 4245 Presbiter
533 4177 726 4246 Cardinalis.
1395 4241 1396 4245 ,

460 4286 531 4371 Ego
542 4285 642 4355 irater
652 4290 748 4374 Engo
758 4289 969 4356 tituliSanete
980 4287 1269 4356 SabincPresbiter
1279 4284 1478 4356 cardinatis.

458 4392 528 4477 Ego
545 4394 704 4462 Ricardus
721 4395 833 4462 Sancti
850 4395 968 4479 Angeli
985 4396 1151 4462 Diaconus
1168 4393 1367 4460 Cardinalis.

352 4603 378 4674 c
416 4499 529 4678 &Eg
556 4502 754 4573 Octavianus
778 4505 898 4572 Sancte
922 4504 1025 4572 ltiarie
1050 4502 1083 4569 in
1108 4501 1170 4570 Via
1195 4502 1280 4570 Lata
1305 4501 1478 4574 Diaconum

379 4623 416 4672 ar
439 4625 472 4676 ru
510 4607 547 4675 ὀ.
