3134 5150
617 311 765 410 A

127 507 163 574 ad
185 508 364 574 claustrum
389 505 451 572 tali
466 505 573 589 modo,
599 503 687 588 quod
703 506 814 572 vinum
838 525 973 592 purum,
1001 509 1087 593 quod
1112 509 1251 594 pedibus

126 618 203 683 bene
226 613 366 699 exprimi
381 618 509 698 potest,
538 612 676 700 recipiat
694 614 856 696 Eoolesia,
882 620 915 679 et
930 615 1017 697 quod
1036 616 1071 680 iu
1095 617 1250 684 torculari

126 721 330 808 torquebitur,
347 719 493 786 habeant
508 719 608 804 ijdem
624 720 791 786 vinitores.
809 719 1012 788 Contulimus
1023 723 1128 788 eoiam
1144 722 1251 790 eidem

126 830 266 896 lloulesie
281 827 316 893 iu
332 827 456 894 Sinniu
470 828 609 911 vineam,
637 847 736 911 quam
752 828 887 895 emimus
902 829 1037 914 propria
1052 831 1193 914 peuuuia
1209 831 1251 898 de

125 937 290 1022 Myohaele
301 934 434 1001 officiali
449 933 558 1014 Botez,
581 953 644 1018 que
659 934 801 1000 riueaiu
816 941 905 1001 terra
914 935 1055 1002 Abbatis
1070 935 1113 1004 de
1122 938 1251 1006 Dombo

127 1046 182 1112 uita
197 1051 260 1112 eat
286 1043 470 1129 Cybrioues
496 1061 573 1109 vero
589 1043 631 1108 de
653 1042 769 1108 eadem
787 1043 885 1109 vinea
907 1045 1145 1129 provenientes,
1172 1047 1250 1130 qaia

126 1173 183 1220 nou
199 1153 244 1218 ad
260 1152 435 1234 Abbatem,
451 1147 511 1216 sed
522 1149 713 1232 adRegiam
722 1149 928 1217 Maiestatem
938 1152 1154 1236 pertinebant,
1175 1175 1247 1222 oon-

128 1263 300 1342 eeasimus,
332 1267 369 1325 ut
392 1257 514 1324 nemini
538 1257 666 1326 soluere
690 1262 848 1324 teneatur.
879 1259 959 1325 Item
985 1261 1180 1329 contulimus
1206 1263 1248 1328 ei-

125 1369 190 1434 dem
206 1365 357 1434 Eoolesie
373 1364 459 1430 vltra
474 1363 661 1433 Danubium
682 1365 933 1449 possessiouem,
958 1384 1021 1447 que
1036 1375 1172 1434 voeatur
1188 1371 1247 1434 Pe-

123 1473 294 1560 turwarad,
321 1478 354 1538 et
368 1471 494 1554 Regale
508 1470 673 1556 palaeium
689 1469 812 1538 ibidem
833 1472 1041 1538 eonstitutum
1057 1491 1131 1538 eum
1146 1475 1248 1540 omni·

124 1582 178 1648 boa
193 1578 407 1668 pertineueiis
422 1577 503 1662 auis,
523 1577 648 1644 soilioet
666 1577 770 1661 silvis,
788 1578 891 1664 aquia,
918 1578 1054 1662 piseinie
1073 1587 1106 1646 et
1120 1581 1247 1664 insulis,

123 1689 213 1756 terris
229 1687 331 1754 cultis
348 1691 381 1752 et
395 1684 537 1768 iuoultia,
562 1703 635 1752 eum
650 1685 755 1750 tribus
770 1685 868 1769 villis,
897 1705 1034 1769 quarum
1050 1685 1113 1754 due
1131 1707 1247 1756 vooau·

123 1794 271 1880 turZoyl,
290 1801 324 1858 et
338 1791 441 1859 toreio
451 1791 618 1876 Bywolon,
636 1791 728 1878 ipsas
744 1791 849 1857 eoiam
859 1811 932 1858 oum
951 1793 1047 1862 terris
1063 1793 1110 1861 eis
1125 1813 1247 1880 appeu-

124 1902 280 1985 deutibus,
306 1919 370 1984 que
386 1898 430 1964 de
453 1898 718 1986 possessionibus
742 1898 872 1966 fueraut
894 1899 983 1967 Petri
1009 1899 1050 1967 do
1074 1907 1246 1987 prenotato

19 2029 20 2034 ¹
124 2010 252 2075 erimine
279 2007 495 2076 condemnati.
520 2008 635 2073 Preter
648 2007 761 2073 villam
786 2007 1058 2097 uduornicorum,
1083 2010 1139 2092 qui
1159 2010 1246 2076 ultra

19 2139 20 2176 r
123 2117 278 2185 fossatum
294 2121 543 2200 eommorautur,
564 2119 597 2180 et
610 2113 695 2181 inter
708 2114 824 2181 villam
838 2114 982 2201 ipsorum
998 2121 1031 2182 et
1042 2117 1182 2185 Abbatis
1197 2125 1247 2185 est

125 2231 309 2292 onanuota
334 2222 474 2290 eooleeia
498 2221 611 2289 Suuoti
635 2223 733 2289 Petri.
766 2221 969 2290 Contulimus
994 2226 1098 2292 oolam
1125 2235 1246 2294 terram

125 2331 264 2416 (themey
289 2329 396 2398 eidem
411 2329 568 2416 Eoelesie,
594 2351 694 2414 quam
721 2331 855 2417 propria
879 2331 1018 2417 peeuuia
1042 2333 1179 2400 emimus
1203 2335 1246 2401 ab

123 2438 250 2504 Andrea
273 2437 344 2504 filio
359 2437 553 2521 Myohuelis.
580 2439 663 2504 Item
686 2439 881 2505 contulimus
905 2437 1013 2504 eidem
1028 2437 1174 2505 Euolesie
1190 2439 1247 2506 vil·

19 2553 20 2560 ³
124 2547 183 2612 lan
199 2546 297 2626 Bata,
324 2563 387 2628 que
402 2543 465 2610 fuit
479 2545 661 2630 Myehaelis
680 2545 740 2612 lilii
757 2545 901 2631 Opudiui
915 2565 976 2630 pro
1004 2567 1054 2629 eo,
1079 2545 1167 2630 quod
1183 2567 1247 2615 ser-

123 2655 210 2720 uiens
225 2652 369 2719 Abbatia
385 2659 436 2718 est
451 2651 574 2718 ibidem
588 2653 786 2730 interfectus,
811 2659 845 2720 et
860 2653 1066 2740 postmodum
1082 2653 1123 2721 de
1137 2655 1247 2722 iulide·

19 2799 20 2820 ,
124 2761 211 2827 litate
227 2779 342 2827 eorum
356 2757 463 2842 Regni
477 2759 687 2843 Magnetibus
704 2767 755 2826 est
771 2760 947 2844 oonuietus,
967 2779 1040 2827 eum
1056 2763 1142 2829 omni
1158 2769 1246 2830 terra

124 2870 162 2936 ad
175 2865 488 2955 ipsumpertiuente.
504 2865 707 2934 contulimus
724 2867 828 2934 eciam
844 2867 950 2935 eidem
960 2868 1242 2957 lleelesievillam,

124 2996 180 3060 que
194 2981 334 3043 voeatur
348 2974 471 3057 Sauar,
489 2989 514 3039 a
526 2982 634 3042 oastm
650 2974 835 3060 Baohyensi
854 2981 1050 3060 exemptam,
1068 2993 1141 3040 eum
1156 2983 1244 3043 terra

126 3083 181 3151 ribi
195 3081 407 3170 appendente
421 3081 457 3146 in
473 3080 574 3163 silvis,
600 3086 632 3146 et
647 3081 681 3146 in
697 3081 814 3166 pratis,
832 3087 865 3147 et
879 3079 914 3145 iu
928 3079 1023 3146 terrie
1039 3081 1135 3148 eultis
1150 3088 1183 3148 et
1197 3081 1244 3149 in-

19 3187 20 3250 }
126 3191 224 3275 sultis,
242 3198 276 3256 et
290 3189 428 3272 triginta
438 3188 664 3255 mansionibus
675 3197 851 3272 aratorum,
868 3188 984 3272 quibua
994 3186 1145 3256 Eeelesia
1155 3189 1245 3257 Bele-

19 3359 20 3364 ,
124 3299 214 3368 fontis
230 3296 537 3364 modumseruiendi
553 3297 718 3362 ordinauit
732 3297 765 3362 in
776 3298 862 3363 buno
878 3297 1027 3363 modum:
1045 3297 1132 3381 quod
1150 3297 1244 3363 liberi

19 3443 20 3456 ÷
123 3408 183 3473 sint
197 3425 219 3470 a
234 3405 376 3472 servieio
391 3402 504 3482 aratri,
533 3403 593 3470 sed
609 3404 753 3486 quelibet
776 3403 904 3471 mansio
924 3409 1050 3470 tenetur
1076 3405 1244 3470 annuatim

19 3495 20 3518 ἲ
123 3515 244 3581 solvere
258 3511 409 3579 Eeelesie
437 3530 536 3576 vnum
560 3512 731 3597 fertonem,
757 3517 789 3577 et
813 3511 1033 3595 quadraginta
1057 3529 1177 3578 aeones
1203 3513 1244 3580 de

125 3641 249 3690 annona
264 3640 332 3687 non
347 3617 491 3705 propria,
519 3620 578 3686 sed
594 3619 735 3688 Abbatis
758 3620 851 3686 etad
875 3619 1107 3687 monasterium
1132 3621 1244 3705 depor-

19 3789 21 3812 ,
123 3739 196 3814 tare,
211 3735 245 3796 et
258 3735 411 3795 tenentur
425 3726 584 3810 gallinam
596 3747 695 3794 uuam
710 3726 790 3793 dare
806 3727 935 3812 singule
951 3727 1146 3793 mansiones.
1162 3728 1245 3791 Item

19 3903 21 3928 ,
121 3836 312 3905 contulimus
327 3833 435 3900 eidem
450 3833 598 3900 Euolesie
623 3839 691 3900 tres
706 3834 805 3900 villas
828 3832 862 3898 in
879 3831 1042 3900 comitatu
1057 3830 1244 3914 Baohyeusi

120 3946 318 4029 substitutus,
349 3941 410 4008 sed
435 3941 478 4007 ad
503 3949 646 4008 oestrum
663 3941 912 4026 Budrugiueuse
936 3939 1155 4024 pertinentes,
1182 3957 1245 4021 que

120 4059 250 4138 propter
265 4051 413 4117 looorum
429 4047 626 4114 distauoiam
642 4049 747 4114 eidem
763 4047 858 4133 quasi
877 4046 1009 4113 inutiles
1019 4043 1242 4130 habebantur;

19 4227 20 4248 ,
121 4177 253 4243 quarum
268 4175 338 4221 una
352 4159 488 4220 vooatur
504 4153 649 4237 Orouati,
671 4153 738 4220 alia
754 4154 921 4241 Oooehka,
937 4150 1039 4217 teroia
1050 4153 1156 4234 Pyros
1172 4171 1244 4218 oum

19 4319 20 4350 ,
120 4266 264 4333 omnibus
290 4260 387 4328 ten-is
405 4279 528 4344 aarum,
555 4279 692 4344 quarum
710 4261 916 4328 habitatores
942 4258 985 4323 ab
1001 4257 1148 4324 Eoolesie
1173 4261 1246 4325 sub·

121 4373 260 4441 ieoeione
283 4392 352 4438 non
376 4376 514 4456 possunt
537 4370 699 4454 recedere,
727 4388 788 4435 nee
804 4366 953 4435 Eoolesia
975 4365 1065 4432 valet
1087 4386 1144 4433 eos
1160 4369 1246 4434 vltra

121 4491 305 4550 eonsuetum
331 4478 478 4544 debitum
504 4495 697 4563 aggrauare,
724 4477 812 4543 omni
837 4483 946 4543 autem
971 4495 1056 4542 anno
1067 4525 1076 4559 ,
1102 4475 1246 4559 qualibet

121 4591 240 4656 mansio
256 4593 389 4655 tenetur
405 4583 485 4650 dare
496 4589 567 4652 oeto
583 4603 702 4652 aeones
719 4585 793 4670 puri
808 4581 969 4666 frumeuti,
990 4589 1023 4647 et
1039 4581 1176 4664 quilibet
1185 4603 1244 4648 aeo
