3134 5158
844 301 1002 402 ..Q

356 501 535 568 munimine
552 501 730 569 roboratas.
748 499 841 568 Anno
859 498 902 564 ab
918 495 1152 564 Inoarnaoione
1161 496 1292 562 Domini
1309 495 1487 563 millesimo

356 609 579 676 ducentesimo
594 607 846 693 quadragesimo
863 626 960 674 nono.

355 787 390 852 (A
411 791 529 840 esanmai
547 785 735 854 kdptalannak
756 787 867 838 rial-ki
888 789 933 856 „in
948 787 1016 838 festo
1038 786 1212 836 decensionie
1229 778 1357 836 Domini“
1379 783 1487 834 kiadott

356 875 508 938 atinatdbdb
522 877 592 943 moly
602 877 709 928 kdeniilt
722 879 873 947 „Georgius
886 877 957 926 iilius
970 876 1086 935 Niceten,
1099 875 1149 940 filij
1164 874 1295 940 Stephani
1309 874 1343 924 de
1357 873 1488 938 Pribycb.

355 971 383 1019 in
396 984 454 1030 sua,
473 983 523 1019 nee
536 983 589 1018 nou
602 969 721 1018 eiusdem
733 967 838 1020 Nicolai
852 967 945 1032 patris,
960 980 993 1015 ae
1008 965 1097 1024 Pauli,
1116 965 1222 1016 Nicolai
1231 969 1264 1037 et
1276 963 1412 1028 Stephani
1434 962 1488 1012 ira-

356 1064 427 1108 trum
440 1073 548 1110 suorum
567 1056 732 1110 carnalium“
747 1052 886 1122 keresere3
902 1081 938 1092 -
951 1070 968 1108 a
980 1055 1062 1110 budai
1082 1055 1132 1107 kir.
1152 1053 1274 1105 kamarai
1293 1046 1488 1122 lertltdrbsu)

790 1353 1053 1365 W

880 1844 957 1913 207.

354 2027 387 2092 A
402 2027 655 2112 sze'lresfhbdrudro'
669 2027 881 2112 ddptulanualr
897 2027 1010 2113 Aunes,
1029 2027 1116 2092 Pe'ter·
1131 2025 1283 2090 Zobasdo
1290 2024 1343 2106 fio
1361 2023 1490 2107 oejenek

354 2137 501 2201 bitbe're're
524 2134 693 2199 venadoeo'
708 2134 904 2199 into'zlcede'ee't
927 2141 1075 2220 turypazo'
1091 2132 1359 2216 bizonpsdqlerels.
1386 2129 1490 2194 1249.

464 2330 653 2416 Capitulum
677 2331 824 2398 Ecclesie
849 2330 1003 2397 Albensis
1029 2331 1189 2396 vniuersis
1214 2326 1423 2416 presencium
1440 2329 1490 2392 in·

356 2440 560 2527 spectoribus
576 2445 644 2506 tam
659 2441 867 2526 presentibus
885 2459 981 2524 quarn
993 2437 1107 2506 futuris
1127 2439 1264 2504 salutem
1279 2437 1313 2501 in
1328 2438 1488 2504 Domino.

355 2549 569 2615 Vniuersituti
586 2556 693 2615 vestre
718 2549 926 2634 presentibus
952 2549 1145 2631 innotescat,
1173 2547 1258 2631 quod
1280 2545 1404 2613 nobilis
1432 2546 1491 2613 do·

355 2656 444 2722 mina
469 2676 551 2722 vxor
566 2656 656 2722 Petri
680 2655 741 2722 filii
757 2657 898 2723 Zebusio
923 2655 1053 2722 nomine
1070 2657 1181 2740 Agnes
1206 2654 1274 2719 filia
1290 2653 1391 2736 Petri,
1420 2673 1493 2718 rna

354 2783 426 2830 oum
443 2764 560 2830 marito
576 2783 636 2830 suo
653 2769 831 2832 memorato
857 2783 967 2830 eoram
984 2763 1078 2830 nobis
1096 2761 1313 2848 comparendo
1333 2760 1493 2827 exhibuit

354 2871 450 2938 nobis
467 2869 594 2936 litteras
611 2871 734 2937 domini
746 2870 846 2954 Regis
863 2870 922 2936 sub
939 2872 1003 2936 hae
1018 2870 1141 2938 forma:

461 2978 530 3044 Nos
546 2977 627 3043 Bela
643 2979 705 3044 stb.
724 2975 819 3065 (mint
834 2979 965 3045 fentebb
987 2982 1061 3048 201.
1079 3000 1124 3046 ez.
1143 2979 1186 3062 a.)

463 3085 568 3169 Igitur
592 3086 666 3170 ipsa
682 3085 798 3151 eadem
823 3086 955 3152 domina
976 3086 1165 3171 bassillae,
1191 3085 1343 3150 videlieet
1367 3084 1493 3151 villam

355 3189 493 3277 Anchal,
509 3198 544 3258 et
559 3192 671 3258 villam
687 3195 826 3279 Tepula,
844 3203 876 3260 et
891 3194 1004 3260 villam
1032 3215 1093 3277 que
1112 3201 1161 3260 est
1176 3201 1267 3260 trans
1283 3193 1405 3258 flumen
1422 3195 1491 3260 La·

357 3299 457 3366 borch
482 3319 554 3365 oum
580 3301 683 3384 syluis
709 3301 753 3366 ad
775 3301 913 3368 eandem
938 3302 1174 3388 pertinentibus
1199 3303 1286 3368 infra
1309 3299 1494 3369 Zalaobka

356 3407 579 3494 existentibus
609 3430 691 3496 quas
707 3412 843 3478 maritus
867 3432 945 3478 suus
962 3419 1160 3478 memoratus
1186 3432 1245 3498 pro
1265 3412 1395 3478 dotibus
1413 3414 1494 3478 suis

355 3521 388 3581 et
403 3516 500 3583 rebus
516 3517 778 3603 parafernalibus
795 3519 857 3586 sibi
874 3521 996 3604 statuit,
1024 3541 1132 3586 coram
1149 3519 1244 3588 nobis
1260 3519 1294 3584 in
1310 3519 1494 3604 presencia

356 3623 501 3690 eiusdem
518 3626 624 3690 mariti
641 3627 691 3692 sui
709 3627 854 3710 eontulit,
881 3626 1017 3694 tradidit
1036 3633 1068 3694 et
1084 3627 1219 3694 donauit
1244 3627 1374 3692 filiabus
1401 3628 1493 3712 suis,

355 3729 529 3814 Catharine
554 3732 707 3800 videlicet
723 3733 817 3800 vxori
843 3735 977 3802 Comitis
994 3735 1107 3818 Jeme,
1134 3741 1167 3800 et
1186 3733 1367 3799 Petronelle
1387 3738 1495 3800 vxori

355 3837 489 3906 Comitis
505 3841 661 3926 Philippi,
688 3863 726 3908 ae
746 3841 822 3926 filiis
840 3848 872 3908 ot
898 3843 1028 3908 filiabus
1044 3862 1085 3907 ex
1101 3843 1225 3909 eisdem
1250 3840 1436 3927 procreatis
1457 3851 1497 3909 et

352 3947 565 4032 procreandis
576 3949 652 4030 jure
671 3957 828 4034 perpetuo
843 3957 876 4015 et
891 3950 1149 4016 irreuooabiliter
1170 3947 1408 4034 possidendas;
1439 3951 1496 4016 ita

354 4053 524 4138 siquidem,
550 4054 638 4139 quod
654 4061 720 4120 tem
736 4056 793 4140 filij
820 4055 949 4123 domine
966 4056 1149 4140 Catharine,
1178 4076 1273 4141 quarn
1291 4055 1348 4139 filij
1366 4063 1400 4120 et
1416 4055 1496 4124 filie

354 4161 676 4230 dominePetronelle
693 4184 733 4230 ex
750 4163 873 4230 eisdem
889 4165 976 4230 villis
993 4170 1026 4229 et
1037 4164 1231 4230 utilitatibus
1248 4183 1358 4228 earum
1370 4165 1497 4246 equali

352 4269 422 4334 iure
439 4277 472 4334 et
487 4271 643 4355 porcione
660 4272 899 4357 inperpetuum
926 4272 1139 4356 gratulentur.
1165 4273 1237 4338 Hoc
1254 4279 1362 4336 tamen
1383 4270 1497 4340 inter-

354 4376 470 4460 posito,
490 4379 576 4462 quod
593 4380 622 4444 si
638 4379 802 4446 dominam
819 4382 1037 4448 Petroncllam
1053 4380 1251 4447 antedictam
1271 4379 1412 4445 filiorum
1433 4386 1496 4450 vel

353 4483 492 4548 filiarum
518 4487 642 4554 solacio
669 4508 779 4553 carere
805 4489 1017 4572 contingeret,
1042 4495 1118 4554 tuno
1142 4507 1200 4573 per
1222 4492 1324 4552 totum
1350 4492 1498 4572 tempus

356 4591 421 4658 vite
437 4610 495 4656 sue
511 4592 545 4657 in
557 4595 626 4676 jam
644 4595 739 4661 dictis
764 4598 1026 4682 possessionibus
1044 4597 1153 4680 equali
1169 4603 1200 4662 et
1216 4615 1305 4661 mera
1324 4597 1498 4682 porcione
