3112 5148
865 305 1022 408 „res-

377 502 521 588 perienlo
538 519 701 588 exponere
717 497 916 585 formidem,
933 498 1141 586 postmodum
1155 503 1347 566 summorum
1361 498 1515 583 Regnum

373 617 521 678 noemin
540 608 662 676 Diuino
681 605 801 676 indioio
819 605 937 674 fornax
954 605 1168 676 snoeenderst
1181 605 1445 690 Tharthurorum,
1468 623 1514 672 ex

375 716 479 784 multa
487 715 606 784 fidnoia
616 734 715 801 quam
725 715 768 782 ab
780 713 851 782 eins
861 714 1019 782 fidelitate
1028 731 1121 782 mens
1131 714 1237 798 Regin
1246 713 1425 797 obtinebat,
1439 732 1514 780 uor-

375 829 520 890 noetrum
536 829 569 890 et
584 823 729 890 animam
745 827 899 906 nostrum,
919 820 1128 890 karissimum
1143 817 1300 888 uidelieet
1314 819 1512 908 primogeni-

291 947 298 956 ·
375 935 444 996 tum
466 935 613 998 nostrum
637 929 761 996 Dueem
785 928 984 1012 Stephanum
1003 925 1152 994 inolitum
1168 931 1202 994 et
1215 927 1377 994 illustrem
1391 925 1425 992 in
1440 945 1512 993 ma-

374 1053 436 1104 nna
452 1035 523 1103 eius
539 1033 692 1102 duximus
712 1033 1015 1118 commendandum,
1035 1033 1092 1118 qni
1107 1033 1245 1102 eundem
1259 1033 1513 1120 primogenitum

374 1150 521 1210 nostrum
536 1161 603 1208 vna
619 1161 692 1209 eum
708 1141 784 1208 aliis
798 1141 944 1227 prolibus
963 1141 1083 1210 nostris
1099 1141 1187 1210 tristi
1201 1146 1350 1227 tempore
1364 1141 1449 1208 letos
1460 1159 1512 1208 re·

375 1248 481 1316 tineus
497 1249 533 1315 in
548 1246 676 1316 delieiis
702 1248 980 1333 eonnenientibns,
1009 1267 1108 1318 sanos
1136 1247 1319 1316 recondidit
1334 1253 1367 1315 et
1381 1245 1509 1316 illesos.

374 1359 512 1425 Domum
536 1377 614 1426 noro
639 1375 712 1425 eum
728 1363 840 1444 partes
860 1357 1043 1425 maritimas
1063 1358 1269 1444 adiissemns,
1286 1357 1374 1424 idem
1390 1355 1512 1425 comes

374 1465 515 1533 Miehael
530 1465 670 1534 eonfinia
690 1473 802 1532 nostra
812 1465 900 1532 eirea
918 1465 1046 1533 Vorosd
1062 1475 1094 1534 et
1109 1467 1279 1534 Potoniam
1295 1465 1329 1531 in
1344 1471 1435 1532 tante
1445 1473 1513 1532 tnr-

374 1574 522 1642 baoionis
538 1579 684 1660 tempore
699 1578 812 1640 oonua
836 1573 1065 1641 malefaotores
1090 1573 1346 1660 quamplurimos
1361 1571 1460 1639 illesa
1477 1581 1513 1638 et

373 1681 566 1768 indempnis
580 1681 706 1768 potenti
722 1679 841 1748 uirtute
863 1679 1039 1765 ualidoque
1054 1681 1188 1749 braohio
1204 1681 1421 1765 oonsernanit,
1436 1701 1514 1767 pro·

374 1789 548 1858 fioisoendo
574 1789 615 1857 de
641 1789 761 1856 uirtute
786 1790 820 1856 in
843 1789 1004 1872 uirtutem,
1023 1794 1056 1854 et
1080 1788 1116 1854 in
1131 1807 1192 1855 sua
1206 1784 1363 1855 fidelitate
1378 1788 1514 1854 eulmen

373 1899 565 1966 eonstaneie
588 1895 806 1965 ascendendo.
831 1896 874 1963 Et
897 1897 976 1980 quia
999 1896 1133 1981 longum
1162 1903 1249 1963 esset
1273 1913 1427 1961 enarrare
1447 1913 1513 1981 per

372 2002 505 2087 singula
516 2003 586 2069 eins
603 2021 704 2088 opera
714 2001 811 2068 laude
827 2001 940 2091 digus,
957 2002 1074 2068 saltem
1090 2009 1125 2069 ut
1140 2023 1199 2088 per
1215 2001 1359 2069 radioem
1374 2021 1513 2087 oonpre-

372 2108 554 2176 hendsmus
578 2128 698 2193 ramos,
720 2106 854 2174 frondes
881 2115 915 2175 et
942 2107 1065 2176 fruetus
1091 2109 1218 2178 arboris
1234 2106 1510 2192 sommendande,

372 2215 479 2304 ipsius
493 2214 665 2301 generacio
675 2214 782 2282 fidelis
792 2234 920 2303 semper
936 2215 1045 2283 extitit
1059 2217 1185 2285 Corone
1199 2218 1302 2304 Regio
1318 2235 1358 2283 ae
1373 2215 1511 2301 deuota,

373 2331 486 2410 utpote
510 2323 544 2390 in
568 2325 682 2407 Regno
709 2341 767 2390 suo
791 2321 915 2390 fruetus
944 2323 1161 2408 dulcissimos,
1177 2343 1253 2390 uam
1268 2325 1412 2392 Berones
1429 2323 1513 2390 fide

373 2431 517 2499 lissimos
533 2429 739 2517 germinauit.
755 2431 794 2497 In
809 2431 1007 2498 conparium
1027 2451 1105 2499 uero
1121 2431 1255 2517 quidam
1271 2432 1312 2498 de
1328 2431 1514 2500 Solanonia

372 2539 505 2607 nomine
520 2539 676 2606 Pnohnna
691 2543 739 2607 tot
754 2545 787 2606 et
802 2545 894 2606 tanta
909 2539 941 2605 in
957 2541 1071 2624 Regno
1082 2547 1195 2607 nostro
1205 2537 1342 2606 dueente
1356 2537 1513 2624 maligno

370 2646 489 2732 epiritu
513 2647 602 2714 mala
626 2645 837 2733 perpetrauit,
852 2652 984 2734 propter
999 2666 1062 2731 que
1078 2646 1282 2714 membratim
1296 2666 1356 2734 per
1372 2645 1514 2715 diuersa

371 2755 447 2822 lona
461 2753 629 2840 suspendi,
645 2761 713 2823 toto
724 2756 836 2840 Regno
854 2762 969 2825 uonna
984 2757 1089 2842 ipsum
1099 2756 1256 2824 reddente
1271 2755 1512 2838 testimonium,

372 2859 567 2946 merebatur,
584 2860 802 2928 olamantibns
813 2869 929 2929 eontra
937 2861 1043 2947 ipsum
1059 2861 1244 2929 homicidiis
1253 2863 1373 2946 multis,
1383 2869 1415 2929 et
1425 2862 1512 2928 aliis

370 2966 555 3056 nephandis
569 2966 768 3052 oriminibns,
794 2973 828 3034 et
840 2967 1028 3054 speoialiter
1045 2969 1206 3054 sangnine
1220 2971 1370 3057 Magistri
1386 2969 1510 3036 Oehnz

369 3074 430 3141 filii
446 3074 555 3142 Oohnn
569 3074 662 3160 Beni,
689 3093 784 3159 quem
802 3073 885 3141 inter
904 3075 988 3144 alios
1014 3075 1189 3144 crudeliter
1202 3075 1382 3159 interierit,
1409 3077 1515 3144 onius

369 3203 457 3251 mors
472 3183 550 3249 feeit
566 3182 739 3249 tristioiam
755 3184 814 3249 toti
829 3185 963 3270 Regno,
985 3204 1048 3268 qne
1063 3185 1166 3252 multa
1181 3193 1215 3252 et
1228 3185 1375 3253 enormia
1390 3191 1515 3255 nostro

370 3296 405 3357 et
420 3296 602 3356 nostrornm
618 3289 782 3356 Beronum
798 3295 831 3354 et
846 3289 951 3356 tooius
968 3291 1073 3376 Regni
1088 3290 1190 3358 nostri
1206 3290 1327 3358 indioio
1337 3291 1450 3376 ipsum
1461 3294 1516 3360 ad

368 3395 508 3462 alieuius
524 3392 685 3462 horrende
701 3395 815 3463 mortis
831 3394 1011 3481 perieulum
1026 3395 1259 3482 perdnoebant.
1284 3397 1404 3462 Verum
1419 3400 1513 3481 qnia

369 3502 624 3570 miserirordiam
650 3502 825 3586 diligimus,
850 3511 886 3570 nt
910 3524 931 3568 a
956 3503 1166 3572 miserieordo
1181 3511 1214 3572 et
1227 3504 1264 3572 id
1278 3509 1419 3572 testante
1436 3507 1514 3575 Do·

369 3611 457 3678 mino
473 3608 727 3676 misericordiam
747 3629 992 3694 consequamur,
1021 3610 1135 3678 eodem
1149 3612 1306 3680 Pnehuna
1321 3614 1514 3696 possessio

365 3717 464 3786 nibus
489 3718 558 3785 suis
581 3717 739 3804 omnibns,
757 3737 816 3804 per
831 3738 914 3804 quas
930 3719 1116 3802 transgredi
1141 3727 1271 3808 poterat
1286 3727 1319 3790 et
1333 3729 1513 3809 transgre-

367 3827 531 3911 diebatur,
556 3825 665 3894 faeere
690 3825 779 3892 mala
795 3833 829 3894 et
843 3825 930 3910 fooit,
956 3827 1135 3896 iustissime
1154 3829 1306 3916 spoliato,
1321 3847 1510 3916 personam

366 3936 473 4021 ipsius
497 3934 600 4002 libero
625 3933 717 4002 abire
741 3933 948 4020 permisimus
973 3935 1034 4001 sub
1059 3955 1098 4004 eo
1114 3936 1312 4006 eondioionis
1328 3936 1510 4024 ligamine,

366 4039 456 4124 quod
479 4039 559 4107 lasis
580 4059 640 4126 per
654 4040 762 4126 ipsum
777 4039 993 4126 satisfaoeret,
1020 4039 1061 4108 de
1077 4049 1185 4112 eetero
1199 4045 1281 4110 talia
1296 4043 1511 4113 eommittere

366 4147 603 4234 postponendo.
630 4149 729 4218 Cuius
753 4150 990 4237 possessiones,
1015 4149 1169 4220 uidelieet
1193 4153 1303 4221 Lobm
1319 4157 1353 4219 et
1370 4149 1509 4238 Veiiea,

368 4256 530 4323 clenonik
546 4257 775 4342 soZlogonam
790 4276 863 4325 oum
879 4258 1028 4327 omnibns
1044 4260 1227 4346 attinonoijs
1243 4261 1321 4346 suis,
1337 4261 1511 4346 prenomi-

365 4367 445 4426 nato
468 4360 621 4428 Miohaeli
647 4363 763 4430 Oomiti
789 4363 830 4430 de
853 4365 987 4449 Vorosd,
1005 4372 1039 4431 et
1053 4365 1120 4433 suis
1136 4367 1311 4434 heredibus
1326 4369 1359 4434 in
1375 4385 1510 4435 memo-

366 4465 450 4532 riam
474 4467 685 4552 multiplicum
709 4471 919 4538 sernioiornm
945 4471 1025 4556 eins,
1042 4493 1108 4540 non
1122 4480 1233 4542 tamen
1247 4475 1283 4542 in
1297 4477 1434 4563 plenam
1451 4497 1509 4544 re-

363 4572 678 4655 eompensaoionem,
703 4593 776 4642 oum
801 4576 898 4662 longe
921 4577 1096 4664 minuerit,
1120 4581 1208 4664 qnod
1230 4583 1261 4648 ei
1276 4580 1446 4650 oderimus
1466 4583 1508 4651 in
