3112 5148
879 297 942 362 roa

344 512 415 560 rnm
430 499 495 560 tam
511 491 727 580 presencium,
752 512 850 576 quam
866 493 1069 580 posterorum
1084 497 1239 566 noticiam
1254 499 1369 565 harum
1384 495 1472 563 serie

342 603 490 670 uolumus
506 602 685 688 peruenire,
704 600 862 687 quodnos
873 603 1115 674 considerantes
1126 607 1317 675 multimoda
1331 605 1473 673 seruicia

343 709 456 778 dilecti
479 718 513 777 ot
537 708 643 777 tidelis
668 709 771 776 nostri
797 708 931 778 Comitis
947 711 1054 800 Prina,
1071 713 1130 799 filij
1147 715 1281 783 Comitis
1298 713 1471 800 Regnaldi,

341 837 406 902 que
421 839 443 885 a
456 818 569 906 primis
585 816 733 905 puericie
747 817 948 904 temporibus
968 827 1079 890 nostre
1098 822 1222 910 pariter
1239 829 1271 890 et
1286 842 1355 906 sne,
1373 819 1473 889 conti·

342 935 444 994 nuata
453 925 612 993 fidelitate
621 925 715 993 nobis
724 925 894 1014 impendit,
911 932 978 994 tarn
988 927 1022 995 in
1032 949 1167 1015 corpore
1177 930 1282 1015 Regni
1292 929 1471 1016 Hungcrie,

344 1055 441 1120 quam
458 1033 492 1100 in
507 1033 658 1121 partibus
673 1034 801 1120 Ruscie,
827 1035 981 1120 quociens
997 1035 1040 1102 sd
1056 1037 1233 1104 exercitum
1256 1037 1334 1106 illuc
1349 1055 1409 1104 nos
1424 1037 1474 1102 ire

343 1142 534 1229 contigerat,
563 1147 595 1208 et
619 1143 653 1209 in
678 1149 767 1209 terra
790 1141 923 1228 Ascani,
950 1163 990 1210 sc
1014 1144 1119 1212 eciam
1135 1143 1168 1212 in
1185 1152 1272 1214 terra
1290 1144 1474 1214 Teutonico

342 1249 545 1335 multotiens,
562 1269 623 1318 nec
638 1270 702 1317 non
713 1249 802 1318 circa
817 1257 928 1337 partes
944 1252 1125 1320 maritimas
1141 1253 1202 1320 sub
1218 1259 1328 1323 nostro
1344 1254 1468 1321 uexillo

343 1365 472 1426 strenue
485 1357 674 1444 militando,
700 1357 734 1424 in
750 1357 939 1426 memoriam
955 1364 1003 1424 tot
1018 1359 1227 1428 seruiciorum
1242 1361 1324 1446 eius,
1341 1379 1407 1428 non
1423 1369 1472 1428 ta-

343 1487 417 1534 men
441 1466 475 1532 in
500 1466 631 1552 plenam
657 1467 1008 1556 recompensacionem,
1035 1487 1107 1536 cnm
1123 1469 1193 1538 eius
1208 1470 1332 1536 moritis
1357 1491 1474 1561 propo·

343 1595 460 1644 namus
475 1577 510 1643 in
526 1573 676 1661 pluribus
692 1573 900 1661 respondere,
917 1583 1037 1643 terram
1053 1575 1217 1662 quandam
1232 1577 1363 1645 nomine
1373 1577 1469 1662 Bille,

343 1691 599 1754 commetaneam
614 1689 700 1752 terre
715 1702 774 1752 sue
788 1683 917 1751 nomine
927 1685 1053 1770 Knysa,
1070 1705 1133 1770 que
1150 1685 1388 1754 habitatoribus
1399 1687 1473 1753 eius

342 1795 561 1864 castrensibus
589 1793 762 1862 demedio
788 1792 926 1861 sublatis
952 1795 1046 1878 qnasi
1071 1813 1177 1862 uacua
1196 1801 1408 1880 remanserat,
1435 1796 1472 1860 in

343 1903 510 1972 comitatu
526 1901 735 1987 Zaladiensi;
761 1920 860 1987 quam
875 1907 996 1968 terram
1011 1909 1124 1970 noster
1144 1903 1254 1970 inclite
1270 1901 1473 1971 recordacio-

343 2013 393 2079 nis
409 2017 502 2099 pater
518 2009 666 2076 Andreas
681 2011 752 2076 Rex
762 2008 930 2093 Hnngarie
946 2008 1109 2095 gloriosus
1124 2011 1211 2098 patri
1229 2029 1288 2078 suo
1298 2010 1473 2096 Regnaldo

343 2120 460 2188 eonnti
486 2124 673 2202 memorato,
699 2115 916 2185 consideratis
933 2117 1004 2185 cius
1029 2125 1062 2184 et
1080 2118 1321 2204 progenitorum
1338 2138 1472 2186 suorum

343 2229 470 2298 Corone
489 2227 592 2312 Regis
617 2226 777 2312 impensis
800 2225 960 2312 ssruicijs,
977 2227 1141 2312 quondam
1158 2227 1262 2294 eciam
1278 2227 1472 2312 contulerat,

343 2359 401 2406 suo
417 2335 588 2426 priuilegio
605 2334 840 2419 confirmatam,
867 2334 925 2400 sed
941 2341 1086 2422 tempore
1105 2335 1331 2404 rcuocacionis
1357 2353 1474 2421 perpe-

343 2449 493 2515 tuitatem
509 2445 615 2512 iuerat
634 2442 750 2510 eadem
766 2443 901 2508 collacio
922 2449 1107 2527 retractata,
1130 2465 1214 2511 nunc
1230 2443 1335 2511 eidem
1353 2443 1475 2510 Comiti

343 2557 438 2624 Prina
454 2561 486 2622 et
502 2553 570 2622 suis
580 2551 736 2636 legitimis
752 2551 995 2619 successoribus
1013 2551 1046 2618 in
1062 2547 1255 2640 perpetuum
1276 2552 1476 2621 contulimus

343 2668 440 2752 pleno
456 2665 525 2730 iure
541 2662 601 2730 sub
618 2659 742 2728 eisdem
759 2659 904 2727 terminis
916 2661 986 2728 siue
1002 2661 1108 2746 metis,
1124 2663 1243 2745 quibus
1261 2681 1321 2748 per
1336 2661 1474 2744 inquisi-

342 2781 431 2842 tores
441 2779 474 2839 et
483 2770 622 2856 jndices,
641 2769 723 2837 sicut
733 2769 767 2834 in
778 2769 853 2853 alijs
864 2769 1089 2857 comitatibus,
1106 2771 1154 2837 sic
1166 2777 1198 2838 st
1208 2770 1240 2837 in
1252 2771 1335 2837 Zala
1346 2766 1476 2836 anobis

344 2879 508 2966 quondam
519 2878 701 2964 deputatos,
714 2876 789 2962 ipsa
799 2875 914 2944 Castro
924 2876 1226 2944 fueratcmendata.
1242 2877 1280 2943 In
1293 2877 1385 2944 cuius
1395 2895 1474 2963 pos-

344 2989 524 3057 sessionem
540 3005 598 3072 per
614 2984 767 3051 dilectum
792 2991 825 3050 et
843 2983 973 3052 fidelem
990 2990 1135 3054 nostrum
1151 2985 1309 3052 Comitem
1325 2988 1476 3052 Marcum

344 3097 446 3165 filium
471 3097 558 3162 Luce
584 3091 719 3160 Comitis
745 3092 852 3180 ipsum
877 3091 1012 3160 fecimus
1028 3093 1198 3161 introduci.
1219 3093 1270 3161 Ne
1285 3093 1384 3178 igitur
1398 3093 1478 3178 ipse

346 3206 462 3273 Comes
477 3204 583 3287 Prinz,
610 3201 664 3268 uel
679 3201 730 3267 sui
746 3199 883 3268 heredes
909 3200 1127 3286 heredumque
1150 3219 1354 3270 successores
1371 3219 1479 3284 super

345 3311 459 3378 eadem
485 3317 572 3378 terra
595 3308 629 3373 in
655 3312 819 3393 posterum
844 3305 978 3373 ualeant
997 3305 1171 3390 inquietari
1187 3327 1246 3374 seu
1262 3305 1480 3391 aliquatenus

346 3419 521 3506 molestari,
548 3421 716 3503 presentes
741 3413 775 3481 in
799 3421 989 3502 perpetuam
1014 3414 1226 3482 stabilitatem
1247 3415 1342 3482 huius
1358 3421 1479 3482 nostre

347 3525 537 3596 donacionis
554 3523 773 3594 concessimus
794 3522 932 3609 litteras,
959 3521 1122 3608 duppliois
1138 3521 1240 3608 sigilli
1256 3520 1357 3588 nostri
1371 3523 1482 3588 muni-

346 3636 431 3703 mine
455 3635 526 3702 iure
550 3638 707 3720 perpetuo
723 3630 903 3698 roboratas.
929 3629 1051 3696 Datum
1067 3629 1154 3715 apud
1175 3629 1406 3697 monasterium
1423 3628 1482 3694 ci-

345 3743 569 3813 sterciensium
584 3741 618 3808 in
632 3739 748 3826 Topiiz
758 3759 844 3806 anno
855 3736 1026 3804 Dominice
1035 3737 1281 3805 Incarnacionis
1297 3736 1482 3804 millesimo

344 3851 568 3921 ducentesimo
585 3845 836 3934 quadragesimo
855 3845 967 3927 quinto
983 3845 1059 3912 XII.
1085 3843 1246 3913 kalendas
1271 3845 1349 3932 Maij
1366 3847 1485 3931 Regni

344 3969 454 4029 antem
470 3955 574 4028 nostri
590 3975 675 4022 anno
693 3954 827 4022 decimo.

345 4161 484 4228 (Eredstie
506 4151 677 4223 bdrlrtlrtytn,
702 4169 720 4206 a
737 4149 979 4220 sdrgs·violasstntt
1003 4148 1230 4220 selyemasindron
1252 4152 1363 4220 fdggdtt
1381 4152 1486 4219 peccet

344 4251 480 4314 elrosrett,
494 4265 510 4300 u
523 4247 607 4300 budai
620 4247 670 4298 lrir.
683 4245 808 4298 kamarci
820 4241 997 4296 levtltrtrban.
1019 4239 1180 4310 Hicinyosau
1194 4241 1302 4297 kerolto
1313 4240 1394 4307 rejer
1407 4243 1485 4300 Cod.

704 4336 776 4403 Dlpl.
790 4335 836 4390 lv.
851 4335 906 4387 lrdt.
919 4337 943 4399 1,
956 4335 989 4388 V.
1004 4336 1063 4389 389.
1078 4331 1111 4404 l.)

771 4653 1035 4671 ψ
