3134 5150
576 311 733 411 *21-

100 515 152 572 tum
164 504 328 590 usquead
346 511 447 592 caput
471 503 563 571 fluuii
579 504 685 572 Obris.
712 506 754 570 Et
769 511 805 572 ut
824 511 931 572 ratum
957 506 1019 574 hoc
1034 513 1067 572 et
1090 508 1218 574 firmum

100 619 273 699 permanent
287 613 570 680 litterasmostnas
586 612 782 680 contulimus
806 632 904 698 super
920 615 981 679 hoc
997 613 1101 699 sigilli
1115 617 1219 682 nostri

99 723 260 789 munimine
275 723 462 789 roboratas.
479 720 629 788 Secundo
640 720 807 807 Stephano
818 721 983 807 Episcopo
1000 722 1220 807 Zagrobiemsi

99 829 252 912 existente,
269 829 348 894 Fila
357 828 541 914 Proposito,
553 828 738 913 angracio
750 827 899 912 Centone,
911 829 1060 896 dohanme
1070 829 1218 915 Lectore,

100 934 241 1020 Gregorio
259 933 419 1016 Custode,
436 937 535 1000 Petro
550 937 696 1020 Decumo,
713 941 746 1001 et
761 936 838 1022 slijs
854 935 975 1003 multis.
994 938 1088 1008 Ammo
1104 937 1218 1021 gracie

100 1041 404 1109 utemur.

16 1235 17 1242 ’
100 1236 219 1298 (Eredstie
231 1235 410 1305 bltrlntrtydm
425 1237 545 1305 opoente
557 1234 616 1288 mndr
629 1239 767 1302 sluesuett
781 1254 799 1288 a
810 1239 912 1292 ldmelt.
921 1240 1036 1307 hereneg
1049 1239 1216 1308 Eszterhtay

16 1321 17 1338 ¹
497 1324 810 1388 esalddlevdlttrlbon.)

525 1623 789 1632 ———--

96 2253 198 2317 adm
207 2243 393 2339 antespasti
403 2251 489 2315 treet
499 2253 530 2316 ds
544 2251 701 2314 sarulsus
712 2249 934 2316 denotaremus
945 2249 991 2316 Aa
1006 2253 1215 2339 nsudflllddn

16 2433 17 2436 Ἴ
97 2361 240 2447 nlrr'rdlyi
256 2357 501 2424 londowkdltal
519 2357 691 2440 felcllstoss
710 2357 915 2447 dotdrjeleket
941 2361 1218 2444 tractatoriam

252 2491 297 2529 az
312 2467 496 2552 sszterpami
511 2465 694 2552 epyddznalc
709 2465 924 2550 mouzaadjal.
941 2467 1038 2530 1236.

188 2663 355 2729 Robertus
371 2659 436 2725 Dei
461 2660 574 2742 gracia
597 2660 832 2743 strigoniensis
850 2659 1135 2747 Archiepiscopus,
1160 2663 1218 2728 Se·

95 2767 143 2833 bes
158 2767 277 2835 (lomes
303 2768 490 2848 liddensis,
514 2767 663 2832 Andreas
687 2767 833 2854 Ruphus,
858 2769 1051 2853 Zoboulaus‚
1078 2769 1214 2855 Micche‚

96 2875 206 2960 Zochyt
220 2875 385 2956 Comites·
407 2881 440 2939 et
455 2872 512 2958 alij
530 2873 715 2942 coniudices
731 2873 925 2962 eorumdem,
948 2895 969 2941 a
985 2877 1116 2944 domimo
1132 2877 1217 2944 Bela
1326 2903 1328 2908 ·

95 2981 199 3049 illustri
213 2987 311 3068 Rege
327 2981 496 3066 Hungarie
512 2981 555 3046 od
571 2981 773 3048 reuocandas
792 2984 1026 3068 perpetuitates
1042 2985 1076 3049 iu
1093 2984 1216 3068 Strigo-

96 3089 353 3157 nieusiDiocessi
365 3087 541 3170 constituti,
558 3087 719 3153 universis
730 3086 850 3154 Christi
865 3089 1025 3172 fidelibus,
1042 3098 1216 3175 presentes

98 3197 212 3264 litteras
228 3195 439 3281 inspecturis,
453 3195 592 3259 salutem
607 3195 640 3259 in
650 3194 790 3288 Domino
806 3197 886 3262 Jesu
898 3195 1036 3263 Christo.
1051 3197 1214 3264 Vniversi·

16 3349 17 3360 r
94 3307 143 3388 lutj
156 3315 268 3372 resne
284 3311 398 3370 tenore
413 3303 619 3388 presencium
635 3304 784 3368 uolumus
801 3303 870 3386 fierj
887 3303 1105 3387 manifestum,
1125 3303 1217 3386 quod

94 3409 197 3477 danes
214 3409 456 3495 strigoniensis
471 3407 613 3494 Capituli
638 3409 682 3473 ad
697 3417 842 3476 nostram
866 3409 1059 3476 accedentes
1084 3429 1212 3494 presen-

16 3539 17 3552 ¹
94 3519 175 3602 eiam,
201 3516 378 3600 conquesti
403 3523 479 3582 sunt
503 3516 597 3582 nobis
614 3514 655 3581 de
680 3515 880 3599 agasonibus
907 3515 1029 3582 domimi
1054 3517 1154 3606 Regis
1170 3517 1214 3589 de

94 3624 161 3692 nilla
175 3629 301 3710 Louaz,
318 3624 476 3706 dicentes,
502 3623 589 3708 quod
604 3625 702 3689 iidem
727 3643 891 3708 agasones
918 3625 1090 3693 destructis
1115 3629 1212 3694 metis

93 3736 233 3820 antiquis,
249 3745 374 3800 terram
391 3731 433 3796 ad
448 3737 585 3815 quatuor
602 3738 714 3796 aratra
729 3731 769 3796 de
784 3739 872 3798 terra
890 3733 955 3798 Ass
971 3733 1117 3799 Ecclesia
1133 3733 1211 3799 Stri-

91 3844 260 3928 punientis,
287 3847 403 3906 contre
418 3841 523 3906 Deum
549 3847 582 3906 et
596 3839 754 3906 iustitiam
780 3841 991 3906 abstulerunt.
1017 3843 1086 3908 Nos
1110 3841 1211 3924 igitur

92 3951 174 4016 iuxta
189 3951 385 4018 mandatnm
401 3947 524 4014 domini
534 3949 633 4034 Regis
649 3949 744 4016 mobis
758 3949 945 4032 iniunctum,
963 3950 1047 4014 sicut
1063 3948 1209 4030 decebat,

91 4061 241 4128 amoenis
267 4053 492 4126 conludicibus
519 4065 551 4123 st
566 4077 587 4122 a
602 4057 717 4123 vicinis
734 4064 766 4122 et
782 4056 990 4123 conterminis
1016 4053 1101 4119 dicte
1126 4061 1212 4120 terre

90 4187 179 4255 super
194 4169 261 4234 hoc
286 4165 445 4249 inquisito
470 4164 666 4248 diligencius
683 4165 837 4247 veritate3
860 4162 936 4245 quia
957 4161 1100 4228 constitit
1115 4161 1211 4228 nobis

89 4297 139 4359 per
153 4276 291 4342 eosdem
312 4272 500 4340 conludices
516 4281 644 4338 nostros
671 4277 703 4337 et
720 4273 843 4338 viciuos
860 4276 892 4334 et
908 4269 1124 4335 conterminos
1139 4289 1209 4355 prc-

16 4369 17 4414 ἶ
89 4381 166 4450 dicte
181 4393 280 4464 terre,
306 4383 414 4468 ipsam
430 4387 549 4447 terram
574 4401 647 4446 esse
665 4391 696 4446 et
712 4381 810 4446 luisse
834 4385 957 4444 terram
974 4378 1211 4462 Strigouiensis

16 4515 17 4520 ¹
88 4491 231 4558 Ecclesie
246 4493 291 4557 ab
307 4491 460 4573 antiqu03
489 4509 546 4575 per
561 4487 783 4554 Alexandrum
801 4487 967 4568 Comitem,
984 4507 1082 4551 unum
1099 4507 1140 4551 ex
1155 4505 1212 4553 mo-

16 4583 17 4592 *
89 4599 143 4682 bis,
167 4607 275 4667 metas
300 4617 416 4682 nouas,
444 4617 526 4680 quas
542 4616 704 4678 agasones
730 4595 887 4660 antedicti
913 4601 1025 4660 contra
1048 4595 1211 4659 iusticiam
