3122 5154
849 291 1006 392 ,um

347 483 479 571 'censis,
505 493 536 552 et
553 506 633 552 uxor
651 487 716 552 Bes
733 487 868 554 domitis
884 485 1102 573 personaliter
1127 507 1198 554 oum
1215 488 1281 555 lilio
1306 509 1364 554 suo
1381 487 1498 573 enak,

362 612 401 657 ec
427 594 614 680 Capitulum
639 595 812 679 prefatum,
838 617 858 662 a
882 596 976 662 nobis
1001 595 1163 662 instanter
1189 597 1376 682 petierunt:
1398 603 1435 662 ut
1460 598 1499 664 si

361 707 507 786 possent,
532 703 616 768 inter
632 725 667 770 ιο
687 711 764 770 ente
789 724 949 790 response
973 703 1104 770 testium
1121 723 1252 772 suorum
1276 704 1497 790 composicio-

361 829 434 876 nem
460 810 682 878 reformarent.
709 811 866 880 Admisse
880 819 987 880 eutem
1004 832 1115 880 eorum
1140 812 1314 898 peticione,
1334 819 1401 880 tem
1418 814 1493 879 Ma-

361 917 462 1000 gister
487 919 670 986 Demetrius
694 940 766 986 enm
793 921 870 1006 elijs
896 920 1131 1006 prenominatis
1157 919 1362 1004 bominibus,
1386 939 1494 1002 quem

361 1023 557 1111 Capitulum,
582 1029 624 1094 ad
646 1047 705 1094 nos
730 1029 912 1113 redeuntes,
941 1029 1102 1112 dixerunt,
1129 1029 1228 1094 talem
1253 1027 1337 1096 inter
1361 1047 1398 1093 se
1423 1027 1491 1094 ior-

360 1151 468 1198 mussc
492 1133 774 1220 composicionem,
799 1141 834 1202 ut
849 1137 884 1203 in
907 1135 971 1202 fide
987 1142 1019 1200 et
1043 1134 1209 1202 intellectu
1235 1153 1295 1200 sor
1317 1135 1491 1200 hominum

359 1241 678 1326 cumprouincialium
695 1243 827 1312 deberet
842 1243 994 1311 satisfieri
1005 1244 1133 1328 utrique
1149 1243 1251 1330 purti5
1268 1263 1404 1328 qnorum
1422 1262 1487 1308 sex

359 1349 524 1417 hominum
539 1355 605 1418 tres
621 1350 807 1438 Capitulum
824 1351 921 1418 debet
936 1351 1107 1437 adducere,
1126 1350 1279 1418 videlicet
1298 1349 1490 1418 Achillcum

359 1462 392 1522 et
406 1458 493 1525 Dees
510 1457 551 1526 de
575 1479 696 1544 genere
711 1461 866 1544 Hermen,
892 1465 924 1524 et
940 1457 1007 1525 Julr
1023 1457 1301 1543 degeneretur,
1319 1465 1386 1524 tres
1402 1477 1488 1524 nero

358 1563 417 1650 filij
434 1565 520 1632 Pons
544 1572 577 1632 et
592 1565 726 1635 Comitis
742 1567 819 1652 Bas,
846 1565 971 1634 seilicet
996 1566 1109 1652 Endry
1128 1564 1229 1632 lilium
1256 1564 1403 1648 Boeholr,
1424 1565 1488 1632 Zu-

359 1671 434 1740 dum
450 1677 483 1738 et
497 1671 618 1740 Sebam
643 1671 685 1740 dc
700 1692 822 1758 genere
837 1673 921 1757 loir,
949 1674 1025 1739 etsi
1049 1692 1163 1741 omues
1187 1672 1236 1740 illi
1252 1691 1310 1740 ser
1333 1671 1487 1740 homines

358 1781 515 1848 accedere
540 1781 584 1848 ad
599 1787 718 1848 terrem
734 1781 825 1849 illem
850 1802 914 1850 non
930 1787 1076 1866 possent,
1091 1779 1318 1850 nichilominus
1343 1779 1407 1848 dno
1423 1799 1486 1865 pro

358 1885 519 1974 Copitulo,
545 1894 577 1955 et
593 1889 657 1957 dno
681 1911 740 1978 pro
755 1889 832 1976 filijs
849 1891 935 1956 Pons
958 1894 992 1957 et
1007 1890 1073 1956 Bas
1093 1887 1231 1957 Comitis
1253 1884 1436 1976 accedunt,
1451 1895 1487 1955 et

356 1993 406 2060 illi
431 1995 517 2081 perti
533 2001 679 2065 statuant
702 2003 824 2066 terram
841 1997 912 2066 sine
936 1997 1048 2082 eliqua
1066 1995 1339 2082 contrudiccicne,
1365 1993 1418 2060 cui
1437 1996 1486 2063 in·

356 2101 540 2170 tellexerint
555 2123 626 2173 csse
642 2106 860 2194 statuendam,
871 2107 1056 2193 obligantes
1072 2125 1108 2174 se
1123 2103 1486 2193 insuperembepertes

356 2210 417 2278 teli
433 2211 547 2298 modo,
566 2219 601 2280 ut
616 2214 645 2280 si
661 2234 725 2298 que
741 2233 820 2302 pers
844 2215 992 2283 homines
1008 2235 1068 2302 pro
1085 2233 1121 2282 se
1147 2216 1328 2284 nominatos
1343 2234 1409 2282 non
1426 2213 1484 2281 ud·

357 2317 498 2404 duceret,
515 2320 568 2386 vel
585 2318 626 2387 de
642 2320 809 2388 intellectu
828 2319 985 2388 dictorum
1002 2341 1060 2388 sex
1071 2322 1245 2407 bominum,
1264 2329 1321 2388 eut
1335 2321 1484 2409 ipsorum

356 2433 503 2514 quatuor,
529 2429 613 2496 sicut
637 2429 785 2516 superius
810 2427 932 2495 dictum
961 2437 1020 2515 est,
1047 2429 1076 2496 si
1095 2448 1207 2498 omnes
1231 2429 1389 2496 interesse
1415 2450 1484 2497 non

356 2543 499 2620 possent,
525 2537 676 2622 resiliret,
701 2543 830 2622 terram,
857 2557 1036 2625 superque
1058 2545 1108 2605 est
1133 2538 1312 2622 contencio,
1337 2537 1482 2622 amittat,

356 2650 390 2710 et
405 2641 447 2712 dc
462 2651 568 2712 cetero
585 2665 682 2731 super
696 2664 736 2712 ee
752 2645 818 2713 litis
834 2646 1018 2732 ingressum
1033 2645 1155 2713 habere
1175 2667 1239 2714 non
1255 2647 1370 2732 possit.
1396 2647 1483 2726 Quo-

355 2767 426 2817 rum
452 2769 511 2818 sex
535 2751 698 2820 hominnm
731 2753 883 2840 quinque,
910 2753 1061 2820 videlieet
1084 2753 1185 2838 Zuda,
1212 2755 1328 2823 Comes
1356 2753 1483 2839 Endry,

355 2858 532 2944 Achilleus,
556 2858 622 2926 Jek
639 2866 672 2926 et
686 2861 784 2944 Dees,
799 2863 833 2928 in
849 2861 989 2930 termino
1005 2862 1189 2950 apartibus
1205 2863 1373 2946 assignato
1390 2879 1483 2928 ecce-

356 2968 481 3053 dentes,
497 2967 674 3036 secundum
686 2969 771 3054 quod
787 2969 820 3035 in
830 2969 947 3038 litteris
961 2977 1030 3036 tem
1041 2971 1160 3056 sigillis
1169 2971 1314 3058 ipsorum
1324 2969 1482 3057 propriis,

355 3093 455 3161 quem
470 3072 635 3142 Abbetum
661 3075 701 3141 dc
717 3073 783 3142 Jelr
800 3081 833 3142 et
849 3075 890 3142 de
905 3077 1082 3164 Copurnuk
1106 3075 1265 3164 inpressis
1283 3075 1413 3164 plenius
1429 3095 1483 3141 co-

355 3181 539 3272 gnouimus,
564 3191 684 3250 terrem
710 3183 941 3269 supradictam,
969 3183 1054 3252 sieut
1078 3205 1136 3270 per
1163 3203 1199 3252 se
1224 3191 1257 3251 et
1284 3203 1342 3270 per
1366 3201 1484 3250 omnes

354 3291 637 3379 conpromnciales
661 3292 747 3360 scire
771 3292 946 3379 potuerint,
978 3292 1127 3359 Ecclesie
1150 3292 1381 3360 intellexerunt
1407 3311 1486 3358 esse

354 3399 558 3469 statuendam
574 3419 684 3468 coram
700 3400 964 3487 procuratoribus
987 3401 1125 3469 tiliorum
1141 3401 1229 3469 Pons
1245 3406 1278 3466 et
1292 3401 1359 3467 Bes
1375 3399 1487 3467 (lomi-

352 3509 406 3575 tis.
432 3507 526 3575 Vnde
541 3507 618 3576 licet
632 3507 724 3574 iuxta
749 3509 1022 3595 composicionem
1038 3509 1159 3576 fuctum
1184 3507 1341 3594 parcium,
1367 3525 1484 3574 secun·

354 3613 431 3682 dum
455 3615 654 3682 intellectum
681 3613 838 3683 dictorum
853 3615 996 3702 quinque
1022 3615 1187 3683 bominum
1210 3613 1364 3684 satisfieri
1379 3611 1483 3701 (lapi-

350 3725 420 3793 tulo
438 3719 623 3808 debuisset,
650 3729 770 3811 temen,
788 3723 937 3808 quemuis
952 3723 1104 3792 iniurium
1120 3721 1313 3791 uidebamus
1329 3721 1483 3790 Ecclesie

351 3831 483 3916 inferre,
507 3830 686 3899 secundnm
702 3839 735 3899 et
749 3833 884 3900 tercium
899 3833 1074 3900 terminum
1090 3831 1333 3918 essiguunimns
1349 3831 1483 3916 utrique

351 3939 438 4028 parti
455 3939 498 4006 ad
513 3943 634 4006 terram
649 3939 741 4005 illam
757 3938 946 4025 accedendi,
970 3959 1044 4007 cnm
1060 3939 1185 4007 eisdem
1200 3958 1260 4006 sex
1280 3937 1482 4024 bominibus,

350 4049 404 4116 nel
419 4047 564 4135 ipsorum
574 4055 730 4132 quatuor,
746 4045 781 4112 in
797 4047 915 4132 quibus
924 4048 1071 4116 terminis
1080 4067 1140 4115 nec
1156 4051 1383 4134 procuratores
1399 4047 1483 4116 filio·

350 4175 420 4223 rum
436 4157 524 4223 Povs
548 4159 581 4220 et
596 4153 661 4222 Bes
687 4155 824 4223 Comitis
849 4163 1066 4241 accesserunt,
1091 4175 1152 4224 nec
1178 4154 1325 4221 homiues
1352 4174 1412 4242 pro
1439 4173 1482 4222 se

350 4264 535 4330 nominatos
561 4261 605 4328 od
621 4262 847 4330 terramillam
865 4263 1080 4331 adduxerunt.
1108 4261 1202 4330 Vnde
1217 4281 1279 4330 nos
1299 4261 1482 4329 secundum

349 4371 418 4440 litis
442 4389 630 4458 processum
657 4377 778 4440 terrem
799 4372 1011 4460 sepedictum,
1037 4378 1133 4459 prout
1155 4369 1287 4488 iusticie
1311 4369 1481 4456 exigebat,

349 4477 498 4548 Ecclesie
513 4481 685 4550 notuimus
696 4488 872 4551 memorate
886 4503 946 4570 per
955 4483 1119 4551 hominem
1135 4489 1281 4549 nostrum
1292 4477 1481 4548 Emericnm

349 4587 455 4654 filium
478 4587 625 4655 Bethlem
651 4587 790 4658 devilia
812 4591 969 4683 Thelkus,
995 4597 1099 4660 metes
1125 4609 1228 4658 nones
1251 4587 1482 4673 circumeeqne
