3148 5156
614 278 680 342 473

103 477 233 544 Ceterum
243 475 403 560 obligauit
412 494 448 542 se
457 475 544 543 idem
554 475 750 561 Stephanus,
768 476 838 544 vtsi
850 477 1013 562 quispiam
1023 474 1205 562 predictam
1275 515 1284 536 ι

103 591 205 652 terram
220 585 263 652 ab
279 582 395 654 eodem
409 585 542 654 Andrea
558 591 705 672 repetere
731 591 948 672 attemptaret,
973 587 1045 671 ipse
1068 583 1203 652 eundem

103 693 158 760 suis
180 693 359 780 sumptibus
385 693 573 762 deffendere
599 700 632 761 et
650 693 804 780 expedire
828 701 1002 762 teneretur.
1028 695 1071 760 Vt
1095 699 1203 760 autem

102 799 181 868 huius
196 800 242 866 rei
258 801 361 868 series
377 802 477 869 robur
490 807 646 889 perpetue
661 803 822 870 firmitatis
839 803 994 890 optineat,
1010 803 1056 870 ad
1071 801 1203 889 peticio·

102 927 161 976 uem
176 907 317 978 eiusdem
327 909 485 994 Stephani
501 907 648 996 predicto
658 910 790 976 Andree
805 917 973 998 presentes
984 909 1203 978 concessimus

102 1017 209 1086 litteram
223 1017 327 1087 nostri
342 1018 443 1104 sigilli
458 1018 632 1088 munimine
648 1019 827 1088 roboratas.
850 1024 945 1088 Anno
961 1020 1071 1104 gracie
1083 1019 1127 1084 M·
1137 1017 1203 1085 00⁰

103 1125 134 1192 Ι)
147 1125 287 1212 septimo.
306 1127 461 1213 Ohepano
477 1128 623 1198 Ecclesia
638 1135 749 1198 nostre
764 1131 945 1217 Preposito,
960 1129 1111 1198 Johannc
1122 1129 1204 1196 Oan-

104 1245 169 1318 tore,
184 1235 309 1304 Thoma
325 1237 466 1306 Custode
481 1237 705 1308 existentibus.

335 1419 364 1484 Α
533 1417 559 1482 Β
726 1417 752 1484 (l
918 1417 948 1484 Ι)

103 1593 222 1660 (hrodstie
235 1595 408 1664 bh'rhdrtysin,
428 1600 556 1666 melyuelr
567 1599 734 1653 schir-ubres
747 1599 973 1665 sslycmasiudrou
992 1599 1077 1665 ibggii
1096 1597 1204 1665 peosdts

280 1685 338 1742 mir
350 1690 484 1755 lehullott,
499 1707 516 1744 a
529 1707 613 1745 neme.
628 1691 753 1744 Murcum
765 1689 1005 1756 kdzirattdrdban·)

515 2000 775 2009 --..-——-

611 2471 688 2539 334.

105 2669 271 2738 dcasoo'ra'
293 2674 505 2759 kdptolannak
529 2699 550 2738 a
574 2673 807 2758 owaostor-jdbi
830 2675 962 2737 cammah
989 2673 1068 2737 luisti
1097 2673 1205 2737 birtel-

280 2785 436 2870 osztdlpro
450 2785 617 2850 oonatkoao'
632 2785 895 2870 bizoopsdpleoelc.
912 2783 1008 2848 1257.

199 2978 264 3046 llos
281 2978 464 3066 Capitulum
476 2980 624 3046 Ecclesia
639 2979 751 3046 Sancti
761 2977 930 3046 Michaelis
946 2979 987 3046 de
1002 2979 1115 3047 Castro
1131 2980 1209 3046 Fer·

103 3101 149 3150 reo
162 3091 272 3152 uotum
297 3085 435 3154 iacimus
460 3097 572 3156 tenore
595 3087 801 3173 presencium
824 3085 995 3172 uniuersis,
1022 3086 1108 3170 quod
1132 3107 1206 3154 con-

104 3189 196 3257 stituti
211 3211 318 3260 coram
344 3193 439 3263 nobis
457 3195 654 3262 Benedictus
670 3195 768 3262 fiilios
784 3197 910 3263 Domou
936 3216 995 3282 pro
1013 3215 1048 3261 se
1064 3201 1097 3260 et
1111 3196 1207 3260 Petro

104 3296 192 3366 fratre
206 3319 274 3385 suo,
291 3302 411 3368 Daniel
426 3302 512 3368 iilius
527 3303 684 3388 Demetrij
701 3323 760 3387 pro
777 3323 813 3368 se
830 3309 862 3368 ct
877 3323 936 3388 pro
955 3304 1091 3386 Thema,
1110 3303 1209 3370 Geor·

105 3405 150 3488 gio
165 3407 238 3494 filijr
254 3409 405 3478 Ambrosi
422 3431 462 3476 cx
478 3417 572 3496 parte
587 3431 670 3496 vna3
688 3409 755 3476 Jah
771 3409 857 3476 filins
868 3409 1002 3497 Symun,
1019 3417 1052 3477 ct
1065 3409 1208 3479 Domini-

105 3533 153 3580 cus
168 3515 388 3602 hliusKayan,
405 3517 533 3586 nobiles
550 3515 591 3584 dc
603 3516 668 3584 Jak
682 3517 904 3584 Monasteriali
925 3538 966 3584 ex
982 3517 1106 3602 altera;
1123 3535 1209 3585 asse-

105 3625 308 3694 rueruntuiua
323 3645 412 3710 uoce,
431 3625 563 3692 interra
577 3644 687 3692 eornm
698 3625 895 3693 hereditaria
910 3626 974 3693 sita
989 3627 1021 3692 in
1038 3627 1105 3693 Jak
1120 3623 1208 3712 apud

105 3733 331 3818 monasterium,
362 3735 463 3802 talem
486 3733 570 3800 iuter
592 3753 629 3800 se
654 3734 686 3800 in
714 3733 844 3802 modum
868 3734 960 3820 pacis
985 3741 1017 3800 et
1039 3733 1209 3801 concordie

104 3835 207 3908 fecisse
222 3840 426 3908 diuisionem.
443 3841 488 3909 Ut
503 3861 525 3907 a
539 3848 634 3928 parte
647 3841 799 3910 orientali
814 3843 966 3908 cessisset
983 3840 1159 3908 Benedicta
1176 3847 1209 3907 et

107 3945 211 4016 Daniel
227 3969 301 4016 cum
311 3949 563 4034 cognacicnibus
574 3951 641 4018 suis
656 3950 735 4019 uiris
752 3949 959 4036 suprafatis,
979 3955 1107 4034 aparte
1131 3969 1208 4016 ucro

106 4057 283 4124 occidentali
310 4056 407 4126 dictis
423 4057 491 4126 Jak
507 4066 539 4126 et
553 4059 724 4128 Dominioo
739 4057 957 4126 remansisset.
983 4057 1043 4124 Oui
1058 4057 1209 4124 diuisioni

106 4163 221 4248 Agobut
244 4167 331 4236 filins
355 4165 457 4236 Ghom
481 4175 721 4236 commetaneus
748 4168 892 4236 eiusdem
921 4175 1007 4234 terre
1031 4187 1089 4252 pro
1115 4185 1151 4234 se
1176 4173 1208 4234 et

107 4270 245 4346 tantus
270 4277 340 4346 sois
353 4277 613 4365 presencialiter
643 4297 836 4347 consensum
860 4276 988 4364 prebuit
1012 4293 1070 4362 per
1101 4274 1210 4342 omnia

107 4379 269 4454 literalem.
285 4387 405 4474 Incipit
420 4395 529 4456 autem
539 4395 627 4456 meta
639 4389 802 4475 porcionis
811 4387 877 4457 Jak
892 4392 923 4454 et
933 4385 1094 4452 Dominioi
1104 4384 1210 4471 prima

107 4495 234 4564 anedio
250 4497 330 4565 uilla
345 4497 422 4581 Jak,
447 4497 594 4564 ubi-sunt
609 4495 672 4565 doe
688 4503 772 4564 mete
787 4515 888 4582 prope
912 4494 1015 4582 pirum
1036 4513 1208 4580 magnam3

108 4602 215 4674 ende
229 4625 371 4692 uergens
387 4625 512 4674 sursum
527 4626 640 4675 uersus
657 4607 842 4693 aquilonem
857 4607 890 4674 in
906 4627 1032 4692 pruma,
1056 4612 1131 4673 sunt
1147 4605 1210 4676 due
