3112 5148
839 286 1000 388 —mp-

353 479 405 547 vet
431 477 531 548 debiti
556 477 752 548 exsolantur.
777 481 830 548 Ad
854 483 916 550 hoo
938 483 1086 550 volumus
1103 489 1135 550 et
1150 479 1365 569 concedimus,
1393 479 1489 566 quod

353 589 475 655 nemini
500 594 594 656 extra
617 609 726 657 muros
751 588 905 658 ciuitatis
920 590 955 657 in
970 589 1083 675 aliqua
1107 610 1208 658 eausa
1224 589 1420 679 respondere
1437 599 1489 658 te·

352 703 499 782 neantur,
525 695 584 764 sed
607 697 791 784 quicunque
806 718 880 766 oum
896 698 978 788 ipsis
994 719 1093 784 agere
1108 698 1256 785 voluerit,
1273 717 1381 766 eoram
1396 701 1489 786 ipso·

352 827 422 876 rum
438 807 554 876 Judioe
570 807 701 876 eosdem
717 808 903 894 conueniat,
923 807 1098 877 seeundum
1115 807 1488 894 eonsuetudinemipso·

351 937 422 984 rum
437 916 594 984 haetenus
606 916 825 986 obseruatam.
842 917 982 985 Obsides
998 916 1097 985 etiam
1113 919 1155 986 ab
1168 917 1252 1005 ipsis
1268 937 1332 985 non
1347 917 1489 1005 recipie

351 1045 432 1112 mus,
450 1045 523 1094 oum
538 1043 668 1113 semper
692 1045 733 1094 ex
749 1030 842 1112 parte
866 1024 1033 1093 fidelitatis
1059 1025 1251 1109 exstiterint,
1269 1033 1302 1092 et
1317 1023 1485 1110 exmmnt3

351 1133 411 1203 aed
435 1133 470 1200 in
494 1141 607 1204 nostra
633 1131 732 1202 duria
754 1134 877 1200 seruire
892 1133 1074 1202 volentibus
1089 1133 1296 1222 stipendium,
1312 1133 1409 1201 aienti
1425 1152 1486 1199 no-

349 1243 426 1310 stris
439 1241 675 1329 impendemus,
701 1247 735 1308 et
749 1237 897 1309 morandi
915 1241 968 1308 vel
981 1240 1181 1327 diseedendi,
1197 1262 1269 1310 eum
1285 1242 1333 1310 eis
1348 1241 1482 1328 plaeue·

348 1353 399 1436 rit,
416 1351 554 1420 liberam
569 1350 714 1418 habeant
729 1349 927 1434 facultatem,
947 1350 1136 1436 nullumque
1152 1369 1249 1438 super
1263 1350 1326 1417 hoo
1340 1349 1388 1416 eis
1405 1369 1482 1435 gra-

347 1480 464 1528 uamen
474 1459 689 1528 velmolestia
704 1458 870 1527 inferatur.
888 1458 923 1525 Si
934 1467 1043 1528 autem
1060 1459 1180 1545 aliquis
1194 1459 1341 1547 ipsorum
1354 1457 1479 1525 oinium

347 1569 481 1654 negotia
504 1569 538 1636 iu
562 1573 649 1634 terra
668 1585 726 1635 seu
742 1566 824 1636 mari
840 1566 1029 1653 exercuerit,
1053 1567 1178 1634 nullum
1194 1567 1362 1654 persoluat
1377 1566 1480 1653 peda-

347 1679 446 1766 gium,
464 1676 651 1761 nullumque
673 1675 831 1746 tributum
857 1675 994 1743 reddere
1009 1681 1168 1743 teneatur.
1186 1675 1287 1744 Porro
1303 1674 1405 1760 siquis
1421 1695 1479 1740 ex·

345 1795 478 1855 araneus
494 1786 535 1854 de
544 1787 657 1870 Regno
672 1792 783 1854 nostro
799 1785 852 1853 vel
869 1783 1001 1851 aliunde
1016 1803 1089 1852 oum
1106 1803 1218 1870 uxore,
1234 1783 1312 1869 filijs
1328 1789 1361 1850 et
1375 1783 1478 1849 bonis

342 1897 421 1981 suis,
437 1899 568 1983 propter
583 1893 843 1980 indignationem
859 1893 998 1978 Regiam
1012 1900 1127 1962 eontra
1141 1893 1249 1982 ipsum
1266 1899 1412 1960 exortam
1430 1891 1479 1958 ad

342 2008 553 2072 memoratam
578 2001 750 2070 ciuitatem
775 2001 968 2087 oonfugerit,
993 2001 1132 2069 liberum
1146 2003 1189 2069 sit
1214 2001 1340 2069 niuibus
1364 2000 1477 2086 ipsum

343 2119 530 2200 reeeptare,
562 2129 699 2196 eumque
722 2109 809 2177 inira
838 2111 981 2197 spatium
1012 2117 1138 2199 septem
1169 2111 1295 2178 dierum
1319 2111 1474 2194 retinere,

344 2227 419 2308 post
434 2239 515 2307 quos
531 2220 561 2288 si
574 2219 713 2304 gratiam
725 2218 864 2304 Regiam
880 2219 1027 2288 obtinere
1041 2219 1172 2287 interim
1187 2217 1379 2306 nequiuerit,
1397 2237 1476 2284 eum

343 2328 505 2397 uniuersis
529 2329 625 2395 rebus
651 2327 719 2396 suis
744 2327 837 2395 abire
868 2326 970 2395 libere
994 2328 1209 2416 permittatur.
1240 2327 1417 2394 Praetereo
1442 2327 1478 2393 ai

344 2437 417 2525 quis
442 2457 484 2504 ex
507 2435 635 2505 ciuibus
659 2435 764 2523 ipsine
779 2433 931 2502 Ciuitatis
952 2435 1018 2504 atio
1050 2436 1098 2502 ire
1128 2435 1270 2504 voluerit
1300 2453 1401 2502 eausa
1420 2434 1472 2500 in-

344 2545 392 2612 ibi
414 2543 647 2630 eommorandi,
670 2563 785 2612 seoure
807 2564 880 2612 eum
902 2563 1015 2632 uxore,
1038 2543 1126 2631 filijs,
1152 2541 1289 2631 familia,
1315 2549 1348 2611 et
1368 2543 1475 2612 omni-

345 2656 406 2722 bus
421 2656 518 2723 rebus
528 2653 607 2739 suis,
623 2673 815 2739 quoeunque
832 2652 895 2720 sibi
906 2654 1076 2740 placuerit,
1092 2654 1141 2721 ire
1156 2653 1292 2740 paeitioe
1306 2652 1475 2740 permitta-

344 2772 408 2830 tur.
424 2761 477 2828 Ad
492 2763 553 2831 hoe
567 2761 722 2832 terminos
737 2761 894 2846 territorij
911 2767 943 2828 et
957 2763 1200 2849 possessionum
1216 2761 1400 2829 antediotae
1416 2758 1474 2824 Oi-

345 2870 467 2956 uitatia‚
484 2871 567 2939 siout
580 2870 614 2937 in
625 2875 865 2938 anteoessorum
875 2876 1057 2938 nostrorum
1074 2869 1257 2957 priuilegijs
1266 2868 1474 2956 inspeximus

344 2979 510 3065 eontineri,
536 2979 762 3065 praesentibus
776 2977 926 3045 duximus
949 2975 1150 3064 inserendos,
1167 2985 1200 3045 et
1213 2978 1336 3066 pariter
1356 2977 1476 3043 oonfir·

344 3086 498 3172 mandos;
524 3085 622 3154 itaut
640 3107 661 3153 a
684 3086 867 3174 oolnmpna,
894 3105 979 3170 quae
1003 3093 1054 3155 eat
1069 3086 1130 3154 sub
1146 3087 1286 3172 coatrog
1304 3085 1474 3170 quondam

344 3197 430 3262 inter
451 3193 540 3280 ipsos
556 3193 644 3261 oiues
661 3199 694 3261 et
707 3194 931 3281 Spoliatenaes
952 3195 1026 3280 sita,
1054 3199 1104 3263 eat
1128 3215 1187 3281 pro
1211 3192 1348 3261 termino
1363 3211 1473 3276 usque

345 3301 388 3370 ad
403 3301 528 3387 villam,
544 3320 628 3387 quae
638 3300 830 3388 Smoguioue
845 3311 1060 3390 nunoupatur,
1077 3302 1185 3370 nullus
1201 3301 1331 3371 omnino
1348 3297 1475 3366 audeat

345 3413 434 3500 ipsos
450 3411 642 3497 inquietare,
659 3429 719 3478 nee
734 3409 763 3478 ai
782 3411 1073 3480 intramemoratos
1090 3411 1245 3479 terminos
1260 3407 1380 3494 aliquis
1396 3407 1472 3475 iure

344 3519 541 3587 hereditario
566 3518 806 3606 possessionem
821 3519 980 3607 habuerit,
1006 3520 1090 3587 siout
1104 3517 1208 3588 deoet.
1231 3519 1374 3587 Nomina
1389 3535 1474 3584 vero

344 3629 494 3698 villarum
509 3647 567 3697 seu
593 3628 746 3715 looorum,
769 3649 854 3713 qnae
869 3629 955 3696 intra
970 3636 1245 3716 praememoratos
1261 3626 1417 3696 terminos
1433 3625 1474 3692 in

344 3736 608 3826 possessionibus
624 3736 742 3806 totiens
762 3735 870 3804 diotae
885 3737 1089 3822 tragurinae
1105 3735 1256 3804 Ciuitatis
1281 3735 1315 3803 in
1331 3733 1473 3822 praede-

344 3865 511 3915 eessorum
526 3853 710 3913 nostrorum
726 3845 909 3932 priuilegijs
931 3844 1163 3932 exprimuntur,
1187 3851 1264 3912 sunt
1279 3844 1381 3912 haeo:
1404 3843 1477 3909 Mo·

344 3951 521 4020 nasterium
531 3951 642 4020 Sancti
651 3951 739 4019 Petri
755 3951 797 4018 de
807 3949 1052 4021 Ctobounoonm
1062 3951 1267 4040 pertinentiJs
1283 3950 1371 4036 suis;
1388 3950 1477 4017 villa

343 4061 445 4148 Biaoy
461 4081 534 4129 oum
549 4067 618 4131 toto
632 4059 796 4127 territorio
812 4079 889 4146 suo;
915 4067 947 4127 et
971 4059 1120 4130 Euolesia
1135 4061 1245 4128 Sanoti
1262 4057 1381 4127 Vitatis
1396 4079 1476 4126 oum

343 4168 595 4256 territoriorum
612 4169 762 4238 Euelesia
776 4169 888 4237 Sanoti
904 4165 1037 4256 Georgij
1055 4189 1127 4236 eum
1143 4167 1304 4237 territorio
1322 4187 1395 4250 su03
1413 4187 1477 4253 pa·

343 4297 423 4344 seua
437 4279 558 4366 Biuulij
575 4297 647 4346 eum
662 4279 813 4347 omnibus
836 4279 1043 4367 pertinentijs
1060 4281 1147 4366 suis;
1164 4297 1298 4366 campus
1313 4276 1476 4362 Tragurij

343 4405 416 4453 eum
442 4387 527 4452 omni
551 4387 685 4456 introitu
708 4395 741 4457 et
755 4387 845 4456 exitu
862 4405 941 4474 suo;
966 4393 1068 4455 totum
1083 4387 1277 4456 Menolinom
1302 4405 1375 4452 oum
1400 4405 1474 4452 om-

343 4493 438 4559 nibus
463 4493 724 4580 oiroumstantijs,
749 4495 859 4580 egris,
884 4493 1049 4562 montibus
1074 4499 1108 4562 et
1130 4493 1272 4562 vallibus
1296 4511 1399 4578 usque
1427 4492 1478 4558 ad

343 4599 516 4684 smoquioe
529 4603 677 4686 superius
693 4609 913 4669 memoratum.
931 4601 1039 4686 Siquis
1050 4609 1158 4671 autem
1178 4621 1276 4688 snper
1291 4597 1474 4668 antedictis
