3148 5156
93 1029 156 1096 blot
168 1030 221 1097 ter.
237 1027 460 1096 trtrnolmaester
475 1031 506 1090 ds
522 1023 664 1091 Felioion
679 1019 947 1112 bumosuipre'post
957 1049 977 1090 o
986 1024 1090 1111 kirdlp
1106 1045 1186 1111 step·

89 1140 250 1225 imponebat
265 1163 286 1204 a
300 1137 407 1204 Zelobi
420 1133 556 1201 uemeaek
571 1134 880 1221 bimbmazonyobut
904 1134 1089 1220 oizspdlatot
1112 1143 1186 1198 tesz-

468 1261 472 1270 '
536 1243 602 1309 neb.
618 1239 715 1309 1257.

172 1447 235 1514 llos
251 1443 345 1514 enak
359 1444 520 1528 Magister
536 1442 791 1512 Tauarnieorum
816 1443 939 1511 domini
954 1443 1053 1527 Regis
1079 1449 1111 1512 et
1127 1444 1187 1510 (io-

90 1573 142 1622 nes
154 1551 354 1622 Zaladiensis
363 1603 373 1639 ,
398 1552 558 1638 Magister
583 1552 770 1621 Felioianus
784 1553 975 1638 Propositus
991 1552 1188 1638 Goloeensis,

90 1661 189 1730 indiees
203 1681 261 1747 per
277 1659 443 1729 dominum
458 1661 579 1744 Regem
605 1661 649 1728 ad
674 1661 876 1729 reuooandas
901 1669 1008 1730 terras
1034 1661 1187 1729 aOastro

90 1769 251 1838 baladiensi
267 1769 432 1838 alienatas
449 1768 627 1854 eonstituti,
654 1767 873 1852 signifleamos
893 1769 1053 1855 omnibus,
1072 1769 1189 1854 quibus

90 1885 235 1960 presentes
251 1877 480 1964 ostendentem
497 1877 583 1963 quod
599 1897 671 1946 oum
687 1877 834 1946 dominus
850 1878 920 1946 Rex
935 1877 1031 1946 nobis
1046 1875 1191 1945 dedisset

90 1985 115 2050 in
127 1985 285 2072 mandatis,
299 1993 336 2053 ut
349 2005 408 2053 nos
423 1986 457 2052 in
473 1984 537 2054 lide
552 1986 622 2054 Deo
637 1993 669 2054 et
685 1985 809 2054 Oenone
825 1979 926 2071 Regio
950 1985 1063 2054 debita
1088 1985 1187 2054 seire·

90 2113 144 2160 mus
157 2095 330 2178 ueritatem,
363 2093 392 2160 si
417 2093 475 2178 tilij
494 2093 610 2178 Heym,
638 2094 743 2180 etlilij
761 2095 883 2182 Oheyd,
910 2115 950 2162 ae
975 2095 1033 2180 alij
1060 2096 1192 2178 cognati

91 2221 176 2268 sonum
190 2201 230 2272 de
245 2201 357 2286 Zeleh,
383 2201 424 2270 de
439 2201 655 2271 seruientibus
671 2201 793 2270 domini
817 2203 916 2287 Regis
941 2203 976 2268 in
1002 2202 1193 2286 iobagiones

91 2308 176 2378 Cestii
187 2311 394 2382 Zalodiensis
410 2301 562 2396 restituti,
578 2311 670 2380 iuxta
685 2313 802 2381 Karka
816 2312 974 2380 baberent
989 2319 1112 2380 terram
1137 2311 1191 2377 he·

91 2419 263 2506 resitetiam,
280 2421 359 2488 etsi
375 2420 460 2490 seire
474 2439 655 2507 possemus,
668 2419 790 2488 eisdem
808 2440 849 2488 ex
863 2419 1019 2486 mundato
1035 2425 1067 2487 et
1083 2427 1192 2487 arieto-

90 2528 167 2595 ritste
180 2529 279 2614 Regis
295 2529 537 2598 restitueremus
552 2528 790 2615 possidendam
836 2531 903 2596 Nos
919 2529 1075 2596 mundato
1089 2528 1193 2612 Regio

90 2637 337 2724 obtemperantes,
353 2637 449 2704 huius
475 2638 522 2704 rei
546 2637 716 2706 ueritatem
731 2638 773 2704 ab
798 2637 946 2706 omnibus
970 2638 1133 2706 nobilibus
1160 2653 1192 2706 et

89 2745 273 2833 ignobilibus,
291 2746 443 2831 aquibus
460 2745 651 2832 expediebat
667 2751 699 2812 et
715 2747 871 2833 expedire
885 2755 1023 2832 poterat,
1048 2748 1147 2814 tanite
1164 2753 1196 2813 et

89 2855 240 2924 manifeste
255 2876 313 2942 per
328 2855 466 2924 subtiles
483 2855 714 2940 inquisitiones
731 2855 886 2922 seiuimus
903 2856 1076 2941 ueraciter,
1092 2855 1196 2941 (qood

88 2959 164 3051 dieti)
179 2965 237 3051 filij
255 2965 360 3050 Heyni
377 2973 410 3032 et
426 2963 484 3048 filij
501 2963 625 3048 Cbeyd,
649 2983 689 3028 oe
704 2964 761 3049 aiij
780 2963 948 3046 nezelon,
971 2965 1063 3031 iuxta
1081 2964 1197 3031 Karka

87 3076 190 3140 terram
207 3073 364 3142 haberent
381 3071 611 3138 hereditariam
621 3121 631 3156 ,
649 3077 680 3137 et
695 3070 910 3156 possederunt
935 3073 1138 3158 abantiquo,
1166 3081 1198 3140 et

88 3181 174 3248 eniam
190 3182 304 3248 eodem
321 3187 410 3249 terna
424 3179 506 3265 ipsIs
523 3179 564 3248 de
579 3179 677 3246 Zeloh
701 3186 846 3266 tempore
872 3182 1097 3248 reuooaoionis
1123 3203 1197 3268 per-

87 3289 266 3370 petuitstum
283 3296 343 3376 per'
359 3289 528 3357 duodecim
554 3287 716 3356 indicesa
740 3289 876 3358 domino·
896 3291 987 3374 Rege
1014 3288 1201 3378 (deputatos

87 3399 120 3462 ab
136 3398 236 3489 Ogua)
254 3401 355 3485 Bono,
373 3399 428 3484 qni
445 3397 582 3466 eandem
600 3403 718 3465 terram
745 3402 785 3466 ab
811 3399 936 3467 eisdem
961 3401 1122 3468 uiolenter
1148 3421 1199 3468 ao-

87 3515 200 3592 neptam
217 3510 395 3595 detinebat,
409 3509 567 3594 predictis
582 3507 624 3576 de
638 3507 738 3574 Zeleb
762 3509 868 3577 iuerat
893 3511 1053 3579 restituta.
1095 3509 1201 3590 Quam

87 3634 135 3684 nos
156 3625 266 3706 utpote
282 3618 323 3687 de
337 3621 408 3687 iure
423 3620 534 3686 faeere
549 3621 753 3705 tennbamur,
770 3639 811 3685 ox
826 3620 963 3706 speciali
974 3619 1130 3687 mandato
1147 3619 1202 3686 do·

88 3725 154 3791 mini
170 3729 267 3813 Regis
285 3737 317 3796 et
326 3728 522 3797 auctoritate
539 3726 728 3814 sepedieitis
744 3728 823 3814 dlijs
833 3729 937 3813 Heym
949 3728 1070 3812 ettilijs
1081 3726 1203 3814 Oheyd,

88 3825 133 3910 (no
148 3836 236 3925 alijs)
254 3837 296 3905 de
311 3837 412 3904 Zeleh
428 3836 629 3905 restituimus
646 3843 680 3904 et
698 3836 888 3920 reliquimus
914 3837 984 3902 iure
1009 3835 1204 3904 hereditario

87 3951 233 4040 perpetuo
249 3943 501 4033 possidendam,
527 3944 792 4012 eontradiooione
817 3945 930 4028 aliqua
955 3964 1018 4010 non
1044 3947 1203 4014 obstante.

90 4043 179 4134 Cujus
195 4054 355 4141 siquidem
370 4061 457 4122 terre
481 4054 587 4140 prima
612 4059 699 4119 meta
724 4052 838 4138 incipit
863 4050 902 4118 de
927 4053 1029 4138 plaga
1055 4055 1206 4122 orientali

89 4151 116 4218 ir
139 4157 235 4230 fluuio
258 4163 396 4247 Karka,
423 4169 455 4230 et
481 4161 630 4229 exeundo
657 4162 698 4228 de
723 4177 854 4228 nemore
879 4162 995 4227 Karka
1019 4159 1140 4228 direete
1165 4159 1207 4229 sd

89 4264 278 4338 ooeidentem
293 4272 390 4338 iuxta
404 4289 518 4338 nemus
533 4271 568 4336 in
583 4275 678 4355 prato
696 4275 772 4336 sunt
788 4267 852 4335 due
867 4276 952 4336 mete
967 4276 1074 4356 terre;
1098 4289 1121 4334 a
1138 4269 1207 4354 qui·

88 4366 141 4436 bue
166 4376 271 4446 adhue
294 4379 339 4446 ad
366 4378 604 4446 oeeidentalem
629 4377 762 4464 plagam
789 4369 824 4443 in
850 4375 948 4442 dumo
965 4401 1041 4464 opor
1055 4383 1130 4445 sunt
1146 4377 1210 4444 due

88 4488 184 4569 mete;
200 4493 232 4554 et
246 4487 454 4576 prosedendo
469 4488 587 4556 iterum
603 4487 647 4555 od
662 4484 863 4553 ooeidentem
879 4485 913 4552 in
930 4481 1027 4552 dumo
1042 4509 1118 4574 equo
1133 4494 1210 4555 sunt

86 4581 139 4651 dor
159 4601 259 4682 mete,
276 4595 396 4665 abinde
412 4595 534 4664 direete
549 4593 711 4664 ueniendo
729 4591 771 4659 ad
787 4591 988 4662 oeeidentem
1014 4594 1108 4662 iuxta
1122 4595 1208 4663 uiam
