3134 5158
798 337 958 442 ..3.63...

313 539 365 606 nis
384 537 573 624 infringere,
590 537 641 604 uel
659 537 688 604 ei
705 556 787 603 ausu
804 535 975 603 temerario
992 539 1165 604 contraire.
1189 539 1223 606 Si
1241 541 1313 625 quis
1330 547 1445 609 antem

314 647 375 715 hoc
401 651 595 733 attemptare
621 644 874 732 presumpserit3
906 643 1171 730 indignacionem
1197 647 1445 736 Omnipotcntis

316 755 377 821 Dei
395 759 428 820 et
442 755 618 821 Rectorem
635 754 722 820 Petri
749 762 781 821 et
797 751 891 820 Pauli
910 752 1139 839 Apestolornm
1164 759 1235 824 eius
1252 772 1288 824 se
1313 757 1448 825 nouerit

315 864 487 929 incursum.
515 863 635 927 Datnrn
660 859 812 944 Anagnis
830 859 884 926 VI.
907 879 1012 926 nonas
1040 860 1199 946 Octobris,
1227 863 1467 932 Pontidoetus·

315 971 417 1038 nostri
430 988 521 1036 anno
537 967 739 1036 duodecimo.

407 1169 458 1238 (Aa
472 1169 576 1224 erodeti
590 1166 655 1224 utin
669 1169 763 1224 Knauu
776 1165 894 1229 Ntndor,
907 1167 1022 1234 uagum
1034 1167 1100 1218 Sion
1119 1169 1153 1223 ll.
1168 1169 1224 1222 kur.
1237 1172 1300 1224 dit.
1315 1171 1345 1238 l.)

755 1476 987 1485 m--.
999 1479 1007 1483 -

320 2175 380 2242 IV.
400 2175 489 2240 Irrozc
501 2170 654 2259 pdpcirrolc
668 2171 862 2251 intdclude'sc,
879 2172 959 2258 ruelp
969 2172 1047 2237 ubal
1062 2197 1099 2237 aa
1116 2179 1292 2262 certerpurrrr'
1307 2177 1450 2243 erutuet

319 2290 350 2347 e's
365 2279 577 2368 ldptularrrrud·
601 2279 827 2360 szobadatmm,
851 2280 933 2364 duay
949 2303 969 2344 α
985 2281 1089 2344 rubros·
1103 2281 1225 2345 sedicet
1249 2281 1378 2348 lrdldnd'a
1397 2310 1448 2350 en-

402 2388 536 2476 prdelrrre
551 2386 655 2452 ne'llrril
669 2385 702 2451 lu'
716 2387 796 2452 cillo!
810 2408 870 2449 rem
887 2386 1049 2471 sojrtaro'l,
1066 2387 1235 2453 sedebunt.
1265 2391 1360 2455 1254.

428 2583 638 2652 Innocentius
648 2582 830 2670 Episcopus
839 2602 953 2650 seruus
971 2602 1136 2651 seruorum
1149 2584 1210 2650 Dei
1227 2585 1356 2654 dilectis
1369 2586 1447 2673 iilijs

320 2745 369 2763 ...
387 2695 428 2760 de
444 2693 561 2779 Pelps.
576 2697 648 2757 ..et
664 2690 705 2756 dc
722 2691 849 2759 Boccou
861 2691 1044 2758 Abbatibns
1055 2689 1289 2777 cysterciensis
1301 2691 1445 2780 Ordinis,

320 2799 573 2886 vesprimiensis
599 2798 760 2883 Dyocesis
784 2799 922 2865 salutem
947 2806 979 2866 et
995 2796 1221 2887 Apostolicam
1247 2801 1449 2872 benedictio-

321 2929 404 2976 nem.
431 2907 620 2992 llpostolice
637 2905 733 2973 Sedis
750 2905 935 2990 benignitas
947 2909 1077 2975 sincere
1101 2909 1351 2994 obsequencium
1367 2917 1448 2978 uoto

321 3013 465 3082 bdelium
481 3013 595 3081 fauore
611 3013 766 3080 beniuolo
782 3013 936 3098 prosequi
953 3015 1131 3101 consueuit,
1152 3021 1185 3082 et
1201 3035 1359 3102 personas
1375 3017 1448 3086 illo-

320 3143 402 3206 rum,
428 3141 509 3207 quos
525 3123 559 3188 in
575 3141 635 3188 soa
651 3121 829 3188 deuoeione
853 3128 1020 3209 promptos
1040 3125 1202 3192 inuenerit
1224 3131 1258 3192 ct
1272 3125 1449 3213 seruantes,

321 3227 517 3317 quibusdem
541 3229 646 3296 titulis
671 3227 839 3295 decentius
866 3227 1033 3298 decorare.
1060 3231 1101 3298 Vt
1124 3233 1224 3318 igitur
1248 3252 1288 3300 cx
1309 3233 1450 3319 speciali

322 3338 505 3423 deuotione,
526 3357 623 3422 quam
639 3335 838 3404 uenerabilis
856 3337 957 3406 trater
976 3345 1086 3408 noster
1100 3379 1144 3389 -
1160 3380 1203 3390 -
1220 3379 1261 3389 -
1279 3379 1322 3390 -
1336 3343 1451 3409 Archi-

322 3447 504 3533 episcopus,
531 3451 563 3512 et
583 3442 694 3512 dilecti
719 3444 779 3532 iilij
799 3443 985 3533 Capitulum
1013 3447 1235 3534 strigoniense
1261 3449 1304 3517 ad
1328 3469 1389 3520 nce
1415 3459 1450 3517 et

323 3555 502 3622 Romanam
519 3550 701 3618 Ecclesiam
717 3552 839 3619 babere
855 3563 1040 3637 noscuntur,
1061 3555 1203 3624 sentiant
1219 3557 1283 3624 sibi
1299 3555 1448 3624 iauorem

323 3661 548 3750 Apostolioum
573 3679 637 3726 non
659 3661 818 3727 modicum
844 3663 1046 3748 secreuisse;
1072 3663 1120 3729 eis
1137 3683 1194 3748 per
1212 3667 1341 3730 nostras
1358 3664 1451 3730 duxi·

324 3791 395 3840 mus
410 3771 537 3838 litteras
563 3767 818 3856 indulgendum,
842 3777 878 3837 rt
892 3769 1001 3838 nullus
1020 3769 1199 3856 Delegatus
1222 3770 1274 3838 rel
1295 3769 1452 3840 Subdele-

324 3887 429 3968 gatus,
456 3881 628 3962 Executor,
656 3879 838 3946 autetiam
865 3878 1102 3960 Conseruntur,
1134 3879 1329 3946 auctoritate
1353 3878 1453 3947 Sedis

324 3989 521 4076 Apostolice,
539 3987 591 4054 uel
608 3987 804 4074 legatorum
822 3987 938 4073 ipsius,
955 3987 989 4053 in
1005 4005 1073 4074 eos,
1097 3987 1150 4054 uel
1166 3987 1349 4054 Ecclesiam
1365 3987 1453 4074 ipso-

323 4117 394 4164 rum
420 4095 775 4182 excommunicationis,
802 4095 1036 4182 suspensionis,
1061 4097 1114 4163 uel
1130 4095 1297 4163 interdicti
1323 4101 1452 4164 senten-

323 4207 388 4273 tias
405 4204 621 4290 promulgare,
648 4211 704 4271 aut
720 4201 914 4270 interdicere
926 4201 1009 4288 ipsis
1027 4203 1375 4287 ingressumlicclesie
1394 4221 1452 4270 na·

324 4313 404 4396 leat,
423 4310 547 4395 absque
564 4311 699 4400 speciali
710 4311 863 4378 mandato
879 4309 974 4377 Sedis
990 4309 1147 4397 eiusdem,
1165 4311 1308 4378 iaciente
1319 4311 1452 4398 plenam

326 4423 357 4484 et
371 4435 557 4506 expressam
574 4417 616 4485 de
633 4418 838 4504 ingulgcntia
854 4417 1038 4486 huiusmodi
1056 4421 1262 4485 mentionem.
1288 4417 1454 4498 Quocirca

327 4523 514 4593 discretioni
531 4535 639 4594 uestre
659 4545 717 4613 per
727 4525 919 4612 Apostoliea
934 4526 1055 4612 scripta
1066 4525 1271 4612 mandamus,
1289 4534 1454 4612 quatenus

329 4631 433 4704 dictos
443 4633 727 4721 Arcbiepicopum,
745 4631 929 4720 Capitulum
940 4639 971 4700 et
981 4635 1163 4704 Ecclesiam
1173 4655 1237 4703 non
1254 4633 1455 4722 permittatis
