3134 5158
606 315 673 383 365

558 406 717 420 nm-

80 515 252 600 dequibus
276 513 399 600 aliquis
424 513 580 580 butanus
603 532 668 581 uon
685 510 841 600 peroepit,
865 509 994 580 eiusde
1018 517 1198 580 rostrorum

78 622 265 690 animalium
290 620 510 708 nutrimentis,
536 621 645 687 nullus
662 639 683 688 a
701 620 795 687 robis
820 618 964 687 desinas
988 621 1122 706 exigere
1142 621 1199 687 ¹rel

77 737 266 814 extorqwe
282 735 458 818 presumat.
484 729 600 795 Liceat
615 747 744 813 qnoque
758 726 854 796 vobis
872 727 1008 798 oleriuos
1027 728 1080 794 nel
1097 728 1200 797 laioos

76 839 195 906 liberos
209 845 244 905 et
256 837 438 922 absolutos,
453 855 473 903 e
487 836 598 906 seonlo
613 835 785 922 fugientes,
808 833 852 902 ad
867 836 1113 934 conversionem
1122 835 1199 902 reoi-

76 965 159 1033 pere,
187 955 220 1014 et
235 963 294 1014 eos
310 945 436 1028 amnne
461 942 717 1012 eontradiotioue
734 943 847 1029 aliem
871 943 1019 1012 relinere.
1047 943 1199 1012 Prohibe·

76 1073 143 1121 mus
152 1053 301 1140 insuper,
318 1059 354 1120 nt
369 1051 450 1120 nulli
464 1051 601 1119 fratrum
611 1056 793 1120 vestrorum
809 1049 947 1138 posthae
959 1051 993 1118 in
1002 1049 1200 1122 llonasterio

76 1168 184 1228 restro
209 1159 359 1248 proleseo
383 1159 435 1228 los
459 1161 515 1248 sit,
539 1159 611 1228 sine
636 1158 776 1226 abbatis
790 1159 844 1226 sui
869 1159 1004 1228 lieentia
1028 1157 1070 1228 de
1083 1160 1199 1229 eodem

75 1269 143 1337 looo
158 1266 342 1354 dimedere,
361 1267 425 1335 nisi
442 1266 591 1336 aratoris
613 1265 783 1354 religionis
799 1267 951 1353 obtentu;
978 1265 1199 1337 dimetientem

75 1393 149 1442 rero
166 1374 294 1460 absque
310 1375 527 1443 eommuniuru
542 1375 725 1444 litterarum
742 1378 925 1442 uestrarum
940 1373 1100 1460 oautione,
1127 1375 1196 1470 nul·

75 1482 121 1549 lus
137 1481 264 1550 audeat
288 1481 439 1550 relinere.
469 1483 549 1550 cam
570 1488 678 1550 autem
704 1481 859 1566 generale
883 1479 1088 1550 interdictum
1112 1487 1198 1550 terre

75 1588 181 1676 luent,
198 1589 299 1658 lieeal
315 1589 409 1657 robis
423 1588 546 1658 elassis
556 1589 681 1676 jannis,
699 1588 843 1657 exolusis
857 1587 1146 1658 exeommuuoatis
1166 1596 1199 1656 et

76 1695 267 1784 interdintis,
294 1717 361 1764 non
386 1696 526 1784 pulsatis
550 1698 741 1786 oampanis,
768 1715 948 1785 suppressa
971 1715 1051 1764 vooe
1075 1695 1197 1764 Divina

76 1803 184 1872 ollieia
200 1803 387 1890 solatura,
414 1803 588 1872 dummodo
604 1823 758 1872 oaussam
783 1823 848 1872 non
864 1801 1019 1871 dederitis
1037 1801 1197 1870 interdici.

77 1911 224 1980 cemma
247 1929 335 1998 roro,
361 1911 467 1980 oleum
490 1918 649 2000 sanetum,
676 1912 940 1981 consecrationes
965 1911 1116 1980 altarium
1140 1929 1198 1979 seu

76 2019 297 2106 basilicarum,
321 2019 546 2089 ordinationes
561 2020 772 2106 olorinorum,
797 2019 854 2104 qui
869 2018 915 2088 ad
930 2018 1063 2087 ordines
1078 2018 1199 2089 luerint

76 2126 299 2212 promerendi,
315 2147 336 2193 a
351 2129 537 2198 Dioeeseno
553 2129 734 2216 suseipiant
745 2129 923 2216 llpisoopo,
947 2128 976 2193 si
992 2125 1123 2212 quidem
1140 2127 1199 2193 Od-

76 2235 214 2303 tboliens
229 2234 338 2322 luerit,
363 2243 398 2302 et
412 2237 554 2322 gratiam
570 2243 602 2303 et
627 2235 884 2306 eommuuionem
902 2235 1119 2303 Saurosauote
1136 2235 1198 2302 Ro·

78 2360 167 2412 nune
176 2343 278 2411 Sedis
290 2343 450 2428 babuerit,
467 2351 500 2411 et
515 2363 556 2412 ea
566 2343 660 2413 robis
670 2343 895 2412 uolneriteine
911 2341 1073 2430 pravitate
1085 2342 1198 2426 aliqua

77 2449 237 2520 exhibere.
262 2451 476 2521 Prohibeurus
490 2453 636 2540 insuper,
662 2457 697 2520 ut
713 2451 799 2519 inira
814 2451 896 2519 lines
919 2449 1074 2536 paroehie
1087 2455 1199 2516 uentre

76 2557 190 2644 nudus,
215 2556 289 2624 eine
314 2577 451 2627 asseres
468 2559 645 2630 uiooesant
667 2559 822 2646 llpisoopi
837 2564 871 2625 et
890 2564 1008 2642 restro,
1033 2555 1197 2642 eapullum

75 2685 126 2732 sen
142 2668 326 2734 oratorium
352 2667 394 2734 de
409 2687 493 2735 noro
517 2673 703 2737 construere
729 2667 858 2755 audeat,
885 2667 988 2734 salsis
1013 2663 1196 2753 privilegiis

76 2773 264 2841 Pontificum
281 2773 510 2844 Rornanorum.
527 2775 580 2842 Ad
594 2776 655 2843 heo
669 2776 872 2844 novitatibus
887 2773 1041 2843 indebitis
1055 2775 1197 2842 erastin-

75 2901 127 2948 ues
142 2881 189 2948 ab
202 2882 480 2970 -Arebiepisnopis,
499 2890 532 2950 et
548 2884 730 2971 Episcopis,
748 2882 997 2951 Arebidiaoonie
1018 2903 1079 2950 seu
1096 2883 1197 2950 Deua·

76 2988 132 3076 nis,
157 2989 302 3074 aliisque
318 2991 469 3060 omnibus
494 2991 727 3060 eeclesiastiois
746 2992 1013 3076 secularibusque
1036 2994 1196 3078 personis,

75 3097 201 3163 anobis
230 3097 362 3164 omnino
377 3097 448 3166 deri
473 3099 690 3186 probibemus.
718 3099 924 3186 Sepulturam
950 3119 1077 3185 qnoth
1093 3101 1196 3187 ipsius

75 3201 129 3271 loni
145 3203 287 3274 liberam
303 3223 377 3272 esse
395 3205 610 3293 deeemimns,
627 3215 662 3275 ut
679 3227 791 3276 eorum
805 3206 983 3294 devotioni,
1001 3213 1037 3274 et
1052 3213 1196 3277 extreme

14 3351 15 3359 κ
74 3309 240 3398 nouanti,
258 3312 316 3396 qni
331 3331 368 3380 se
379 3312 447 3380 illio
463 3313 596 3402 sepeliri
610 3314 878 3400 deliberaverint,
897 3313 1196 3386 nisidorteeroom·

15 3425 16 3430 ’
77 3419 227 3486 nunioati
242 3419 297 3486 rel
312 3419 475 3488 intendisti
491 3421 566 3503 sint,
587 3424 760 3490 autetiam
776 3421 906 3509 publiue
921 3423 1072 3510 usurarii,
1089 3425 1196 3492 nullus

75 3527 226 3612 obsistst;
255 3529 351 3595 salua
365 3534 475 3596 tamen
483 3529 616 3616 justitia
639 3529 769 3598 illarum
786 3529 1017 3617 lloolesiarum,
1040 3533 1195 3616 aquibus

75 3643 265 3706 mortuorum
280 3656 421 3724 eorpora
437 3645 656 3706 assumuntur.
685 3639 838 3706 Deoimas
857 3647 1006 3725 preterea
1021 3645 1055 3706 et
1070 3659 1195 3726 posses·

75 3745 175 3812 aiones
191 3743 236 3812 sd
248 3745 306 3830 jus
323 3745 546 3814 lloeleslurum
566 3755 746 3816 vestrarum
763 3785 805 3796 -
822 3783 865 3796 -
881 3783 926 3796 -
941 3784 985 3796 -
1000 3747 1193 3831 detinentur,

76 3850 250 3921 redimendi
276 3861 310 3920 et
335 3853 478 3938 legitime
504 3855 679 3942 liberandi,
710 3855 753 3922 de
777 3855 924 3922 omnibus
948 3875 1069 3939 eorum,
1090 3863 1126 3922 et
1150 3855 1193 3922 ad

77 3959 248 4048 Ecclesiae,
275 3959 416 4044 adquae
432 3963 606 4049 pertinent,
634 3961 821 4048 reuocandi,
838 3963 944 4031 libera
967 3964 1010 4030 sit
1024 3959 1066 4030 de
1080 3972 1194 4031 nostra

77 4069 282 4150 permissione
305 4065 458 4138 ‘dealbas
491 4069 641 4138 Obeunte
664 4091 743 4140 vero
767 4078 822 4156 te,
849 4089 933 4137 nune
958 4069 1104 4138 eiusdem
1131 4071 1194 4138 looi

77 4173 206 4264 libate,
235 4197 275 4244 aa
291 4184 419 4246 tuorum
435 4178 580 4262 quolibet
595 4198 831 4265 suceessorum,
855 4179 964 4246 nullus
981 4179 1027 4245 ibl
1048 4177 1194 4262 qualibet

77 4283 287 4372 subreptionis
321 4286 445 4354 astutia
477 4305 535 4358 seu
561 4288 720 4356 uiolentia
750 4295 971 4375 preponatur,
1003 4289 1066 4354 nisi
1097 4306 1193 4373 quem

77 4388 183 4460 tratres
209 4395 371 4462 communi
396 4413 565 4480 consensu,
592 4401 650 4462 aut
675 4396 809 4462 fratrum
835 4397 941 4462 maior
965 4414 1041 4480 pars
1065 4395 1193 4464 consilii

78 4501 218 4587 uuiorin
234 4500 414 4573 seeundum
425 4503 532 4574 Deum
543 4511 576 4573 et
586 4504 664 4572 Diri
680 4503 849 4572 Benedioti
859 4503 992 4590 regulas
1002 4503 1193 4591 provideant

77 4605 261 4692 eluendum.
276 4611 359 4680 Paci
374 4631 503 4697 qnoque
520 4619 553 4682 el
569 4613 799 4700 tranquillitati
814 4621 922 4684 vestre
939 4619 1078 4702 paterna
1091 4612 1193 4704 inpo
