3112 5148
830 843 905 912 133.

300 1021 331 1091 A
355 1026 486 1111 aciprcibi
511 1025 723 1110 lepidissimis
748 1028 1026 1112 bizoupsu'ylecele,
1052 1029 1133 1112 bopp
1162 1026 1345 1092 Predizlaus
1360 1026 1431 1110 fiai

413 1135 568 1198 eser-netto·
583 1135 754 1200 birtoltulat
770 1135 874 1220 Stolo
890 1135 1042 1200 coacescat·
1062 1135 1194 1200 eladht'lr.
1221 1135 1318 1199 1245.

408 1329 593 1416 Capitulum
604 1331 836 1416 Zagrabieusis
850 1311 996 1400 Ecclesie
1012 1330 1162 1398 omnibus
1183 1351 1317 1417 presens
1328 1331 1428 1418 scrip·

297 1449 363 1508 tum
381 1439 577 1527 inspecturis
594 1440 730 1505 salutem
748 1439 780 1504 in
793 1440 941 1507 Domino.
960 1437 1011 1505 Ad
1028 1439 1250 1505 uniuersorum
1270 1439 1427 1507 noticiam

297 1549 410 1617 harum
439 1549 522 1615 serie
547 1549 695 1615 volumus
723 1549 903 1634 peruenire,
931 1548 1017 1632 quod
1043 1547 1226 1615 constitutis
1251 1549 1284 1614 in
1311 1557 1427 1616 nostra

299 1663 471 1748 presencia
487 1660 529 1725 ab
549 1679 614 1724 vna
630 1665 722 1744 parte
738 1659 866 1742 Martio,
889 1655 1002 1724 Pouda
1019 1665 1051 1723 ct
1066 1658 1235 1724 Marianus
1250 1657 1327 1743 filijs
1342 1657 1425 1723 Dra-

300 1791 369 1854 gcs,
387 1771 502 1851 Jacou,
515 1768 714 1854 b'tcphkone,
733 1769 832 1834 Jacus
850 1773 881 1832 ct
892 1766 1036 1832 Gordius
1052 1765 1307 1851 hlijsl’redislai,
1330 1773 1362 1832 ct
1379 1767 1423 1832 ab

297 1875 402 1941 altera
413 1876 569 1960 Magistro
580 1874 763 1960 Stephccue
779 1875 845 1939 lilio
857 1873 988 1941 huberti
1000 1871 1145 1956 Comitis,
1162 1873 1282 1940 he'redc
1292 1874 1422 1958 Martio,

297 1987 330 2048 et
345 1982 461 2048 ceteris
479 1983 519 2048 de
536 1989 628 2068 parte
654 2003 715 2048 sua
732 1981 868 2047 annexis
886 1981 1044 2066 superius,
1071 1979 1311 2067 possessiouem
1335 1981 1422 2068 ipso·

297 2107 366 2154 rum
383 2087 587 2156 Cherneteuu
605 2095 753 2154 vcucatam
781 2088 875 2155 uratia
892 2086 1109 2174 infrascriptis
1134 2107 1324 2172 expressam
1349 2108 1422 2155 cum

297 2197 446 2264 omnibus
459 2197 654 2264 utilitatibus
665 2203 697 2263 et
708 2195 919 2283 pertinencijs
930 2195 998 2262 suis
1015 2195 1250 2282 confessisunt,
1268 2216 1304 2262 se
1316 2195 1421 2263 eidem

295 2305 454 2389 Magistro
470 2307 655 2392 Stephconi,
682 2313 714 2372 ct
731 2325 789 2391 per
804 2325 876 2371 cum
903 2304 972 2373 suis
989 2303 1172 2388 heredibus,
1199 2306 1420 2392 heredumque

296 2415 539 2482 successoribus
562 2416 636 2500 jure
651 2419 807 2500 perpetuo
826 2409 1015 2478 vendidisse
1031 2431 1089 2497 pro
1105 2411 1284 2498 nonaginta
1300 2414 1420 2482 mareis

295 2520 512 2608 denariorum,
540 2543 621 2608 quas
648 2543 684 2588 se
711 2520 861 2587 dixerunt
886 2520 928 2584 ab
955 2519 1026 2606 ipso
1053 2517 1209 2603 Magistro
1234 2521 1419 2606 Stephcone

295 2631 390 2715 plene
417 2631 598 2716 recepisse;
625 2629 810 2712 obligantes
827 2646 862 2693 se
888 2627 931 2692 ad
948 2625 1186 2713 expediendum
1213 2635 1245 2694 et
1270 2629 1419 2696 euincen-

294 2736 369 2801 dum
393 2737 500 2822 ipsam
519 2736 743 2804 vendicionem
769 2735 896 2820 prefato
913 2735 1070 2819 Magistro
1091 2735 1268 2822 Stepheoni
1294 2743 1326 2802 et
1351 2737 1418 2805 suis
1489 2737 1492 2742 '

295 2845 538 2912 successoribus
555 2846 596 2910 ab
613 2843 772 2926 omnihus,
801 2845 855 2929 qui
873 2843 962 2928 ipsos
980 2849 1114 2909 eatenus
1139 2841 1342 2910 intenderent
1362 2846 1417 2912 im·

294 2957 405 3036 petere
431 2955 482 3020 vel
510 2953 612 3020 eciam
640 2953 823 3020 molestare.
856 2951 1036 3035 Astiterunt
1061 2951 1165 3017 eciam
1191 2952 1295 3035 Juan,
1321 2954 1416 3041 Jnrk,

294 3059 417 3126 hlilona
434 3062 492 3146 tilij
504 3062 615 3128 Ortum
629 3087 635 3146 ;
653 3062 781 3126 Martum
798 3059 883 3125 tilius
897 3059 1022 3145 Wlkaj;
1042 3058 1193 3144 Ulkcvoy
1210 3059 1294 3126 lilius
1311 3061 1416 3146 Velle,

292 3167 457 3248 Doclesin,
469 3170 651 3254 Demcther,
665 3167 847 3236 Prehichda
857 3168 914 3252 filij
924 3168 1083 3251 Hertesa3
1102 3165 1249 3250 Chernel,
1264 3167 1418 3255 Leuchin,

293 3275 408 3341 Rovilo
425 3277 483 3362 filij
495 3276 676 3362 Chcrnoht3
695 3275 835 3358 Grobeh,
847 3275 1004 3342 Lodinlou
1020 3273 1078 3360 filij
1096 3274 1244 3341 Wltheca
1256 3297 1327 3342 cum
1348 3277 1417 3344 suis

292 3382 467 3469 proximis,
495 3385 579 3453 Jurk
595 3385 681 3452 filius
698 3386 828 3468 herge,
855 3383 1004 3450 Gordosa
1029 3393 1061 3450 et
1078 3381 1238 3466 Georgius
1264 3383 1322 3469 filij
1339 3385 1417 3453 Ger·

292 3489 402 3573 diner3
431 3493 541 3557 Mathe
557 3493 641 3558 filius
658 3491 745 3574 Ulk;
774 3489 857 3556 Jork
885 3489 970 3555 tilius
986 3491 1129 3574 Juuosa;
1155 3495 1187 3556 et
1202 3490 1307 3558 hlriko
1331 3491 1417 3560 tilius

290 3597 406 3682 Bortu3
424 3599 479 3682 qui
497 3597 720 3664 vendicionem
737 3595 858 3662 tactam
875 3615 1036 3662 consensu
1053 3617 1112 3664 suc
1129 3595 1327 3666 catificantes
1343 3601 1417 3669 sine

290 3705 551 3773 contradiccicue
577 3705 687 3788 aliqua
713 3705 924 3770 admiserunt.
953 3703 1051 3771 Ouios
1078 3711 1162 3770 terre
1186 3705 1292 3791 primu
1317 3715 1415 3792 meta,

290 3812 373 3879 sicut
389 3813 482 3879 nobis
508 3817 618 3898 partes
635 3812 823 3894 retulerunt,
851 3811 975 3898 incipit,
1001 3811 1057 3877 vbi
1074 3811 1193 3881 fluuius
1210 3813 1415 3884 Chernetcuu

290 3918 378 3986 cadit
394 3919 426 3984 iu
443 3925 583 4004 seuam,
613 3925 643 3982 et
660 3917 693 3982 in
719 3916 833 3983 eodem
851 3917 993 3983 Ohernut
1018 3919 1051 3985 iu
1073 3925 1261 3988 transuerso
1286 3932 1414 3991 meatus

289 4027 436 4094 ciusdem
453 4047 536 4111 aque
553 4025 710 4108 ascendit,
737 4031 769 4092 et
785 4025 932 4110 procedit
954 4045 1067 4092 versus
1092 4025 1270 4114 meridiem,
1297 4037 1330 4095 et
1345 4051 1415 4114 per-

288 4135 376 4200 uenit
404 4135 447 4200 ad
472 4155 569 4200 vnum
595 4134 727 4200 fluuium
744 4133 905 4200 Listowch
930 4136 1079 4221 nominc,
1108 4137 1161 4220 qui
1187 4137 1303 4206 fluuius
1319 4137 1415 4206 Cher-

288 4243 406 4308 nechtu
418 4251 534 4312 extcto
552 4249 698 4310 remanet
707 4243 866 4328 Magistro
877 4242 1053 4330 Stephconi
1070 4245 1277 4331 supradicto;
1295 4246 1414 4314 abhinc

289 4367 346 4435 per
363 4349 494 4417 fluuium
513 4349 666 4416 Listonch
693 4350 915 4435 supradictum
934 4349 1083 4436 procedit
1108 4371 1221 4419 versus
1246 4353 1414 4420 meridiem

287 4456 319 4520 in
337 4457 423 4523 bcua
439 4457 653 4542 longitudine,
680 4465 711 4524 et
728 4453 795 4525 exit
812 4477 924 4525 versus
941 4457 1141 4526 occidentem
1160 4479 1219 4546 per
1234 4465 1337 4527 metas
1352 4469 1414 4528 ter-

285 4583 358 4628 reas
384 4563 427 4629 ad
444 4565 579 4628 arbores
605 4585 697 4632 cruce
724 4567 892 4652 signatas5
919 4566 995 4634 inde
1010 4568 1158 4656 peruenit
1184 4565 1227 4636 ad
1247 4565 1414 4655 quoddam
