3102 5160
621 759 698 827 1118.

94 937 126 996 Α
143 935 220 1002 Meri
232 936 450 1023 kdptalonoak
465 941 733 1028 bizonystiqleoele,
749 945 831 1030 kopp
856 945 993 1012 Amemus
1008 948 1219 1036 Serepuplonle

86 1041 147 1122 fia,
169 1049 196 1106 ά
212 1044 354 1112 Benedek
369 1048 589 1114 Modotndrsalo
599 1050 652 1132 fia
667 1050 839 1117 &temler
853 1052 935 1120 Indo
950 1079 969 1119 α
984 1056 1121 1123 Italoeoae'
1138 1061 1220 1124 erret

379 1155 667 1222 tornolrmosterenek
681 1157 814 1224 elndtdlr.
831 1155 929 1227 1247.

196 1349 264 1417 Nos
279 1349 468 1438 Capitulum
483 1351 663 1420 Bnohiense
677 1353 827 1423 omnibns
854 1360 1059 1444 presentibus
1085 1369 1118 1428 et
1133 1361 1216 1430 futu-

92 1455 137 1520 ris
150 1456 376 1527 insinuueione
400 1461 605 1545 presenoium
622 1467 733 1528 notnm
748 1461 898 1550 lenimus,
924 1467 1011 1549 quod
1024 1469 1217 1538 Ambrosius

92 1563 177 1630 lilius
191 1563 361 1652 Soreguyl,
378 1574 412 1634 et
426 1565 624 1636 Benedictus
638 1567 725 1636 filins
734 1569 895 1640 Modorod
911 1591 1021 1642 eoram
1037 1575 1134 1644 nobis
1149 1597 1218 1663 per·

92 1673 246 1742 sonaliter
255 1674 432 1760 eonstituti,
449 1675 686 1761 confessisunt,
702 1684 738 1744 nt
747 1677 980 1748 hereditoriam
991 1689 1111 1750 terrem
1124 1703 1216 1752 suem

91 1781 186 1848 situm
209 1783 246 1848 in
262 1781 426 1852 Comitatu
453 1784 494 1850 de
509 1785 623 1852 Wloou
649 1804 723 1852 enm
743 1787 892 1854 omnibus
917 1787 1114 1858 utilitatibus
1135 1793 1216 1878 suis,

91 1890 370 1977 pertinenoijssen
385 1889 527 1976 edilioijs
537 1911 636 1979 super
651 1892 758 1979 ipsum
772 1901 894 1962 terram
905 1895 1128 1981 existentibus,
1143 1916 1217 1966 oon-

91 2005 241 2067 meteneo
258 2019 328 2083 suo,
346 1999 472 2067 seilioet
487 1998 585 2084 luen,
602 2000 759 2085 Magistro
778 2002 1034 2071 'I'auernioorum
1050 2005 1217 2072 uenerabi-

90 2105 129 2170 lis
142 2105 251 2192 petris
274 2105 445 2174 Benedicti
460 2107 522 2174 Dei
538 2107 652 2192 grume
667 2106 916 2196 Arohiepisoopi
933 2108 1141 2180 (lutoviensis
1157 2132 1217 2198 pro

89 2211 200 2280 desem
226 2213 347 2280 marcis
373 2215 499 2299 urgenti
524 2212 749 2284 uendidissent
772 2217 986 2301 integraliter,
1012 2217 1076 2284 sibi
1095 2223 1127 2285 et
1148 2221 1218 2288 suis

89 2319 266 2388 heredibus
280 2327 439 2407 perpetuo
456 2319 642 2390 iubendum
657 2329 689 2390 et
703 2323 947 2409 possidendam,
962 2332 996 2390 et
1009 2323 1115 2408 ipsam
1130 2343 1215 2395 sum·

88 2447 174 2494 mum
192 2429 332 2514 pecunie
347 2447 386 2496 se
399 2427 548 2514 plenarie
564 2429 738 2516 recepisse.
753 2432 856 2498 Porro
875 2429 985 2513 uieini,
1002 2430 1143 2498 nonlines
1160 2449 1218 2496 son

87 2535 305 2604 eommetnnei
320 2542 408 2602 terre
423 2537 583 2622 pretinm,
607 2537 732 2606 soilieet
760 2539 876 2608 Custos
892 2545 925 2606 et
940 2539 1125 2607 conuentus
1151 2538 1216 2606 llo-

14 2727 15 2730 *
86 2643 223 2729 nasterij
241 2642 355 2710 Suneti
370 2644 527 2729 Demetrii
548 2663 606 2730 per
622 2645 780 2716 olfioioles
795 2665 883 2731 snos,
903 2645 1057 2714 videlieet
1080 2645 1217 2715 senten

86 2763 116 2820 et
131 2753 300 2820 'rhomum
317 2751 451 2818 fronem
460 2750 557 2820 Fuku
571 2753 679 2839 nobis,
695 2755 894 2838 intimarunt,
918 2755 993 2822 huie
1008 2753 1145 2822 emoioni
1160 2773 1218 2823 seu

14 2893 15 2958 3
85 2859 275 2928 uendioioni
300 2879 394 2926 suum
421 2877 613 2928 eonsensum
639 2861 827 2946 prebuisse;
853 2860 912 2945 eiij
930 2879 1067 2948 qnoque,
1091 2860 1219 2931 seilicet

15 3035 16 3048 ,
84 2970 189 3036 linrss
203 2972 379 3054 quenesius
395 2965 509 3052 populi
522 2965 567 3034 de
581 2965 663 3034 nilla
679 2966 795 3050 Yelun,
812 2973 844 3034 et
859 2965 1112 3036 Thomosirater
1122 2965 1219 3034 Pulso

15 3049 16 3072 ¹
83 3076 270 3162 premissus
296 3073 446 3159 requisiti
469 3073 610 3159 anobis,
629 3073 789 3160 empoioni
815 3094 872 3142 seu
897 3073 1082 3144 nendioioni
1106 3092 1219 3159 supra·

15 3223 16 3236 1
84 3185 176 3252 dicte
192 3203 288 3251 suum
304 3200 475 3252 assensum
491 3181 638 3250 ultronee
653 3181 859 3267 prebuerunt.
875 3182 915 3248 In
930 3181 1023 3247 ouius
1039 3181 1085 3250 rei
1102 3200 1220 3248 memo-

84 3293 169 3360 rium
188 3296 358 3378 presentes
375 3290 504 3360 litteras
521 3289 739 3357 oonosssimus
755 3288 858 3372 sigilli
872 3288 961 3358 nosti
977 3288 1153 3358 munimine
1169 3308 1218 3354 ro-

16 3459 17 3464 ,
83 3401 235 3467 boram.
261 3399 355 3466 Anno
372 3399 415 3466 ab
430 3397 664 3464 Inoorneoione
683 3394 815 3464 Domini
830 3393 952 3464 110110ο
967 3395 1219 3479 quadragesimo

83 3507 249 3596 septim03
265 3504 422 3590 Magistro
438 3505 505 3573 lob
519 3503 691 3588 Proposito
707 3501 881 3572 Bsohiensi
897 3509 930 3570 et
941 3501 1067 3570 Oomite
1085 3500 1220 3588 capelle

16 3651 17 3704 3
84 3615 202 3702 Regis,
219 3609 355 3682 Andros
369 3615 515 3697 Lentone,
539 3613 682 3698 Symone
702 3609 852 3693 (lentore,
878 3607 1055 3678 Benedioto
1072 3606 1220 3674 Arohidi-

16 3709 17 3772 ἶ
84 3741 191 3792 nonno
200 3720 389 3804 Beohiensi,
403 3718 544 3804 Symono
554 3715 793 3786 Arohidieoono
804 3715 995 3800 Syrmiensi,
1006 3713 1151 3782 Adriano
1161 3709 1224 3796 On-¹

84 3826 592 3914 stnde‚AntnuioArnhidiaoono
602 3825 844 3910 Soegoediensi,
857 3823 1221 3903 NioolaDeouno,oete-

84 3933 788 4023 risqueOenonioisineademlleolesieDeo
800 3931 937 4000 feliciter
948 3925 1219 3998 ministrantibus.

430 4078 459 4144 A
643 4077 671 4141 B
856 4075 882 4140 ὓ

85 4231 225 4304 (nrsdetie
241 4219 407 4292 osrhlrrytn
418 4239 435 4275 u
446 4221 634 4289 kiptulennelr
648 4223 816 4274 barnevilriis
835 4214 1061 4287 solyemnsinoron
1076 4213 1162 4280 iilggii
1175 4223 1220 4278 pe-

299 4315 385 4384 esttje
397 4317 473 4380 elatt,
487 4331 504 4367 s
517 4313 600 4366 budsi
613 4313 665 4364 lrir.
680 4311 801 4366 inmersi
816 4304 1010 4374 lsvtlttrben).

126 4641 235 4681 nom.
246 4633 332 4676 nune.
349 4633 419 4670 rursu.
440 4639 476 4650 -
495 4631 566 4668 nrnn.
584 4623 609 4662 12
1023 4601 1059 4659 16
