3134 5158
636 867 710 940 272.

125 1052 174 1117 IV.
189 1052 265 1118 Belo
279 1052 384 1137 kirtly
409 1075 447 1116 aa
462 1054 528 1138 epra*
551 1051 761 1139 kdptolunaak
784 1052 977 1139 meyhoptyja,
1002 1054 1083 1139 kopp
1108 1051 1226 1117 Messes

123 1163 260 1248 icipae'pre
284 1167 375 1227 necve
399 1159 546 1247 Zempldn
571 1161 729 1248 meppe'ben
753 1161 949 1246 temperent
972 1173 1097 1226 tartaom
1128 1159 1225 1225 1255.

214 1357 296 1425 Bela
320 1356 383 1424 Dei
408 1357 521 1442 gracia
544 1358 615 1424 Rex
639 1356 782 1440 Vngarie
806 1355 958 1425 fidelibus
983 1355 1050 1423 suis
1075 1354 1225 1442 Capitulo

118 1465 254 1532 Ecclesie
270 1464 440 1549 Agriensis
464 1464 604 1532 salutem
629 1472 662 1532 et
677 1464 830 1549 graciam.
849 1463 938 1530 Dicit
961 1463 1053 1530 nobis
1069 1464 1226 1532 Autoteus

117 1574 152 1640 de
166 1595 285 1659 genere
300 1573 477 1642 Hermanni
502 1573 604 1640 frater
620 1573 741 1641 Mathis
757 1573 918 1660 Prepesiti
934 1573 975 1641 de
989 1575 1111 1660 Scepus
1127 1573 1225 1639 dilec-

116 1688 160 1748 tus
174 1689 206 1748 et
215 1682 323 1758 tidelis
333 1689 452 1766 noster,
469 1681 555 1767 quod
566 1681 706 1766 quedam
718 1683 883 1768 possessio
901 1682 1226 1749 suaMescesvocata

115 1790 142 1854 in
156 1789 319 1857 Comitatu
345 1791 386 1858 de
402 1791 535 1875 Zsmlyn
552 1789 706 1874 existens,
733 1789 1000 1856 distinccionibus
1022 1787 1226 1855 vicinitatem

113 1905 142 1964 et
154 1898 376 1966 ereccionibus
393 1906 721 1968 metarumnonarum
737 1899 912 1985 plurimum
935 1897 1105 1983 indigeret.
1123 1899 1227 1983 Super
1361 1917 1365 1926 ’

114 2026 170 2088 quo
186 2007 337 2074 fidelitati
354 2015 463 2076 vestre
477 2008 612 2076 firmiter
631 2008 848 2094 precipientes
873 2006 989 2073 damus
1004 2006 1036 2072 in
1051 2003 1225 2090 mandatis,

112 2127 266 2198 qnatenus
277 2117 413 2184 mittatis
423 2117 733 2186 hominemvcstrum
743 2123 802 2202 pro
813 2117 996 2184 testimonio
1006 2115 1068 2182 fide
1079 2113 1224 2200 dignum,

111 2245 168 2308 quo
183 2232 337 2313 presente
352 2224 467 2294 Comes
482 2225 669 2312 Stephanus
685 2227 769 2293 tilius
786 2226 896 2293 Oadar
912 2225 952 2292 de
967 2226 1155 2308 Tholchwa,
1171 2223 1224 2289 rel

111 2334 312 2402 Andronicus
328 2335 369 2400 de
384 2334 497 2402 eadem
512 2335 608 2403 homo
625 2341 735 2402 noster
751 2333 928 2400 adfaciem
945 2333 1030 2400 dicte
1046 2331 1226 2428 possessio·

112 2444 157 2508 nis
171 2440 360 2510 accedendo
384 2443 531 2528 legitima
556 2442 792 2512 conuocacioue
809 2443 987 2510 vicinorum
1008 2448 1039 2509 ct
1055 2445 1226 2508 commeta-

113 2571 243 2620 neorum
259 2551 329 2619 eius
341 2551 520 2619 reembulet
536 2551 673 2620 eandem
690 2559 883 2638 perveteres
901 2559 934 2617 et
949 2549 1098 2634 antiquas
1109 2552 1224 2630 metas,

110 2660 197 2726 iuxta
213 2665 344 2727 veteres
370 2679 473 2728 nouas
499 2667 612 2744 metas,
634 2660 688 2726 vbi
705 2660 890 2728 necessarie
905 2658 1032 2742 fuerint,
1057 2653 1223 2743 erigendo,

109 2775 295 2851 statuatque
310 2767 375 2853 ipsi
391 2767 507 2835 Comiti
523 2767 662 2835 Antaleo
686 2769 720 2834 in
735 2767 820 2836 filios
835 2766 974 2835 filiorum
1001 2767 1070 2832 eius
1090 2774 1123 2833 et
1138 2767 1226 2832 here-

109 2876 165 2942 des
181 2882 340 2963 perpetuo
350 2877 592 2964 possidendam,
609 2879 638 2946 si
654 2898 719 2946 non
729 2877 827 2944 fuerit
838 2875 1080 2960 contradictum,
1101 2883 1226 2943 contra-

109 2986 249 3054 dictores
265 2993 384 3072 autem,
401 2985 494 3071 siqui
510 2986 639 3072 inerint,
657 2985 918 3054 contraeundum
934 2987 976 3053 ad
987 2993 1130 3053 nostram
1150 2984 1227 3052 citet

104 3094 306 3180 presenciam
332 3093 376 3160 ad
399 3095 570 3164 terminum
595 3104 848 3181 competentem
881 3103 914 3164 et
937 3101 1011 3181 post
1033 3093 1095 3160 hec
1118 3093 1224 3162 tocius

104 3201 182 3270 faeti
199 3203 318 3270 seriem
334 3223 407 3269 cum
422 3204 567 3271 cursibus
585 3211 741 3271 metarum
757 3205 850 3272 nobis
867 3205 1004 3271 fideliter
1026 3203 1224 3270 rescribatis.

102 3313 223 3378 Datum
251 3313 343 3379 Bude
367 3314 401 3379 in
417 3313 542 3381 octauis
566 3314 660 3380 Beati
686 3315 804 3382 Jacobi
820 3313 968 3401 Apostoli
995 3333 1080 3380 anno
1097 3312 1227 3380 Domini

102 3421 275 3488 millesimo
291 3420 511 3489 ducentesimo
527 3423 798 3508 quinquagesimo
815 3423 935 3509 quinto.

145 3617 200 3688 (Aa
214 3622 272 3686 egri
288 3616 474 3688 kiptalaunak
488 3638 652 3689 rrgyauauon
665 3625 742 3674 leto.
756 3620 800 3672 eri
814 3619 1102 3690 bizonysdglovelebdl,
1115 3625 1184 3672 mint

540 3711 620 3766 arton
632 3715 695 3767 nee.
709 3731 745 3766 ez.
756 3714 792 3781 a.)

537 4001 800 4014 *nn-.—
