3102 5160
581 335 736 433 „aa

100 549 178 598 nem.
194 529 276 599 Gurn
288 529 371 598 tede
380 533 488 598 cetero
505 529 681 616 specialem
694 529 779 596 inter
789 529 926 598 devotos
935 531 1083 598 Ecclesia
1093 535 1218 616 repute-

101 657 175 724 mus,
192 639 369 726 petitiones
388 642 640 724 transpunctum
661 657 732 706 cnm
744 638 814 706 Deo
825 658 1007 725 possumus,
1024 639 1160 706 libenter
1179 636 1223 704 ad

99 745 231 831 gratiam
242 746 464 815 exauditionis
479 745 689 830 admittimus,
705 753 738 814 et
752 747 837 816 votis
853 747 918 814 tuis
932 746 1077 814 savorem
1092 745 1221 812 benivo-

99 854 158 920 lum
172 854 387 942 impertimur.
403 855 597 940 Itapropter,
614 853 781 922 carimime
797 854 830 920 in
847 853 977 922 Christo
992 853 1051 938 iili,
1064 853 1129 920 tuis
1145 873 1218 938 sup·
1271 862 1278 876 ·

99 961 325 1046 plicationibus
335 959 493 1045 inclinati,
508 959 680 1047 Episcopis
691 966 723 1028 et
733 959 807 1026 aliis
826 961 1028 1047 presbyteris
1039 959 1081 1028 de
1091 959 1219 1044 Russis,

99 1075 129 1135 nt
141 1069 239 1136 liceat
254 1069 304 1136 eis
322 1088 412 1139 more
426 1087 485 1138 suo
500 1085 542 1136 ex
557 1067 752 1136 fermentato
769 1067 936 1152 conticere,
957 1077 990 1136 et
1005 1067 1089 1136 alios
1106 1087 1219 1134 eorum

98 1176 179 1258 ritus,
206 1175 263 1262 qni
280 1175 357 1244 fidei
374 1176 541 1262 catholice,
569 1195 667 1262 quam
692 1175 842 1243 Ecclesia
866 1177 1013 1244 Romana
1031 1181 1128 1258 tenet,
1154 1195 1218 1243 nou

98 1283 235 1369 obviant
253 1283 440 1368 observare,
463 1283 656 1351 anctoritate
672 1283 872 1370 presentium
886 1283 1103 1369 indulgemus.
1129 1282 1220 1350 Nulli

98 1409 169 1475 ergo
179 1388 313 1459 omnino
323 1389 489 1457 hominum
504 1389 603 1457 liceat
612 1391 697 1457 hanc
713 1391 868 1477 paginam
879 1395 988 1459 nostre
999 1390 1218 1458 consessionis

98 1506 126 1564 et
139 1495 283 1566 indultus
293 1497 482 1584 infringere,
498 1497 551 1566 vel
567 1499 598 1566 ei
621 1517 703 1567 ausu
719 1497 893 1568 temerario
909 1497 1079 1566 contraire.
1094 1498 1130 1566 Si
1145 1497 1218 1583 quis

97 1613 199 1674 antem
215 1608 279 1676 troc
295 1613 492 1693 attemptare
516 1607 752 1695 presumpserit
769 1606 1039 1693 indignationem.
1065 1605 1216 1694 Omnipo-

96 1715 188 1782 tentis
204 1715 279 1800 Dei,
307 1721 340 1782 et
354 1713 529 1784 Beatorum
553 1716 641 1784 Petri
668 1722 700 1782 et
723 1715 818 1782 Pauli
833 1715 1064 1800 Apostolorum
1082 1716 1152 1799 ejus
1180 1734 1217 1781 se

97 1823 215 1890 noverit
230 1825 444 1891 incursurum.
464 1825 585 1890 Datum
595 1823 747 1908 Lugduni
762 1823 816 1890 Vl.
828 1821 991 1891 kalendas
1007 1821 1217 1909 Septembris,

97 1929 304 1998 Pontificatus
318 1929 423 1997 nostri
439 1949 524 1997 anno
540 1928 664 2014 quinto.

261 2125 418 2194 (Turgensv
442 2125 621 2180 Monumenta
634 2125 706 2180 Eiet.
720 2127 835 2180 Barsine
848 2127 871 2177 1.
887 2125 943 2176 lrbt.
957 2125 1000 2177 tl.
1014 2125 1043 2191 l.)

523 2427 784 2443 m

619 2931 697 3004 lte.

94 3131 147 3195 W.
166 3131 256 3199 Inoze
269 3141 359 3224 pcipe
371 3133 492 3199 Dat-ubl
503 3135 653 3218 policziai
661 3137 692 3197 c'e
710 3132 862 3198 Woazs'llco
873 3131 1216 3219 lodomec·iuilrir·dlpok·

16 3263 17 3296 r
93 3239 147 3303 nuk
163 3239 350 3325 enyedclmct
363 3239 418 3323 od,
444 3239 525 3326 hogy
541 3263 579 3304 az
595 3239 660 3304 dlcet
675 3239 758 3305 illuct
774 3237 902 3305 birtokot
916 3239 1043 3304 minden
1061 3239 1129 3304 mds
1138 3237 1216 3326 seje-

348 3345 487 3412 delemtdl
502 3345 825 3432 suazafoqtatsaacs
845 3341 939 3411 1247.

194 3541 405 3610 Innocentius
414 3541 598 3630 Episcopus
608 3561 722 3611 servus
742 3561 909 3612 servorum
919 3543 982 3610 Dei
993 3541 1120 3610 dilectis
1139 3541 1215 3609 filiis

91 3649 279 3718 illustribus
297 3649 427 3717 Danieli
442 3650 562 3719 Russie
577 3655 609 3717 et
624 3651 676 3717 W.
692 3650 905 3719 Laudemerie
919 3650 1012 3718 fratri
1036 3651 1106 3734 ejnn
1121 3652 1215 3735 Regi-

92 3757 163 3841 bus,
177 3762 210 3824 et
225 3763 303 3826 nato
313 3757 460 3842 ejusdem
475 3757 626 3826 Danielis
637 3758 820 3827 salutemet
834 3757 1215 3844 Apostolioambenedie-

90 3847 221 3916 tionem.
241 3845 353 3915 Ourna
367 3847 463 3917 nobis
479 3847 609 3934 petitur,
625 3849 713 3932 qnod
722 3849 842 3916 iustum
852 3853 902 3917 est
911 3855 944 3916 et
953 3849 1132 3932 honestum,
1147 3853 1215 3916 tam

88 3955 181 4042 rigor
195 3955 360 4040 equuus,
377 3975 474 4042 quam
491 3953 572 4024 ordo
582 3955 686 4043 exigit
695 3957 841 4042 rationis,
858 3963 894 4024 ut
908 3955 943 4022 id
952 3975 1012 4042 per
1026 3955 1213 4024 sollicitudi-

87 4084 156 4132 nem
166 4063 265 4134 oflicii
280 4063 384 4135 nostri
399 4063 442 4132 ad
458 4064 602 4134 debitum
617 4064 833 4154 perducamus
843 4066 1001 4134 ellectum.
1020 4065 1213 4152 Eapropter‚

88 4173 250 4241 carissimi
259 4173 293 4239 in
303 4172 431 4242 Christo
440 4172 510 4260 lilii,
521 4173 638 4243 vestis
648 4175 741 4242 iustis
751 4175 903 4262 precibus
912 4172 1070 4258 inclinati,
1082 4191 1214 4261 recupe-

88 4281 182 4350 randi
192 4281 427 4368 possessiones,
446 4289 560 4370 terras,
577 4283 687 4350 etalio
704 4284 790 4352 bona
806 4281 849 4350 ad
866 4304 923 4352 vos
940 4282 1147 4368 hereditario,
1162 4283 1215 4350 vel

87 4391 146 4460 alio
159 4391 236 4476 jnre
253 4390 445 4477 spectantia,
462 4411 526 4475 que
542 4391 599 4457 alii
615 4393 732 4478 Reges,
759 4391 815 4475 qui
831 4390 864 4458 in
880 4391 1027 4460 Ecclesie
1042 4391 1214 4461 devotione

86 4517 145 4566 non
154 4503 357 4584 permanent,
378 4504 490 4564 eontra
508 4496 666 4566 iustitiam
684 4496 837 4582 detinent,
864 4506 897 4564 et
912 4497 1049 4583 injurias
1074 4498 1214 4565 seculari

85 4607 230 4694 potentia
240 4605 463 4694 propulsandi,
474 4605 612 4674 liberam
622 4607 715 4676 vobis
726 4603 932 4676 concedimus
942 4606 1135 4676 aucmritate
1145 4623 1214 4692 pre·
