3198 5160
646 273 804 379 Q.

160 471 245 558 quod
272 473 394 542 labitur
419 493 478 562 per
502 474 664 541 Ducatum
690 472 829 540 Austrie.
863 473 905 540 Et
930 470 1137 543 crediderunt
1160 477 1289 546 Tartari

159 583 298 649 transire
314 603 374 668 per
389 581 553 668 quendam
571 585 702 668 pontem
718 579 766 646 ibi
781 580 912 648 iactum.
934 580 1000 648 Sed
1016 583 1091 650 Dux
1106 585 1239 653 Austrie
1255 595 1288 654 et

157 688 214 756 alii
230 688 331 756 vicini
356 696 486 776 pontem
503 693 743 776 occupaverant
759 694 791 754 et
810 689 1013 774 munierant;
1038 691 1124 758 unde
1138 691 1287 761 Tartaris

156 817 216 883 per
231 803 364 885 pontem
372 798 434 864 fuit
448 798 605 865 transitus
615 795 808 882 denegatus.
825 799 930 866 Bathc
941 817 1020 866 varo
1034 798 1098 866 suit
1112 799 1285 886 plurimum

155 907 315 991 turbatus,
344 913 377 972 et
391 903 541 992 precepit
564 903 657 989 genti
680 923 749 988 sue,
776 904 863 989 quod
888 905 1034 973 natando
1060 925 1159 994 snper
1183 925 1285 994 equos

155 1013 337 1082 transirent
351 1015 480 1082 flumen.
507 1013 549 1080 Rt
563 1013 635 1100 ipsc
658 1015 747 1100 prior
771 1013 834 1081 init
851 1013 1029 1100 ingressus,
1056 1034 1223 1102 exponens
1246 1035 1284 1085 se

154 1123 249 1190 morti
265 1159 311 1172 —
328 1159 371 1171 —
387 1160 430 1170 —
446 1121 532 1188 Nam
549 1126 725 1206 antequam
742 1129 876 1208 possent
892 1121 935 1188 ad
951 1123 1056 1210 ripam
1066 1122 1167 1191 aliam
1182 1123 1283 1192 flumi-

152 1235 205 1300 nis
221 1232 403 1320 pervenire,
429 1231 503 1317 equi
519 1229 650 1298 inerunt
665 1230 743 1300 sessi
759 1238 894 1318 propter
909 1232 1116 1300 latitudinem
1139 1231 1282 1301 fluminis

152 1349 185 1408 et
202 1340 424 1409 fortitudinem
441 1359 536 1427 aque,
554 1347 586 1406 et
599 1337 705 1406 Bathc
722 1359 794 1406 cum
811 1358 932 1424 magna
948 1339 1132 1423 quantitate
1147 1359 1279 1408 sucrum

153 1451 285 1516 inerunt
300 1448 473 1516 submersi.
499 1447 631 1516 Tartari
646 1468 724 1516 vero
742 1447 800 1532 illi,
818 1449 873 1532 qui
889 1445 1031 1514 nondum
1053 1448 1192 1533 ingressi
1210 1447 1278 1517 fue·

150 1565 237 1644 runt,
264 1579 369 1645 aquas
386 1559 445 1626 has
461 1557 621 1642 videntes,
647 1577 767 1642 magno
783 1557 896 1626 dolore
910 1557 1035 1624 coniusi
1054 1557 1221 1625 radiarunt
1235 1557 1281 1626 ad

149 1668 299 1752 Regnum
318 1666 419 1734 Rusio
434 1674 467 1734 et
483 1665 649 1751 Comanie,
668 1685 731 1751 quc
751 1665 1095 1734 sinecontradiccione
1110 1666 1277 1734 tenebant.

149 1775 329 1860 Postquam
345 1794 423 1843 vero
438 1775 545 1842 Bathc
571 1773 759 1842 initialiter
785 1773 973 1860 suffocatus,
999 1781 1035 1840 ut
1050 1773 1202 1861 superius
1228 1781 1279 1842 est

148 1901 351 1969 expressum,
377 1901 541 1967 nunquam
566 1881 697 1948 Tartari
723 1881 811 1967 apud
835 1881 1044 1949 Alamaniam
1069 1881 1277 1968 redincrunt;

149 1989 288 2059 heredes
304 2011 381 2059 vero
396 1991 502 2059 Baths
518 1990 702 2058 successive
718 1997 833 2074 terres,
861 2008 944 2074 quas
959 1989 1169 2078 acquisierat,
1192 1989 1276 2057 redi·

147 2106 252 2186 crunt,
276 2098 429 2166 videlicet
451 2099 597 2184 Regnum
614 2096 781 2182 Ceresius,
807 2099 955 2183 Regnum
976 2095 1132 2165 Comanis
1155 2102 1189 2164 ot
1212 2099 1275 2166 Re·

147 2229 248 2296 gnum
258 2209 369 2281 Rusie.
386 2211 429 2276 Et
442 2209 508 2294 ille,
525 2209 580 2293 qui
597 2227 708 2274 nunc
727 2213 816 2273 tenet
825 2205 1002 2274 dominium
1013 2207 1128 2291 Batho,
1141 2213 1277 2275 vocetur

144 2318 317 2403 Tochitay‚
332 2322 365 2383 et
380 2315 426 2384 fui
442 2314 602 2384 sccundus
617 2315 705 2382 iilius
721 2315 855 2382 secundi
871 2314 929 2381 filii
949 2313 1102 2381 Octocen.

143 2497 179 2565 (A
192 2498 283 2568 gricai
297 2505 423 2566 egystum
437 2494 649 2565 kbnyvttrtuak
661 2497 745 2558 33134
759 2495 805 2548 iol.
819 2513 857 2548 sa.
871 2512 897 2548 a.
911 2493 1025 2548 kbairati
1044 2490 1273 2562 papucodextbul

548 2585 655 2638 kuaubc
667 2585 760 2638 Dudik
774 2583 868 2652 Beda.)

679 3053 734 3134 ΙΙ.

137 3223 277 3302 Juuuan
299 3217 405 3294 XIII.
424 3217 566 3294 szuzadi
594 3243 747 3318 mappae
776 3214 1139 3292 doccoulrosreudineb
1162 3211 1268 3288 levale

446 3373 470 3418 u
488 3341 673 3443 moupolob
691 3337 968 3440 budjurctuircl.

214 3505 303 3572 (Ezen
313 3502 438 3556 lovblnek
448 3501 495 3555 kbt
503 3501 656 3556 kulunbcau
668 3497 791 3565 lectibjat
800 3498 853 3564 birj
857 3500 902 3562 uk,
909 3499 982 3566 moly
988 3499 1195 3552 mindirottbnok
1204 3499 1267 3551 isba

135 3595 203 3654 lese,
217 3594 423 3647 tartalmuknak
435 3593 549 3644 kritilrai
563 3589 720 3657 magitblbse
731 3588 835 3656 vbgstt,
847 3585 946 3642 lttsnik
959 3587 1159 3652 indokoltnak.)

182 3774 228 3862 A)
264 3775 379 3842 Barb
408 3768 953 3854 Hormayr·Hortenburg
979 3761 1216 3832 anseiki-

528 3876 668 3944 adasa
690 3875 873 3942 snerint.

243 4041 433 4108 Venerabili
453 4041 486 4107 in
503 4039 631 4107 Christo
651 4040 748 4126 patri,
774 4039 836 4105 Dei
851 4037 965 4124 gracia
985 4037 1148 4125 Episcopo
1163 4035 1263 4102 Pem-

133 4153 211 4236 tino,
221 4147 410 4236 apostolice
426 4148 523 4216 Sedis
534 4149 670 4235 begam,
687 4148 787 4216 irater
797 4147 949 4214 Julianus
965 4145 1117 4212 Fratrum
1128 4142 1263 4214 Ordinis

135 4257 380 4326 Predicatornm
406 4257 439 4322 in
456 4258 605 4342 Ungaria
630 4275 754 4340 servus,
781 4253 999 4323 reverentiam
1024 4257 1091 4318 tam
1117 4251 1262 4320 debitam

135 4387 233 4452 quam
250 4364 413 4432 devotam.
441 4367 522 4434 (ium
539 4363 716 4432 secundum
742 4365 821 4432 mibi
840 4365 1018 4432 iniunctam
1043 4359 1262 4430 obedientiam

134 4475 181 4541 irc
206 4471 360 4540 deberem
385 4472 429 4540 ad
445 4473 600 4560 Magnam
616 4473 797 4558 Ungariam
822 4471 1075 4539 cumfratribus
1100 4469 1180 4536 mihi
1204 4467 1262 4536 ad·

135 4581 263 4668 iuuetis,
279 4579 461 4650 iniunctum
477 4581 572 4652 uobis
588 4581 650 4649 iter
667 4583 821 4672 perficere
836 4581 1015 4671 cupientes,
1042 4595 1114 4645 cum
1129 4575 1175 4645 ad
1188 4575 1261 4643 ulti·
