<?xml version="1.0" encoding="UTF-8"?>
<!DOCTYPE html PUBLIC "-//W3C//DTD XHTML 1.0 Transitional//EN"
    "http://www.w3.org/TR/xhtml1/DTD/xhtml1-transitional.dtd">
<html xmlns="http://www.w3.org/1999/xhtml" xml:lang="en" lang="en">
 <head>
  <title>
</title>
<meta http-equiv="Content-Type" content="text/html;charset=utf-8" />
  <meta name='ocr-system' content='tesseract 3.04.00' />
  <meta name='ocr-capabilities' content='ocr_page ocr_carea ocr_par ocr_line ocrx_word'/>
</head>
<body>
  <div class='ocr_page' id='page_1' title='image "./codexdiplomatic15wenzgoog_0453.png"; bbox 0 0 3148 5156; ppageno 0'>
   <div class='ocr_carea' id='block_1_1' title="bbox 819 294 973 398">
    <p class='ocr_par' dir='ltr' id='par_1_1' title="bbox 819 294 973 398">
     <span class='ocr_line' id='line_1_1' title="bbox 819 294 973 398; baseline 0.013 -2"><span class='ocrx_word' id='word_1_1' title='bbox 819 294 973 398; x_wconf 35' lang='grc' dir='ltr'><strong>--ἕξω</strong></span> 
     </span>
    </p>
   </div>
   <div class='ocr_carea' id='block_1_2' title="bbox 327 493 1458 689">
    <p class='ocr_par' dir='ltr' id='par_1_2' title="bbox 327 493 1458 689">
     <span class='ocr_line' id='line_1_2' title="bbox 328 493 1458 566; baseline 0.003 -4"><span class='ocrx_word' id='word_1_2' title='bbox 328 493 504 562; x_wconf 81' lang='lat' dir='ltr'><strong>munimine</strong></span> <span class='ocrx_word' id='word_1_3' title='bbox 514 494 695 564; x_wconf 88' lang='lat' dir='ltr'><strong>roboratas.</strong></span> <span class='ocrx_word' id='word_1_4' title='bbox 712 496 834 562; x_wconf 88' lang='lat' dir='ltr'><strong>Datum</strong></span> <span class='ocrx_word' id='word_1_5' title='bbox 850 515 935 562; x_wconf 87' lang='lat' dir='ltr'><strong>anno</strong></span> <span class='ocrx_word' id='word_1_6' title='bbox 946 495 1115 566; x_wconf 91' lang='lat' dir='ltr'><strong>Dominiee</strong></span> <span class='ocrx_word' id='word_1_7' title='bbox 1125 497 1369 566; x_wconf 87' lang='lat' dir='ltr'><strong>lucarnaeionis</strong></span> <span class='ocrx_word' id='word_1_8' title='bbox 1386 499 1458 565; x_wconf 90' lang='lat' dir='ltr'><strong>mil·</strong></span> 
     </span>
     <span class='ocr_line' id='line_1_3' title="bbox 327 601 1106 689; baseline 0.003 -19"><span class='ocrx_word' id='word_1_9' title='bbox 327 604 441 670; x_wconf 82' lang='lat' dir='ltr'><strong>lesirno</strong></span> <span class='ocrx_word' id='word_1_10' title='bbox 458 601 679 670; x_wconf 79' lang='lat' dir='ltr'><strong>ducentesimo</strong></span> <span class='ocrx_word' id='word_1_11' title='bbox 693 603 965 689; x_wconf 82' lang='lat' dir='ltr'><strong>quinquagesimo</strong></span> <span class='ocrx_word' id='word_1_12' title='bbox 984 605 1106 689; x_wconf 91' lang='lat' dir='ltr'><strong>quinto.</strong></span> 
     </span>
    </p>
   </div>
   <div class='ocr_carea' id='block_1_3' title="bbox 327 780 1455 941">
    <p class='ocr_par' dir='ltr' id='par_1_3' title="bbox 327 780 1455 941">
     <span class='ocr_line' id='line_1_4' title="bbox 327 780 1455 852; baseline 0.002 -16"><span class='ocrx_word' id='word_1_13' title='bbox 327 785 377 850; x_wconf 79' lang='lat' dir='ltr'><strong>(As</strong></span> <span class='ocrx_word' id='word_1_14' title='bbox 393 785 496 836; x_wconf 76' lang='lat' dir='ltr'><strong>merloti</strong></span> <span class='ocrx_word' id='word_1_15' title='bbox 515 782 582 836; x_wconf 73' lang='lat' dir='ltr'><strong>utin</strong></span> <span class='ocrx_word' id='word_1_16' title='bbox 595 781 690 836; x_wconf 79' lang='lat' dir='ltr'><strong>Knaua</strong></span> <span class='ocrx_word' id='word_1_17' title='bbox 703 780 813 836; x_wconf 74' lang='lat' dir='ltr'><strong>Ndudor</strong></span> <span class='ocrx_word' id='word_1_18' title='bbox 825 787 940 852; x_wconf 78' lang='lat' dir='ltr'><strong>Magyar</strong></span> <span class='ocrx_word' id='word_1_19' title='bbox 959 785 1024 838; x_wconf 76' lang='lat' dir='ltr'><strong>Sion</strong></span> <span class='ocrx_word' id='word_1_20' title='bbox 1037 783 1072 835; x_wconf 92' lang='lat'><strong>11.</strong></span> <span class='ocrx_word' id='word_1_21' title='bbox 1087 785 1143 836; x_wconf 79' lang='lat' dir='ltr'><strong>lot.</strong></span> <span class='ocrx_word' id='word_1_22' title='bbox 1158 785 1219 836; x_wconf 73' lang='lat'><strong>682.</strong></span> <span class='ocrx_word' id='word_1_23' title='bbox 1234 785 1251 837; x_wconf 92' lang='lat' dir='ltr'><strong>l.</strong></span> <span class='ocrx_word' id='word_1_24' title='bbox 1271 787 1360 839; x_wconf 70' lang='lat' dir='ltr'><strong>Rorid</strong></span> <span class='ocrx_word' id='word_1_25' title='bbox 1379 787 1455 838; x_wconf 82' lang='lat' dir='ltr'><strong>bivo-</strong></span> 
     </span>
     <span class='ocr_line' id='line_1_5' title="bbox 472 871 1309 941; baseline 0.001 -16"><span class='ocrx_word' id='word_1_26' title='bbox 472 873 549 927; x_wconf 79' lang='lat' dir='ltr'><strong>natdt</strong></span> <span class='ocrx_word' id='word_1_27' title='bbox 562 871 621 925; x_wconf 78' lang='lat' dir='ltr'><strong>lrisd</strong></span> <span class='ocrx_word' id='word_1_28' title='bbox 635 871 764 940; x_wconf 76' lang='lat' dir='ltr'><strong>Fojtrnet</strong></span> <span class='ocrx_word' id='word_1_29' title='bbox 778 875 844 929; x_wconf 87' lang='lat' dir='ltr'><strong>eod.</strong></span> <span class='ocrx_word' id='word_1_30' title='bbox 858 875 976 941; x_wconf 89' lang='lat' dir='ltr'><strong>Diplorn.</strong></span> <span class='ocrx_word' id='word_1_31' title='bbox 990 875 1036 929; x_wconf 85' lang='lat' dir='ltr'><strong>lv.</strong></span> <span class='ocrx_word' id='word_1_32' title='bbox 1050 875 1106 926; x_wconf 78' lang='lat' dir='ltr'><strong>ket.</strong></span> <span class='ocrx_word' id='word_1_33' title='bbox 1127 876 1152 926; x_wconf 73' lang='lat'><strong>2.</strong></span> <span class='ocrx_word' id='word_1_34' title='bbox 1168 891 1189 926; x_wconf 89' lang='lat' dir='ltr'><strong>r.</strong></span> <span class='ocrx_word' id='word_1_35' title='bbox 1204 878 1264 929; x_wconf 74' lang='grc'><strong>362.</strong></span> <span class='ocrx_word' id='word_1_36' title='bbox 1280 875 1309 941; x_wconf 91' lang='lat' dir='ltr'><strong>l.)</strong></span> 
     </span>
    </p>
   </div>
   <div class='ocr_carea' id='block_1_4' title="bbox 757 1163 1015 1172">
    <p class='ocr_par' dir='ltr' id='par_1_4' title="bbox 757 1163 1015 1172">
     <span class='ocr_line' id='line_1_6' title="bbox 757 1163 1015 1172; baseline 0 0"><span class='ocrx_word' id='word_1_37' title='bbox 757 1163 919 1172; x_wconf 75' lang='lat'>—-—--.....</span> <span class='ocrx_word' id='word_1_38' title='bbox 966 1165 970 1170; x_wconf 83' lang='lat'><em>-</em></span> <span class='ocrx_word' id='word_1_39' title='bbox 1004 1165 1015 1172; x_wconf 80' lang='grc'><strong>.</strong></span> 
     </span>
    </p>
   </div>
   <div class='ocr_carea' id='block_1_5' title="bbox 851 1609 928 1677">
    <p class='ocr_par' dir='ltr' id='par_1_5' title="bbox 851 1609 928 1677">
     <span class='ocr_line' id='line_1_7' title="bbox 851 1609 928 1677; baseline 0 0"><span class='ocrx_word' id='word_1_40' title='bbox 851 1609 928 1677; x_wconf 74' lang='grc'><strong>297.</strong></span> 
     </span>
    </p>
   </div>
   <div class='ocr_carea' id='block_1_6' title="bbox 322 1789 1450 2116">
    <p class='ocr_par' dir='ltr' id='par_1_6' title="bbox 322 1789 1450 2116">
     <span class='ocr_line' id='line_1_8' title="bbox 322 1789 1449 1879; baseline 0.003 -23"><span class='ocrx_word' id='word_1_41' title='bbox 322 1792 465 1858; x_wconf 82' lang='lat' dir='ltr'><strong>Boleozld</strong></span> <span class='ocrx_word' id='word_1_42' title='bbox 481 1790 591 1856; x_wconf 71' lang='lat' dir='ltr'><strong>balet</strong></span> <span class='ocrx_word' id='word_1_43' title='bbox 605 1793 634 1852; x_wconf 85' lang='lat' dir='ltr'><strong>e&#39;o</strong></span> <span class='ocrx_word' id='word_1_44' title='bbox 644 1789 836 1855; x_wconf 78' lang='lat' dir='ltr'><strong>ozoadomba&#39;</strong></span> <span class='ocrx_word' id='word_1_45' title='bbox 849 1791 968 1876; x_wconf 77' lang='lat' dir='ltr'><strong>lenpyel</strong></span> <span class='ocrx_word' id='word_1_46' title='bbox 982 1791 1117 1878; x_wconf 60' lang='lat' dir='ltr'><strong>derosae,</strong></span> <span class='ocrx_word' id='word_1_47' title='bbox 1133 1816 1148 1858; x_wconf 83' lang='lat' dir='ltr'><strong>o</strong></span> <span class='ocrx_word' id='word_1_48' title='bbox 1162 1793 1227 1878; x_wconf 77' lang='lat' dir='ltr'><strong>neje</strong></span> <span class='ocrx_word' id='word_1_49' title='bbox 1238 1793 1449 1879; x_wconf 71' lang='lat' dir='ltr'><strong>Kampanda,</strong></span> 
     </span>
     <span class='ocr_line' id='line_1_9' title="bbox 324 1895 1450 1986; baseline 0.003 -24"><span class='ocrx_word' id='word_1_50' title='bbox 324 1899 384 1962; x_wconf 92' lang='lat' dir='ltr'><strong>IV.</strong></span> <span class='ocrx_word' id='word_1_51' title='bbox 400 1899 480 1963; x_wconf 81' lang='lat' dir='ltr'><strong>Belo</strong></span> <span class='ocrx_word' id='word_1_52' title='bbox 495 1919 629 1983; x_wconf 73' lang='lat' dir='ltr'><strong>mappae·</strong></span> <span class='ocrx_word' id='word_1_53' title='bbox 644 1895 810 1982; x_wconf 63' lang='lat' dir='ltr'><strong>demipont</strong></span> <span class='ocrx_word' id='word_1_54' title='bbox 825 1897 948 1984; x_wconf 73' lang='lat' dir='ltr'><strong>lednyo,</strong></span> <span class='ocrx_word' id='word_1_55' title='bbox 972 1923 992 1963; x_wconf 87' lang='lat' dir='ltr'><strong>a</strong></span> <span class='ocrx_word' id='word_1_56' title='bbox 1007 1898 1119 1966; x_wconf 72' lang='lat' dir='ltr'><strong>krokda&#39;</strong></span> <span class='ocrx_word' id='word_1_57' title='bbox 1133 1901 1314 1986; x_wconf 73' lang='lat' dir='ltr'><strong>epyddznalr</strong></span> <span class='ocrx_word' id='word_1_58' title='bbox 1330 1901 1450 1966; x_wconf 75' lang='lat' dir='ltr'><strong>bistolra</strong></span> 
     </span>
     <span class='ocr_line' id='line_1_10' title="bbox 588 2005 1093 2116; baseline 0.014 -51"><span class='ocrx_word' id='word_1_59' title='bbox 588 2083 598 2116; x_wconf 76' lang='lat'><em>,</em></span> <span class='ocrx_word' id='word_1_60' title='bbox 673 2005 759 2070; x_wconf 68' lang='lat' dir='ltr'><strong>irunt</strong></span> <span class='ocrx_word' id='word_1_61' title='bbox 774 2005 977 2071; x_wconf 71' lang='lat' dir='ltr'><strong>intdzkedaelr.</strong></span> <span class='ocrx_word' id='word_1_62' title='bbox 997 2005 1093 2072; x_wconf 76' lang='lat'><strong><em>1255.</em></strong></span> 
     </span>
    </p>
   </div>
   <div class='ocr_carea' id='block_1_7' title="bbox 316 2199 1449 3582">
    <p class='ocr_par' dir='ltr' id='par_1_7' title="bbox 316 2199 1449 3582">
     <span class='ocr_line' id='line_1_11' title="bbox 429 2199 1448 2288; baseline 0.002 -20"><span class='ocrx_word' id='word_1_63' title='bbox 429 2204 468 2268; x_wconf 93' lang='lat' dir='ltr'><strong>lu</strong></span> <span class='ocrx_word' id='word_1_64' title='bbox 494 2199 623 2268; x_wconf 87' lang='lat' dir='ltr'><strong>nomino</strong></span> <span class='ocrx_word' id='word_1_65' title='bbox 639 2199 772 2267; x_wconf 85' lang='lat' dir='ltr'><strong>Domini</strong></span> <span class='ocrx_word' id='word_1_66' title='bbox 788 2200 902 2267; x_wconf 86' lang='lat' dir='ltr'><strong>Amen.</strong></span> <span class='ocrx_word' id='word_1_67' title='bbox 929 2199 1099 2287; x_wconf 81' lang='lat' dir='ltr'><strong>Quoniam,</strong></span> <span class='ocrx_word' id='word_1_68' title='bbox 1125 2207 1162 2270; x_wconf 91' lang='lat' dir='ltr'><strong>ut</strong></span> <span class='ocrx_word' id='word_1_69' title='bbox 1185 2202 1234 2270; x_wconf 90' lang='lat' dir='ltr'><strong>ait</strong></span> <span class='ocrx_word' id='word_1_70' title='bbox 1258 2201 1448 2288; x_wconf 81' lang='lat' dir='ltr'><strong>auotoritas,</strong></span> 
     </span>
     <span class='ocr_line' id='line_1_12' title="bbox 322 2306 1448 2396; baseline -0.002 -18"><span class='ocrx_word' id='word_1_71' title='bbox 322 2327 434 2378; x_wconf 89' lang='lat' dir='ltr'><strong>omnes</strong></span> <span class='ocrx_word' id='word_1_72' title='bbox 460 2308 646 2392; x_wconf 87' lang='lat' dir='ltr'><strong>moriuntur,</strong></span> <span class='ocrx_word' id='word_1_73' title='bbox 677 2314 710 2374; x_wconf 87' lang='lat' dir='ltr'><strong>et</strong></span> <span class='ocrx_word' id='word_1_74' title='bbox 734 2308 828 2390; x_wconf 86' lang='lat' dir='ltr'><strong>quasi</strong></span> <span class='ocrx_word' id='word_1_75' title='bbox 853 2327 938 2392; x_wconf 90' lang='lat' dir='ltr'><strong>aque</strong></span> <span class='ocrx_word' id='word_1_76' title='bbox 962 2306 1171 2396; x_wconf 89' lang='lat' dir='ltr'><strong>dilabuntur,</strong></span> <span class='ocrx_word' id='word_1_77' title='bbox 1196 2330 1238 2378; x_wconf 90' lang='lat' dir='ltr'><strong>ne</strong></span> <span class='ocrx_word' id='word_1_78' title='bbox 1262 2309 1448 2378; x_wconf 87' lang='lat' dir='ltr'><strong>mortalium</strong></span> 
     </span>
     <span class='ocr_line' id='line_1_13' title="bbox 320 2415 1448 2504; baseline -0.001 -19"><span class='ocrx_word' id='word_1_79' title='bbox 320 2424 415 2502; x_wconf 81' lang='lat' dir='ltr'><strong>gesta</strong></span> <span class='ocrx_word' id='word_1_80' title='bbox 440 2416 561 2484; x_wconf 80' lang='lat' dir='ltr'><strong>celebri</strong></span> <span class='ocrx_word' id='word_1_81' title='bbox 578 2421 611 2482; x_wconf 90' lang='lat' dir='ltr'><strong>et</strong></span> <span class='ocrx_word' id='word_1_82' title='bbox 626 2422 785 2502; x_wconf 86' lang='lat' dir='ltr'><strong>perpetua</strong></span> <span class='ocrx_word' id='word_1_83' title='bbox 811 2415 967 2482; x_wconf 87' lang='lat' dir='ltr'><strong>memoria</strong></span> <span class='ocrx_word' id='word_1_84' title='bbox 983 2435 1113 2504; x_wconf 79' lang='lat' dir='ltr'><strong>semper</strong></span> <span class='ocrx_word' id='word_1_85' title='bbox 1137 2416 1239 2503; x_wconf 83' lang='lat' dir='ltr'><strong>digna</strong></span> <span class='ocrx_word' id='word_1_86' title='bbox 1265 2424 1448 2504; x_wconf 88' lang='lat' dir='ltr'><strong>temporum</strong></span> 
     </span>
     <span class='ocr_line' id='line_1_14' title="bbox 319 2521 1449 2610; baseline 0.002 -17"><span class='ocrx_word' id='word_1_87' title='bbox 319 2526 459 2594; x_wconf 90' lang='lat' dir='ltr'><strong>deoursu</strong></span> <span class='ocrx_word' id='word_1_88' title='bbox 474 2531 596 2610; x_wconf 80' lang='lat' dir='ltr'><strong>queant</strong></span> <span class='ocrx_word' id='word_1_89' title='bbox 621 2525 654 2590; x_wconf 95' lang='lat' dir='ltr'><strong>in</strong></span> <span class='ocrx_word' id='word_1_90' title='bbox 672 2523 806 2590; x_wconf 90' lang='lat' dir='ltr'><strong>dubium</strong></span> <span class='ocrx_word' id='word_1_91' title='bbox 822 2521 951 2610; x_wconf 82' lang='lat' dir='ltr'><strong>adduci,</strong></span> <span class='ocrx_word' id='word_1_92' title='bbox 978 2531 1011 2592; x_wconf 92' lang='lat' dir='ltr'><strong>et</strong></span> <span class='ocrx_word' id='word_1_93' title='bbox 1026 2523 1202 2593; x_wconf 89' lang='lat' dir='ltr'><strong>eorundem</strong></span> <span class='ocrx_word' id='word_1_94' title='bbox 1228 2525 1449 2594; x_wconf 72' lang='lat' dir='ltr'><strong>mutabilitate</strong></span> 
     </span>
     <span class='ocr_line' id='line_1_15' title="bbox 319 2632 1447 2726; baseline 0 -26"><span class='ocrx_word' id='word_1_95' title='bbox 319 2633 545 2719; x_wconf 79' lang='lat' dir='ltr'><strong>ambiguitatis</strong></span> <span class='ocrx_word' id='word_1_96' title='bbox 561 2632 736 2700; x_wconf 84' lang='lat' dir='ltr'><strong>discrimen</strong></span> <span class='ocrx_word' id='word_1_97' title='bbox 753 2632 965 2718; x_wconf 83' lang='lat' dir='ltr'><strong>imposterum</strong></span> <span class='ocrx_word' id='word_1_98' title='bbox 987 2633 1193 2726; x_wconf 85' lang='lat' dir='ltr'><strong>aliquatenus</strong></span> <span class='ocrx_word' id='word_1_99' title='bbox 1209 2633 1339 2720; x_wconf 84' lang='lat' dir='ltr'><strong>possint</strong></span> <span class='ocrx_word' id='word_1_100' title='bbox 1354 2635 1447 2719; x_wconf 87' lang='lat' dir='ltr'><strong>pati;</strong></span> 
     </span>
     <span class='ocr_line' id='line_1_16' title="bbox 320 2740 1449 2828; baseline -0.001 -19"><span class='ocrx_word' id='word_1_101' title='bbox 320 2761 419 2828; x_wconf 89' lang='lat' dir='ltr'><strong>opero</strong></span> <span class='ocrx_word' id='word_1_102' title='bbox 443 2740 588 2827; x_wconf 87' lang='lat' dir='ltr'><strong>proeium</strong></span> <span class='ocrx_word' id='word_1_103' title='bbox 613 2747 663 2808; x_wconf 89' lang='lat' dir='ltr'><strong>est</strong></span> <span class='ocrx_word' id='word_1_104' title='bbox 681 2759 731 2826; x_wconf 89' lang='lat' dir='ltr'><strong>ea,</strong></span> <span class='ocrx_word' id='word_1_105' title='bbox 758 2760 820 2824; x_wconf 85' lang='lat' dir='ltr'><strong>que</strong></span> <span class='ocrx_word' id='word_1_106' title='bbox 846 2740 1029 2808; x_wconf 89' lang='lat' dir='ltr'><strong>huiusmodi</strong></span> <span class='ocrx_word' id='word_1_107' title='bbox 1054 2747 1138 2826; x_wconf 90' lang='lat' dir='ltr'><strong>suut,</strong></span> <span class='ocrx_word' id='word_1_108' title='bbox 1162 2741 1386 2808; x_wconf 85' lang='lat' dir='ltr'><strong>instrumentis</strong></span> <span class='ocrx_word' id='word_1_109' title='bbox 1415 2751 1449 2808; x_wconf 90' lang='lat' dir='ltr'><strong>et</strong></span> 
     </span>
     <span class='ocr_line' id='line_1_17' title="bbox 318 2844 1448 2934; baseline 0.002 -20"><span class='ocrx_word' id='word_1_110' title='bbox 318 2847 528 2934; x_wconf 82' lang='lat' dir='ltr'><strong>expressione</strong></span> <span class='ocrx_word' id='word_1_111' title='bbox 543 2846 674 2913; x_wconf 89' lang='lat' dir='ltr'><strong>testium</strong></span> <span class='ocrx_word' id='word_1_112' title='bbox 690 2846 896 2933; x_wconf 87' lang='lat' dir='ltr'><strong>perhennari.</strong></span> <span class='ocrx_word' id='word_1_113' title='bbox 919 2845 1003 2912; x_wconf 89' lang='lat' dir='ltr'><strong>Hine</strong></span> <span class='ocrx_word' id='word_1_114' title='bbox 1019 2853 1078 2934; x_wconf 87' lang='lat' dir='ltr'><strong>est,</strong></span> <span class='ocrx_word' id='word_1_115' title='bbox 1099 2844 1186 2932; x_wconf 88' lang='lat' dir='ltr'><strong>quod</strong></span> <span class='ocrx_word' id='word_1_116' title='bbox 1202 2845 1448 2916; x_wconf 87' lang='lat' dir='ltr'><strong>nosBolezlans</strong></span> 
     </span>
     <span class='ocr_line' id='line_1_18' title="bbox 318 2953 1445 3043; baseline 0 -21"><span class='ocrx_word' id='word_1_117' title='bbox 318 2957 381 3022; x_wconf 91' lang='lat' dir='ltr'><strong>Dei</strong></span> <span class='ocrx_word' id='word_1_118' title='bbox 407 2955 519 3041; x_wconf 80' lang='lat' dir='ltr'><strong>gracia</strong></span> <span class='ocrx_word' id='word_1_119' title='bbox 535 2953 765 3023; x_wconf 73' lang='lat' dir='ltr'><strong>(linconiensis</strong></span> <span class='ocrx_word' id='word_1_120' title='bbox 786 2960 819 3022; x_wconf 86' lang='lat' dir='ltr'><strong>et</strong></span> <span class='ocrx_word' id='word_1_121' title='bbox 833 2954 1110 3024; x_wconf 87' lang='lat' dir='ltr'><strong>Sandomiriensis</strong></span> <span class='ocrx_word' id='word_1_122' title='bbox 1126 2955 1213 3043; x_wconf 87' lang='lat' dir='ltr'><strong>Dux,</strong></span> <span class='ocrx_word' id='word_1_123' title='bbox 1238 2974 1296 3043; x_wconf 91' lang='lat' dir='ltr'><strong>per</strong></span> <span class='ocrx_word' id='word_1_124' title='bbox 1316 2957 1445 3043; x_wconf 91' lang='lat' dir='ltr'><strong>opposi-</strong></span> 
     </span>
     <span class='ocr_line' id='line_1_19' title="bbox 318 3061 1446 3150; baseline 0 -20"><span class='ocrx_word' id='word_1_125' title='bbox 318 3073 386 3130; x_wconf 87' lang='lat' dir='ltr'><strong>tum</strong></span> <span class='ocrx_word' id='word_1_126' title='bbox 401 3083 462 3131; x_wconf 96' lang='lat' dir='ltr'><strong>nos</strong></span> <span class='ocrx_word' id='word_1_127' title='bbox 480 3083 592 3148; x_wconf 85' lang='lat' dir='ltr'><strong>gerere</strong></span> <span class='ocrx_word' id='word_1_128' title='bbox 618 3061 765 3131; x_wconf 87' lang='lat' dir='ltr'><strong>uolentes</strong></span> <span class='ocrx_word' id='word_1_129' title='bbox 781 3062 934 3130; x_wconf 86' lang='lat' dir='ltr'><strong>Bolezlao</strong></span> <span class='ocrx_word' id='word_1_130' title='bbox 959 3061 1122 3148; x_wconf 87' lang='lat' dir='ltr'><strong>quondam</strong></span> <span class='ocrx_word' id='word_1_131' title='bbox 1138 3063 1332 3132; x_wconf 87' lang='lat' dir='ltr'><strong>Polonorum</strong></span> <span class='ocrx_word' id='word_1_132' title='bbox 1348 3065 1446 3150; x_wconf 81' lang='lat' dir='ltr'><strong>Regi,</strong></span> 
     </span>
     <span class='ocr_line' id='line_1_20' title="bbox 318 3171 1446 3260; baseline -0.001 -22"><span class='ocrx_word' id='word_1_133' title='bbox 318 3191 374 3240; x_wconf 84' lang='lat' dir='ltr'><strong>reo</strong></span> <span class='ocrx_word' id='word_1_134' title='bbox 394 3171 505 3240; x_wconf 88' lang='lat' dir='ltr'><strong>mortis</strong></span> <span class='ocrx_word' id='word_1_135' title='bbox 522 3177 555 3238; x_wconf 89' lang='lat' dir='ltr'><strong>et</strong></span> <span class='ocrx_word' id='word_1_136' title='bbox 569 3171 740 3256; x_wconf 84' lang='lat' dir='ltr'><strong>sauguinis</strong></span> <span class='ocrx_word' id='word_1_137' title='bbox 764 3171 903 3258; x_wconf 80' lang='lat' dir='ltr'><strong>preclari</strong></span> <span class='ocrx_word' id='word_1_138' title='bbox 921 3171 1040 3240; x_wconf 80' lang='lat' dir='ltr'><strong>Christi</strong></span> <span class='ocrx_word' id='word_1_139' title='bbox 1057 3173 1210 3260; x_wconf 78' lang='lat' dir='ltr'><strong>martyris</strong></span> <span class='ocrx_word' id='word_1_140' title='bbox 1229 3179 1261 3240; x_wconf 89' lang='lat' dir='ltr'><strong>et</strong></span> <span class='ocrx_word' id='word_1_141' title='bbox 1276 3172 1446 3242; x_wconf 84' lang='lat' dir='ltr'><strong>Pontibeis</strong></span> 
     </span>
     <span class='ocr_line' id='line_1_21' title="bbox 317 3279 1446 3366; baseline -0.001 -18"><span class='ocrx_word' id='word_1_142' title='bbox 317 3279 499 3366; x_wconf 76' lang='lat' dir='ltr'><strong>Stanialaj5</strong></span> <span class='ocrx_word' id='word_1_143' title='bbox 520 3289 553 3348; x_wconf 89' lang='lat' dir='ltr'><strong>et</strong></span> <span class='ocrx_word' id='word_1_144' title='bbox 568 3281 679 3348; x_wconf 90' lang='lat' dir='ltr'><strong>anima</strong></span> <span class='ocrx_word' id='word_1_145' title='bbox 703 3280 869 3366; x_wconf 81' lang='lat' dir='ltr'><strong>ducentes,</strong></span> <span class='ocrx_word' id='word_1_146' title='bbox 894 3279 1056 3364; x_wconf 87' lang='lat' dir='ltr'><strong>quomodo</strong></span> <span class='ocrx_word' id='word_1_147' title='bbox 1075 3282 1108 3348; x_wconf 92' lang='lat' dir='ltr'><strong>in</strong></span> <span class='ocrx_word' id='word_1_148' title='bbox 1125 3281 1195 3350; x_wconf 89' lang='lat' dir='ltr'><strong>suis</strong></span> <span class='ocrx_word' id='word_1_149' title='bbox 1220 3281 1387 3350; x_wconf 75' lang='lat' dir='ltr'><strong>miraculis</strong></span> <span class='ocrx_word' id='word_1_150' title='bbox 1412 3289 1446 3347; x_wconf 91' lang='lat' dir='ltr'><strong>et</strong></span> 
     </span>
     <span class='ocr_line' id='line_1_22' title="bbox 317 3386 1445 3474; baseline 0 -20"><span class='ocrx_word' id='word_1_151' title='bbox 317 3386 412 3455; x_wconf 86' lang='lat' dir='ltr'><strong>dietis</strong></span> <span class='ocrx_word' id='word_1_152' title='bbox 438 3388 561 3455; x_wconf 86' lang='lat' dir='ltr'><strong>sanetis</strong></span> <span class='ocrx_word' id='word_1_153' title='bbox 577 3387 669 3456; x_wconf 89' lang='lat' dir='ltr'><strong>miris</strong></span> <span class='ocrx_word' id='word_1_154' title='bbox 693 3387 849 3455; x_wconf 86' lang='lat' dir='ltr'><strong>virtutum</strong></span> <span class='ocrx_word' id='word_1_155' title='bbox 865 3387 1026 3474; x_wconf 80' lang='lat' dir='ltr'><strong>prodigiJ&#39;s</strong></span> <span class='ocrx_word' id='word_1_156' title='bbox 1051 3387 1206 3474; x_wconf 78' lang='lat' dir='ltr'><strong>diguatus</strong></span> <span class='ocrx_word' id='word_1_157' title='bbox 1230 3395 1282 3456; x_wconf 82' lang='lat' dir='ltr'><strong>est</strong></span> <span class='ocrx_word' id='word_1_158' title='bbox 1303 3388 1445 3456; x_wconf 85' lang='lat' dir='ltr'><strong>eundem</strong></span> 
     </span>
     <span class='ocr_line' id='line_1_23' title="bbox 316 3493 1445 3582; baseline 0.001 -21"><span class='ocrx_word' id='word_1_159' title='bbox 316 3494 491 3562; x_wconf 76' lang='lat' dir='ltr'><strong>mirificare</strong></span> <span class='ocrx_word' id='word_1_160' title='bbox 514 3495 589 3581; x_wconf 89' lang='lat' dir='ltr'><strong>plus</strong></span> <span class='ocrx_word' id='word_1_161' title='bbox 614 3514 711 3580; x_wconf 90' lang='lat' dir='ltr'><strong>quam</strong></span> <span class='ocrx_word' id='word_1_162' title='bbox 738 3495 977 3563; x_wconf 86' lang='lat' dir='ltr'><strong>admirabiliter</strong></span> <span class='ocrx_word' id='word_1_163' title='bbox 1001 3500 1148 3564; x_wconf 89' lang='lat' dir='ltr'><strong>sanetum</strong></span> <span class='ocrx_word' id='word_1_164' title='bbox 1174 3515 1287 3582; x_wconf 85' lang='lat' dir='ltr'><strong>sunm;</strong></span> <span class='ocrx_word' id='word_1_165' title='bbox 1312 3501 1346 3561; x_wconf 91' lang='lat' dir='ltr'><strong>et</strong></span> <span class='ocrx_word' id='word_1_166' title='bbox 1369 3493 1445 3562; x_wconf 89' lang='lat' dir='ltr'><strong>ideo</strong></span> 
     </span>
    </p>
   </div>
   <div class='ocr_carea' id='block_1_8' title="bbox 311 3601 1552 4117">
    <p class='ocr_par' dir='ltr' id='par_1_8' title="bbox 311 3601 1552 4117">
     <span class='ocr_line' id='line_1_24' title="bbox 314 3601 1552 3689; baseline -0.002 -19"><span class='ocrx_word' id='word_1_167' title='bbox 314 3602 483 3689; x_wconf 82' lang='lat' dir='ltr'><strong>cupientes</strong></span> <span class='ocrx_word' id='word_1_168' title='bbox 503 3601 609 3686; x_wconf 89' lang='lat' dir='ltr'><strong>ipsum</strong></span> <span class='ocrx_word' id='word_1_169' title='bbox 625 3603 784 3670; x_wconf 87' lang='lat' dir='ltr'><strong>honorare</strong></span> <span class='ocrx_word' id='word_1_170' title='bbox 799 3603 833 3670; x_wconf 95' lang='lat' dir='ltr'><strong>in</strong></span> <span class='ocrx_word' id='word_1_171' title='bbox 849 3603 956 3688; x_wconf 87' lang='lat' dir='ltr'><strong>terris,</strong></span> <span class='ocrx_word' id='word_1_172' title='bbox 982 3623 1078 3686; x_wconf 89' lang='lat' dir='ltr'><strong>quem</strong></span> <span class='ocrx_word' id='word_1_173' title='bbox 1093 3603 1184 3670; x_wconf 89' lang='lat' dir='ltr'><strong>Deus</strong></span> <span class='ocrx_word' id='word_1_174' title='bbox 1199 3601 1397 3684; x_wconf 81' lang='lat' dir='ltr'><strong>glorifioanit</strong></span> <span class='ocrx_word' id='word_1_175' title='bbox 1410 3601 1444 3668; x_wconf 88' lang='lat' dir='ltr'><strong>in</strong></span> <span class='ocrx_word' id='word_1_176' title='bbox 1551 3641 1552 3647; x_wconf 22' lang='grc' dir='ltr'><strong><em>κ</em></strong></span> 
     </span>
     <span class='ocr_line' id='line_1_25' title="bbox 312 3708 1551 3797; baseline 0.002 -20"><span class='ocrx_word' id='word_1_177' title='bbox 312 3711 405 3796; x_wconf 77' lang='lat' dir='ltr'><strong>celis,</strong></span> <span class='ocrx_word' id='word_1_178' title='bbox 425 3731 485 3797; x_wconf 90' lang='lat' dir='ltr'><strong>pro</strong></span> <span class='ocrx_word' id='word_1_179' title='bbox 501 3709 645 3778; x_wconf 86' lang='lat' dir='ltr'><strong>remedio</strong></span> <span class='ocrx_word' id='word_1_180' title='bbox 670 3709 775 3780; x_wconf 84' lang='lat' dir='ltr'><strong>lelieis</strong></span> <span class='ocrx_word' id='word_1_181' title='bbox 799 3710 909 3778; x_wconf 84' lang='lat' dir='ltr'><strong>anime</strong></span> <span class='ocrx_word' id='word_1_182' title='bbox 923 3709 1028 3796; x_wconf 84' lang='lat' dir='ltr'><strong>patris</strong></span> <span class='ocrx_word' id='word_1_183' title='bbox 1052 3709 1155 3776; x_wconf 91' lang='lat' dir='ltr'><strong>nostri</strong></span> <span class='ocrx_word' id='word_1_184' title='bbox 1176 3708 1263 3776; x_wconf 84' lang='lat' dir='ltr'><strong>olere</strong></span> <span class='ocrx_word' id='word_1_185' title='bbox 1288 3711 1445 3780; x_wconf 85' lang='lat' dir='ltr'><strong>memorie</strong></span> <span class='ocrx_word' id='word_1_186' title='bbox 1550 3725 1551 3731; x_wconf 76' lang='grc'>’</span> 
     </span>
     <span class='ocr_line' id='line_1_26' title="bbox 313 3816 1549 3901; baseline 0.001 -18"><span class='ocrx_word' id='word_1_187' title='bbox 313 3817 475 3887; x_wconf 79' lang='lat' dir='ltr'><strong>(lraoonie</strong></span> <span class='ocrx_word' id='word_1_188' title='bbox 501 3828 534 3886; x_wconf 89' lang='lat' dir='ltr'><strong>et</strong></span> <span class='ocrx_word' id='word_1_189' title='bbox 548 3817 755 3887; x_wconf 81' lang='lat' dir='ltr'><strong>Sandomirie</strong></span> <span class='ocrx_word' id='word_1_190' title='bbox 770 3819 874 3888; x_wconf 78' lang='lat' dir='ltr'><strong>Ducis</strong></span> <span class='ocrx_word' id='word_1_191' title='bbox 888 3817 1071 3900; x_wconf 83' lang='lat' dir='ltr'><strong>Lenteonis,</strong></span> <span class='ocrx_word' id='word_1_192' title='bbox 1096 3825 1129 3886; x_wconf 91' lang='lat' dir='ltr'><strong>et</strong></span> <span class='ocrx_word' id='word_1_193' title='bbox 1144 3816 1366 3886; x_wconf 74' lang='lat' dir='ltr'><strong>incolumitate</strong></span> <span class='ocrx_word' id='word_1_194' title='bbox 1385 3833 1442 3901; x_wconf 80' lang='lat' dir='ltr'><strong>ge·</strong></span> <span class='ocrx_word' id='word_1_195' title='bbox 1548 3877 1549 3897; x_wconf 63' lang='grc'>,</span> 
     </span>
     <span class='ocr_line' id='line_1_27' title="bbox 312 3923 1548 4010; baseline -0.002 -20"><span class='ocrx_word' id='word_1_196' title='bbox 312 3943 429 3993; x_wconf 90' lang='lat' dir='ltr'><strong>nerose</strong></span> <span class='ocrx_word' id='word_1_197' title='bbox 448 3929 557 3992; x_wconf 88' lang='lat' dir='ltr'><strong>nostra</strong></span> <span class='ocrx_word' id='word_1_198' title='bbox 573 3925 743 4010; x_wconf 83' lang='lat' dir='ltr'><strong>genitniois</strong></span> <span class='ocrx_word' id='word_1_199' title='bbox 758 3926 896 3993; x_wconf 86' lang='lat' dir='ltr'><strong>Dueisse</strong></span> <span class='ocrx_word' id='word_1_200' title='bbox 912 3923 1119 4009; x_wconf 83' lang='lat' dir='ltr'><strong>Gnuuizlane,</strong></span> <span class='ocrx_word' id='word_1_201' title='bbox 1136 3931 1168 3990; x_wconf 87' lang='lat' dir='ltr'><strong>et</strong></span> <span class='ocrx_word' id='word_1_202' title='bbox 1183 3929 1304 4008; x_wconf 78' lang='lat' dir='ltr'><strong>nostro,</strong></span> <span class='ocrx_word' id='word_1_203' title='bbox 1328 3931 1362 3991; x_wconf 90' lang='lat' dir='ltr'><strong>et</strong></span> <span class='ocrx_word' id='word_1_204' title='bbox 1386 3924 1443 3990; x_wconf 89' lang='lat' dir='ltr'><strong>in·</strong></span> <span class='ocrx_word' id='word_1_205' title='bbox 1547 3949 1548 3981; x_wconf 66' lang='lat' dir='ltr'><strong>t</strong></span> 
     </span>
     <span class='ocr_line' id='line_1_28' title="bbox 311 4031 1547 4117; baseline -0.002 -19"><span class='ocrx_word' id='word_1_206' title='bbox 311 4051 462 4116; x_wconf 84' lang='lat' dir='ltr'><strong>genae</strong></span> <span class='ocrx_word' id='word_1_207' title='bbox 501 4035 734 4102; x_wconf 81' lang='lat' dir='ltr'><strong>consortis</strong></span> <span class='ocrx_word' id='word_1_208' title='bbox 771 4041 925 4100; x_wconf 91' lang='lat' dir='ltr'><strong>nostre</strong></span> <span class='ocrx_word' id='word_1_209' title='bbox 965 4031 1229 4117; x_wconf 81' lang='lat' dir='ltr'><strong>Oungundis</strong></span> <span class='ocrx_word' id='word_1_210' title='bbox 1267 4047 1442 4116; x_wconf 79' lang='lat' dir='ltr'><strong>precor·</strong></span> <span class='ocrx_word' id='word_1_211' title='bbox 1546 4037 1547 4063; x_wconf 67' lang='lat'>¹</span> 
     </span>
    </p>
   </div>
   <div class='ocr_carea' id='block_1_9' title="bbox 311 4137 1443 4333">
    <p class='ocr_par' dir='ltr' id='par_1_9' title="bbox 311 4137 1443 4333">
     <span class='ocr_line' id='line_1_29' title="bbox 311 4137 1443 4226; baseline 0.001 -21"><span class='ocrx_word' id='word_1_212' title='bbox 311 4139 457 4210; x_wconf 82' lang='lat' dir='ltr'><strong>dialis</strong></span> <span class='ocrx_word' id='word_1_213' title='bbox 480 4140 590 4209; x_wconf 85' lang='lat' dir='ltr'><strong>lilio</strong></span> <span class='ocrx_word' id='word_1_214' title='bbox 614 4141 750 4226; x_wconf 83' lang='lat' dir='ltr'><strong>Regis</strong></span> <span class='ocrx_word' id='word_1_215' title='bbox 778 4141 941 4210; x_wconf 88' lang='lat' dir='ltr'><strong>lnoliti</strong></span> <span class='ocrx_word' id='word_1_216' title='bbox 964 4141 1290 4226; x_wconf 84' lang='lat' dir='ltr'><strong>Hungarorum‚</strong></span> <span class='ocrx_word' id='word_1_217' title='bbox 1323 4137 1443 4206; x_wconf 88' lang='lat' dir='ltr'><strong>intuitu</strong></span> 
     </span>
     <span class='ocr_line' id='line_1_30' title="bbox 312 4244 1442 4333; baseline -0.001 -20"><span class='ocrx_word' id='word_1_218' title='bbox 312 4248 542 4316; x_wconf 85' lang='lat' dir='ltr'><strong>beneficiorum</strong></span> <span class='ocrx_word' id='word_1_219' title='bbox 558 4256 590 4316; x_wconf 86' lang='lat' dir='ltr'><strong>et</strong></span> <span class='ocrx_word' id='word_1_220' title='bbox 606 4248 826 4333; x_wconf 87' lang='lat' dir='ltr'><strong>seruieiorum,</strong></span> <span class='ocrx_word' id='word_1_221' title='bbox 852 4266 916 4332; x_wconf 88' lang='lat' dir='ltr'><strong>que</strong></span> <span class='ocrx_word' id='word_1_222' title='bbox 932 4246 1025 4316; x_wconf 89' lang='lat' dir='ltr'><strong>nobis</strong></span> <span class='ocrx_word' id='word_1_223' title='bbox 1040 4244 1238 4314; x_wconf 84' lang='lat' dir='ltr'><strong>venerabilis</strong></span> <span class='ocrx_word' id='word_1_224' title='bbox 1260 4245 1294 4311; x_wconf 92' lang='lat' dir='ltr'><strong>in</strong></span> <span class='ocrx_word' id='word_1_225' title='bbox 1311 4245 1442 4316; x_wconf 84' lang='lat' dir='ltr'><strong>Christo</strong></span> 
     </span>
    </p>
   </div>
   <div class='ocr_carea' id='block_1_10' title="bbox 312 4351 1542 4442">
    <p class='ocr_par' dir='ltr' id='par_1_10' title="bbox 312 4351 1542 4442">
     <span class='ocr_line' id='line_1_31' title="bbox 312 4351 1542 4442; baseline 0.002 -22"><span class='ocrx_word' id='word_1_226' title='bbox 312 4361 406 4438; x_wconf 89' lang='lat' dir='ltr'><strong>pater</strong></span> <span class='ocrx_word' id='word_1_227' title='bbox 437 4355 588 4424; x_wconf 89' lang='lat' dir='ltr'><strong>dominus</strong></span> <span class='ocrx_word' id='word_1_228' title='bbox 613 4355 780 4426; x_wconf 86' lang='lat' dir='ltr'><strong>Prandota</strong></span> <span class='ocrx_word' id='word_1_229' title='bbox 804 4357 986 4442; x_wconf 78' lang='lat' dir='ltr'><strong>Ilpisoopus</strong></span> <span class='ocrx_word' id='word_1_230' title='bbox 1018 4361 1051 4421; x_wconf 88' lang='lat' dir='ltr'><strong>et</strong></span> <span class='ocrx_word' id='word_1_231' title='bbox 1076 4351 1261 4440; x_wconf 79' lang='lat' dir='ltr'><strong>Capitulum</strong></span> <span class='ocrx_word' id='word_1_232' title='bbox 1292 4353 1443 4422; x_wconf 80' lang='lat' dir='ltr'><strong>Eoolesie</strong></span> <span class='ocrx_word' id='word_1_233' title='bbox 1541 4407 1542 4412; x_wconf 16' lang='grc' dir='ltr'>η</span> 
     </span>
    </p>
   </div>
   <div class='ocr_carea' id='block_1_11' title="bbox 311 4459 1443 4658">
    <p class='ocr_par' dir='ltr' id='par_1_11' title="bbox 311 4459 1443 4658">
     <span class='ocr_line' id='line_1_32' title="bbox 311 4459 1443 4550; baseline 0.003 -25"><span class='ocrx_word' id='word_1_234' title='bbox 311 4461 541 4530; x_wconf 81' lang='lat' dir='ltr'><strong>Orneouiensis</strong></span> <span class='ocrx_word' id='word_1_235' title='bbox 556 4462 792 4550; x_wconf 89' lang='lat' dir='ltr'><strong>impenderunt,</strong></span> <span class='ocrx_word' id='word_1_236' title='bbox 810 4473 843 4532; x_wconf 89' lang='lat' dir='ltr'><strong>et</strong></span> <span class='ocrx_word' id='word_1_237' title='bbox 858 4471 933 4532; x_wconf 89' lang='lat' dir='ltr'><strong>snut</strong></span> <span class='ocrx_word' id='word_1_238' title='bbox 948 4463 983 4528; x_wconf 91' lang='lat' dir='ltr'><strong>in</strong></span> <span class='ocrx_word' id='word_1_239' title='bbox 999 4463 1140 4529; x_wconf 81' lang='lat' dir='ltr'><strong>buturum</strong></span> <span class='ocrx_word' id='word_1_240' title='bbox 1156 4469 1290 4528; x_wconf 86' lang='lat' dir='ltr'><strong>auetore</strong></span> <span class='ocrx_word' id='word_1_241' title='bbox 1299 4459 1443 4528; x_wconf 87' lang='lat' dir='ltr'><strong>Domino</strong></span> 
     </span>
     <span class='ocr_line' id='line_1_33' title="bbox 311 4567 1443 4658; baseline 0.004 -26"><span class='ocrx_word' id='word_1_242' title='bbox 311 4569 488 4653; x_wconf 74' lang='lat' dir='ltr'><strong>prostituti,</strong></span> <span class='ocrx_word' id='word_1_243' title='bbox 516 4590 627 4637; x_wconf 89' lang='lat' dir='ltr'><strong>omnes</strong></span> <span class='ocrx_word' id='word_1_244' title='bbox 654 4572 751 4640; x_wconf 86' lang='lat' dir='ltr'><strong>uillas</strong></span> <span class='ocrx_word' id='word_1_245' title='bbox 776 4571 917 4658; x_wconf 79' lang='lat' dir='ltr'><strong>Capituli</strong></span> <span class='ocrx_word' id='word_1_246' title='bbox 949 4569 1178 4638; x_wconf 82' lang='lat' dir='ltr'><strong>Graoouiensis</strong></span> <span class='ocrx_word' id='word_1_247' title='bbox 1205 4567 1362 4656; x_wconf 61' lang='lat' dir='ltr'><strong>Ecclesia</strong></span> <span class='ocrx_word' id='word_1_248' title='bbox 1387 4571 1443 4636; x_wconf 85' lang='lat' dir='ltr'><strong>oui</strong></span> 
     </span>
    </p>
   </div>
   <div class='ocr_carea' id='block_1_12' title="bbox 0 0 1578 5156">
    <p class='ocr_par' dir='ltr' id='par_1_12' title="bbox 0 0 1578 5156">
     <span class='ocr_line' id='line_1_34' title="bbox 0 0 1578 5156; baseline 0 5"><span class='ocrx_word' id='word_1_249' title='bbox 0 0 1578 5156; x_wconf 95' lang='lat' dir='ltr'><strong> </strong></span> 
     </span>
    </p>
   </div>
  </div>
 </body>
</html>
