3134 5158
589 318 746 424 “ss-g

95 523 227 590 licencia
246 521 449 590 donaciones
466 538 554 603 suas,
568 537 631 602 que
645 515 882 602 perpetuitates
900 516 1110 600 vocabantur,
1133 536 1223 585 reue·

102 639 193 716 caret,
212 626 354 719 roclena
371 627 509 698 donacio
524 629 558 694 in
570 625 732 712 judicium
752 623 893 694 deducta
906 631 1055 712 respectu
1073 625 1224 693 seruieie·

101 759 164 806 rum
180 739 322 825 predicti
337 734 655 822 Iwaehinitdomitis,
677 734 732 821 qui
748 740 823 800 tunc
838 733 905 800 iam
921 733 1115 820 decesserat,
1132 734 1222 821 apud

99 849 192 930 filies
204 865 282 914 sues
311 843 440 912 illibata
455 843 699 930 permansisset,
728 860 840 909 verum
856 841 965 910 inclite
988 840 1143 909 memorie
1158 841 1221 908 An-

98 957 173 1022 dros
200 957 292 1040 Rege
310 955 407 1021 rebus
434 952 585 1023 humanis
613 959 758 1037 excepte,
786 951 965 1035 codemque
991 949 1119 1019 demine
1143 950 1223 1017 Bela

95 1063 336 1150 RegeOorene
354 1063 459 1146 Regni
500 1081 558 1146 per
572 1058 822 1148 [successionem
846 1059 1078 1127 hereditariam
1102 1058 1222 1124 Diuina

94 1171 308 1256 disposicione
324 1169 536 1256 adipiscente,
553 1167 640 1235 idem
658 1188 769 1236 omnes
785 1167 1017 1254 perpetuitates
1037 1183 1095 1252 per
1110 1171 1212 1233 tetum

97 1283 241 1364 Regnum
257 1297 350 1344 sunm
368 1275 529 1344 validiore
544 1295 642 1342 manu
653 1275 794 1362 cepisset
808 1293 973 1358 reuocare,
989 1281 1146 1355 anquam
1154 1291 1213 1356 per

96 1405 174 1470 quas
191 1383 318 1452 Corone
341 1403 401 1451 sue
418 1384 568 1450 extiterat
591 1403 656 1450 nen
677 1383 838 1451 medieum
857 1383 1067 1467 derogamen,
1091 1385 1124 1446 ct
1138 1378 1214 1446 licet

95 1507 167 1561 tnnc
180 1494 285 1560 eciam
300 1492 496 1560 intendisset
518 1491 605 1558 idem
625 1491 773 1560 dominus
788 1492 869 1559 Bela
883 1493 953 1558 Rex
967 1493 1052 1557 hanc
1067 1486 1218 1554 donacio-

94 1623 163 1669 nem
179 1603 285 1689 patris
303 1602 354 1669 sui
369 1621 434 1668 nen
459 1601 603 1686 recipere
619 1620 640 1668 a
655 1601 732 1687 filijs
749 1599 883 1667 Oomitis
900 1597 1056 1667 Iwachini
1079 1615 1138 1681 pre
1154 1614 1210 1681 pa-

95 1713 150 1778 tris
166 1730 278 1778 corum
294 1709 509 1778 eminentibus
525 1709 672 1794 seruicijs
689 1709 789 1794 digne
804 1710 935 1793 factem,
956 1705 1016 1774 sed
1032 1706 1079 1772 eis
1100 1702 1212 1790 pocius

95 1839 303 1903 conseruare;
334 1814 582 1906 adjectarum
607 1815 930 1908 tamen2scandalum‚
945 1814 1040 1902 ,quod
1056 1812 1090 1879 in
1106 1809 1209 1879 eordi-

96 1929 152 1994 bos
175 1927 314 1995 alierum
339 1925 496 1993 nobilium
521 1927 628 2010 Regni
655 1927 706 1993 sui
732 1926 810 1994 eriri
837 1924 1006 2013 potuisset,
1037 1921 1064 1988 si
1089 1919 1214 1986 nullam

95 2033 315 2103 rcuocacienis
340 2033 542 2102 volontatem
571 2035 605 2100 in
621 2034 705 2102 hano
718 2034 934 2103 donacionem
960 2033 1164 2112 ostentasset,
1181 2031 1216 2093 vt

94 2142 216 2210 facilior
241 2139 387 2228 (medus)
404 2138 998 2228 uniuersasjdouacionesjreueeandi
1024 2141 1159 2226 pateret,
1185 2133 1214 2200 si

95 2252 213 2317 nullam
227 2250 412 2336 exciperet,
439 2248 646 2335 priuilegium
672 2248 911 2316 antedictuma
931 2243 1025 2333 filijs]
1036 2241 1213 2329 recepisset

96 2359 223 2426 Comitis
238 2357 407 2442 Iwaehini,
433 2365 466 2424 et
481 2379 502 2424 a
517 2359 726 2444 possessione
741 2359 831 2446 ipses
848 2358 892 2425 ad
907 2363 1034 2442 tempus
1060 2349 1213 2417 duxisset

96 2466 303 2535 remouendes
320 2487 358 2534 eo
374 2467 542 2553 preposite
559 2463 777 2554 ct'promisse,
797 2475 832 2532 vt
848 2466 902 2533 uel
918 2464 1018 2530 aliam
1034 2457 1208 2547 possessio-

96 2595 163 2641 nem
177 2577 211 2642 in
227 2574 374 2642 eiusdem
386 2573 566 2643 Comitatus
583 2575 729 2644 districtu
745 2576 805 2642 sub
825 2574 931 2642 ferma
947 2563 1211 2638 commutacionis

95 2684 151 2749 sibi
176 2683 278 2768 daret,
304 2685 357 2750 vel
381 2684 514 2751 casdem
541 2685 604 2752 sibi
631 2690 766 2773 captata
793 2680 1036 2772 opportunitate
1060 2672 1211 2742 redderet

10 2825 11 2848 2
95 2791 260 2876 priuilegio
276 2790 450 2876 innenato;
470 2793 606 2877 posthee
621 2792 733 2860 dilecti
754 2800 788 2860 et
803 2791 916 2859 fideles
933 2787 992 2874 sui,
1013 2778 1210 2852 venerabilis

95 2907 181 2983 pater
195 2897 321 2984 Filipus
346 2897 529 2985 Episcopus
545 2899 788 2985 Zagrabicusis,
817 2905 849 2966 et
864 2899 1010 2966 Thomas
1026 2891 1142 2959 Comes
1167 2885 1209 2951 de

94 3004 209 3072 Groceu
237 3005 322 3094 (tgy)
350 3005 408 3092 filij
436 3005 540 3094 ipsius
564 3009 721 3076 Iwachini
738 3006 881 3091 ,Comitis
907 3007 949 3072 ab
974 3005 1047 3088 ipse
1072 2993 1208 3064 cendam

95 3113 216 3181 domine
233 3113 317 3180 Bcla
331 3117 421 3199 Rege
436 3116 616 3184 instancius
642 3117 845 3202 petiuissent,
869 3121 904 3182 vt
920 3111 1055 3180 eandem
1078 3121 1207 3192 posses-

10 3303 11 3316 *
93 3223 208 3289 sionem
218 3222 469 3290 Zelonnaiuxta
484 3224 735 3310 premissionem
754 3213 1132 3308 temporereueeacienis
1143 3210 1207 3277 fac-

90 3337 150 3395 tam
165 3327 252 3395 idem
270 3329 420 3397 deminus
436 3331 602 3414 BelaRex
618 3332 698 3417 ipsis
728 3332 899 3400 restituere
917 3328 1116 3413 dignaretur,
1134 3339 1206 3386 eum

90 3459 148 3504 non
165 3437 273 3506 solnm
289 3444 441 3524 paterna,
458 3458 569 3505 verum
586 3439 689 3506 eciam
705 3437 914 3525 ipserundem
925 3431 1121 3518 obsequiosa
1130 3424 1204 3493 fide-

88 3547 160 3612 litas
178 3545 221 3612 ad
238 3545 483 3612 restitucionem
509 3545 717 3631 optinendam
733 3553 860 3633 poterat
885 3550 917 3612 et
934 3542 1074 3609 debebat
1094 3538 1207 3601 merito

89 3651 274 3737 suffragari.
300 3652 396 3719 Vnde
410 3652 497 3719 idem
522 3653 598 3720 olim
625 3654 774 3722 dominus
790 3653 872 3720 Bela
895 3655 966 3718 Rex
985 3639 1208 3736 promissionis

10 3779 11 3848 }
86 3781 150 3846 sue,
177 3781 277 3846 quam
305 3760 400 3828 dictis
426 3761 502 3845 filijs
518 3761 676 3828 Iwachini
694 3761 828 3830 Comitis
854 3761 970 3829 intuitu
996 3751 1206 3823 seruicierum

81 3872 181 3955 patris
198 3890 312 3936 eorum
339 3868 460 3936 fecerat
474 3891 539 3938 nen
556 3869 724 3939 immemor
739 3869 887 3958 {eandem
903 3872 1036 3956 prepter
1060 3865 1203 3946 ipserum

80 3997 207 4061 quoque
223 3977 368 4045 seruicia
396 3977 613 4046 inmemoresa
640 3977 779 4062 quedam
795 3979 829 4045 in
846 3977 968 4045 eisdem
994 3968 1110 4040 litteris
1136 3961 1204 4029 suis

80 4085 171 4172 tangi
187 4083 302 4170 veluit,
328 4085 508 4152 eurauisset
525 4083 654 4153 effectui
680 4086 876 4172 mancipare.
903 4081 1047 4160 Quorum
1064 4071 1205 4142 emnium

10 4229 11 4278 t
81 4195 289 4262 seruicierum
300 4192 518 4279 predictorum
535 4195 567 4261 in
579 4175 829 4263 eisdemlitteris
841 4193 1043 4282 perlongum
1064 4179 1204 4270 gloriofle

80 4311 109 4368 ct
131 4299 346 4368 laudabiliter
372 4301 610 4370 declaraterum
633 4303 771 4387 intuitu,
798 4303 935 4370 eandem
961 4291 1203 4384 possessionem

10 4485 11 4498 2
82 4409 227 4479 Zelenna
244 4427 318 4474 eum
336 4409 485 4477 omnibus
502 4411 569 4477 suis
584 4411 778 4479 utilitatibus
794 4421 827 4481 et
842 4411 1062 4498 pertineneijs,
1087 4423 1127 4471 ac
1142 4395 1202 4465 sub

10 4519 11 4572 i
81 4516 199 4584 eisdem
215 4515 313 4584 metis
331 4515 449 4584 litteris
474 4518 508 4583 in
525 4516 647 4584 eisdem
671 4521 878 4604 specificatis,
906 4527 938 4587 et
951 4539 991 4587 ea
1010 4517 1095 4584 enini
1120 4513 1201 4576 inte·

81 4623 205 4710 gnate,
232 4623 350 4710 quibus
367 4630 461 4712 pater
478 4626 598 4715 [eorum
627 4626 829 4714 possederat,
857 4626 1071 4700 donacionem
1100 4621 1202 4708 patris
