3134 5150
132 987 258 1054 Arnold
271 987 358 1056 colai
373 989 514 1076 fdr'rpdn
540 993 572 1057 ds
592 991 741 1058 Rcdncld
765 993 924 1060 comesnek
947 995 1155 1092 bizonysdpa,
1180 994 1260 1083 dopy

131 1095 229 1163 Peur
251 1098 427 1165 lavernet
443 1100 505 1185 fia,
531 1098 673 1166 Loukove'
699 1099 807 1184 lakes,
833 1101 944 1168 o'rdltdr
970 1102 1107 1170 birtoledt
1131 1101 1261 1169 Hotold

469 1206 625 1270 eomeerrek
640 1207 810 1292 ettcopedte.
828 1210 926 1275 1235.

237 1400 405 1470 Amoldns
421 1398 537 1468 comes
552 1401 767 1486 Saiadiensis,
792 1405 826 1468 et
842 1401 958 1471 Comes
974 1402 1175 1489 Rednaldns,
1193 1421 1258 1472 om·

130 1506 365 1575 nibns'Ohristi
378 1506 531 1574 fidelibus
555 1515 725 1594 presentes
749 1508 875 1576 litteras
899 1509 1094 1595 inspecturis
1118 1510 1258 1577 salntem

131 1617 166 1682 in
181 1614 321 1682 Domino
336 1613 417 1682 Jesu
432 1615 571 1683 Christo.
596 1615 649 1682 Ad
664 1617 889 1683 uniuersorum
913 1617 1064 1683 nolumus
1087 1616 1258 1701 peruenire

132 1724 295 1807 noticiam,
322 1723 411 1808 qnod
437 1724 569 1808 qnidam
585 1727 701 1792 Petrus
716 1725 802 1790 filins
829 1724 989 1810 Stephani
1015 1724 1056 1791 de
1079 1723 1161 1792 uilla
1175 1725 1257 1792 Lon·

133 1849 210 1898 cone
225 1833 261 1897 in
276 1831 594 1899 nostreconstitntus
610 1834 783 1918 presencia
794 1832 898 1898 libere
914 1832 1153 1918 esteonfcssns,
1169 1832 1258 1915 quod
1340 1885 1348 1896 .

131 1945 231 2007 totam
256 1945 380 2007 terram
403 1945 513 2022 suam,
533 1959 686 2024 quaeum
712 1939 908 2009 hereditario
932 1939 1002 2008 inre
1025 1939 1257 2027 contingebant

133 2045 226 2136 (igy),
245 2047 339 2114 dedit
354 2048 472 2115 Comiti
489 2048 618 2115 Hohold
641 2068 690 2134 eo,
716 2049 803 2132 quod
817 2049 889 2134 ipse
906 2046 1022 2116 Comes
1047 2069 1121 2117 enm
1137 2047 1255 2118 deden·

131 2153 204 2221 dere
217 2161 386 2222 teneretnr
403 2156 437 2221 in
453 2175 561 2243 eausa,
589 2177 686 2240 quam
703 2176 784 2241 erga
799 2157 908 2242 ipsum
931 2157 1046 2223 habuit
1060 2156 1164 2224 trater
1185 2155 1256 2224 eins

130 2263 286 2346 Magister
302 2262 428 2329 Micael.
446 2263 541 2348 Sane,
567 2263 645 2347 quia
669 2269 757 2330 terra
772 2263 830 2329 illa
855 2263 1014 2331 remocior
1038 2271 1110 2332 erat
1126 2285 1147 2330 a
1161 2264 1256 2332 metis

129 2377 211 2436 terre
227 2369 366 2438 comitis
382 2371 522 2456 Hohold,
547 2371 835 2439 commutacionem
851 2371 929 2438 feeit
948 2371 1034 2437 idem
1050 2371 1167 2439 Comes
1182 2391 1255 2438 cum

130 2479 273 2564 Symone
298 2477 367 2544 tilio
381 2477 540 2563 Stephani
564 2477 623 2562 tilij
642 2479 741 2561 Bene,
769 2478 851 2545 dens
868 2477 898 2543 ei
922 2483 1043 2545 terram
1058 2477 1174 2563 Pauli,
1200 2477 1256 2561 qni

129 2586 228 2652 habet
243 2605 391 2654 sororem
412 2585 534 2672 prefati
549 2585 649 2669 Petri,
667 2605 725 2671 pro
740 2592 829 2652 terra
845 2605 915 2669 sua,
933 2585 1012 2670 qnia
1026 2591 1098 2652 erat
1121 2604 1255 2653 comme-

128 2703 226 2760 tanea
241 2701 413 2780 tenesne,
429 2713 492 2778 que
508 2695 574 2759 sita
589 2699 638 2760 est
655 2699 734 2780 aput
752 2693 925 2761 ecclesiam
942 2691 1053 2760 Sancti
1068 2692 1175 2779 Petri,
1191 2713 1255 2772 me·

128 2803 171 2872 tis
196 2804 372 2890 assignata
388 2802 486 2891 (tgy).
510 2802 621 2868 Prima
646 2809 734 2868 meta
749 2802 865 2888 incipit
889 2808 1013 2871 eterra
1037 2802 1182 2870 eiusdem
1199 2802 1257 2870 Oo-

128 2912 214 2980 mitis
230 2912 373 2996 Hohold,
400 2930 463 2996 qne
487 2915 622 2976 vocatur
638 2909 774 2976 'Polmae
796 2911 936 2977 atribus
953 2909 1103 2997 ilicibus;
1130 2918 1163 2978 et
1178 2910 1255 2977 inde

130 3041 245 3088 nereus
269 3020 429 3088 orientem
444 3017 549 3085 tendit
574 3017 618 3082 ad
641 3019 790 3085 arborem
814 3017 891 3103 poni
908 3016 1005 3105 (tgy),
1031 3019 1088 3086 ubi
1111 3017 1256 3084 secunda

130 3135 234 3216 meta,
260 3135 294 3196 et
308 3128 385 3194 inde
409 3125 615 3212 protenditur
641 3125 685 3191 ad
709 3125 842 3191 fluuium
857 3127 1021 3211 Loncone,
1047 3125 1103 3209 qni
1125 3124 1197 3191 fluit
1213 3125 1254 3191 de

129 3237 208 3304 nilla
232 3236 397 3319 Gornaha,
424 3235 545 3316 inquo
570 3231 740 3300 descendit
762 3251 866 3317 usqne
891 3232 967 3300 dum
992 3234 1128 3301 ecditio
1154 3233 1254 3300 alium

131 3347 273 3430 fluuium,
300 3345 355 3430 qni
379 3342 530 3410 similiter
545 3343 698 3410 Loncoue
722 3346 866 3427 uocatur,
892 3342 948 3425 qni
964 3341 1035 3408 fluit
1059 3361 1118 3428 per
1141 3339 1255 3408 uillam

129 3454 272 3537 Toimac,
298 3454 355 3520 ubi
369 3451 490 3519 transit
513 3450 658 3534 fluuium,
684 3467 798 3517 uersus
822 3448 1023 3517 occidentem
1049 3447 1093 3516 ad
1113 3455 1254 3517 montem

131 3563 300 3629 reuertitur
315 3560 359 3626 ad
373 3565 479 3626 metas
495 3567 579 3625 terre
595 3556 731 3624 Comitis
747 3556 928 3642 sepedicti.
953 3557 996 3623 Vt
1011 3557 1112 3642 igitur
1126 3556 1254 3649 prefate

131 3677 211 3735 terre
226 3667 445 3735 commutacio
471 3673 503 3733 et
518 3664 664 3731 eiusdem
680 3663 818 3731 collaeio
841 3664 939 3729 robur
953 3662 1115 3731 firmitatis
1132 3664 1253 3731 habere

130 3778 232 3862 possit
247 3777 281 3841 in
297 3781 476 3863 posterum,
501 3771 650 3839 dedimus
666 3771 699 3836 in
715 3771 935 3838 testimonium
953 3771 1001 3838 rei
1018 3776 1110 3857 geste
1125 3791 1254 3857 presen-

129 3891 190 3954 tem
205 3885 365 3972 paginam
375 3879 553 3948 munimine
569 3879 751 3964 aigillornm
761 3884 943 3947 nostrornm
953 3878 1150 3960 roboratam,
1168 3895 1253 3946 anno

129 3995 234 4080 gnte
252 3993 300 4060 n⁰
310 3989 377 4058 oo
386 3991 535 4056 xxxo.

125 4189 261 4260 (Eredatie
273 4185 451 4256 bdrhirtytn,
474 4187 586 4256 melyrdl
598 4185 700 4238 Arnold
712 4180 877 4250 fdispinnak
896 4180 1016 4249 peccetje
1028 4177 1253 4250 hirtyansinegen

125 4283 198 4350 fdgg,
220 4297 239 4334 a
251 4279 343 4334 misilr
357 4276 451 4346 peccet
463 4279 546 4345 pedig
569 4277 706 4337 cireszett,
725 4291 742 4326 a
754 4274 838 4328 budai
851 4273 902 4325 kir.
916 4273 1039 4325 kamarai
1060 4268 1252 4337 lereitirban.)

555 4497 819 4511 ...ει-*ύ-
