3122 5154
813 309 973 412 Α.

329 533 416 578 anno
432 511 544 596 gracie
561 511 605 575 Μο
616 508 681 574 00⁰
693 508 802 574 XXX⁰
813 509 928 591 vlita,
952 507 992 572 V⁰
1010 526 1112 572 nonas
1129 505 1219 588 blaij,
1237 506 1343 588 Regni
1359 505 1464 571 nostri

328 641 414 686 anno
431 620 505 686 IIJ⁰.

329 799 467 866 (Eredotic
480 795 652 864 bb'rbdrtyin,
667 797 779 862 melyrb'l
792 813 809 847 a
821 794 910 861 kirtly
923 791 1098 862 poosdtjdnek
1108 791 1236 845 titrodbire
1247 795 1335 844 barna
1350 792 1465 859 selyem-

518 887 644 941 usinbron
657 888 733 954 iiigg.
748 889 770 938 A
784 888 866 938 budai
880 886 931 936 kir.
946 884 1067 934 karnarai
1081 879 1268 948 levdlta'trban.)

770 1171 1023 1184 ...μ-ῃ...-

872 1640 928 1706 3ὖ.

335 1826 355 1889 Ι
361 1825 395 1891 V.
412 1824 493 1889 Belo
509 1823 681 1909 kirdlyuuk
697 1821 790 1885 Fruad
805 1823 885 1884 nevit
900 1819 1035 1884 birlobot
1053 1821 1205 1906 tctrpyazd
1218 1820 1395 1903 admeaupo
1409 1817 1468 1882 Ost

594 2006 596 2012 Ι
703 1951 799 1994 comcs
814 1932 970 1992 sactorum.
998 1929 1095 1992 1238.

445 2130 526 2195 Bela
541 2129 602 2194 Dei
618 2127 731 2212 gracia
750 2129 819 2194 Rex
836 2126 979 2209 Vngarie
994 2124 1157 2191 uniuersis
1178 2125 1297 2192 Christi
1314 2123 1468 2190 fidelibus

339 2237 480 2303 salutem
496 2237 530 2301 in
542 2235 681 2303 Domino
693 2237 784 2302 Jesu.
802 2235 913 2317 Digna
928 2235 1193 2300 remuneracione
1203 2233 1344 2300 fidelitas
1355 2233 1469 2318 dignis

212 2355 214 2358 ’
339 2344 437 2412 debet
451 2345 623 2433 stipendiis
640 2365 661 2409 a
675 2343 777 2426 Regio
793 2341 1004 2409 (lenitudinis
1022 2342 1203 2410 Serenitate
1218 2342 1370 2425 refoueri,
1388 2362 1469 2426 qua·

337 2461 432 2520 tenus
449 2461 481 2520 et
504 2455 682 2520 humanum
706 2451 836 2518 iusticie
858 2451 1003 2516 debitum
1028 2451 1252 2535 impendatur,
1280 2459 1313 2516 et
1331 2451 1470 2516 retribu-

338 2563 442 2629 cionis
458 2561 607 2646 exemplo
624 2558 767 2625 fidelium
783 2576 937 2622 numerus
953 2563 1122 2639 augeatur.
1139 2555 1223 2622 Hine
1242 2564 1301 2642 est,
1317 2556 1405 2639 quod
1422 2556 1468 2622 ad

338 2669 565 2734 uniuersorum
580 2666 735 2733 noticiam
761 2673 873 2731 tenore
888 2665 1093 2749 presencium
1117 2665 1266 2731 uolumus
1282 2665 1468 2752 peruenire,

340 2775 427 2860 quod
442 2795 502 2842 nos
519 2775 661 2840 seruicia
686 2780 718 2838 et
733 2773 914 2859 probitates
940 2773 1050 2838 dilecti
1067 2792 1106 2838 ac
1122 2771 1227 2840 fidelis
1250 2774 1355 2840 nostri
1372 2771 1467 2855 Oslu,

342 2884 487 2966 Comitis,
503 2881 561 2966 filij
577 2881 667 2965 Oslu,
692 2901 754 2965 que
769 2881 864 2947 nobis
886 2888 919 2947 et
934 2883 1046 2965 Regno
1062 2878 1282 2947 indesinenter
1307 2881 1468 2963 exhibuit,

341 2989 497 3058 habentes
517 3008 575 3074 pre
592 2988 708 3074 oculis,
735 2995 768 3056 et
783 2989 931 3056 nolentes
947 2989 1064 3074 ipsum,
1091 2988 1175 3054 sicut
1190 3007 1251 3054 nec
1266 2988 1370 3072 decet,
1395 3011 1471 3058 suo-

341 3119 413 3164 rum
441 3096 651 3163 seruiciorum
679 3095 866 3163 defraudari
893 3096 1035 3181 meritis,
1067 3097 1102 3162 in
1126 3096 1470 3182 recompensacionem

341 3225 400 3272 sue
416 3203 583 3270 fidelitatis
600 3210 632 3269 et
648 3203 858 3289 probitatum,
875 3209 998 3270 terram
1013 3204 1108 3270 Faad
1122 3205 1156 3270 in
1173 3202 1335 3272 Comitatu
1352 3206 1468 3290 Sopro·

341 3314 446 3381 nicusi
462 3313 554 3379 iuxta
570 3311 709 3398 Choma,
735 3312 884 3399 predium
909 3313 1086 3381 eorundem
1102 3321 1170 3380 tam
1195 3335 1267 3381 cum
1283 3321 1369 3381 terra
1396 3333 1473 3381 ara-

342 3423 420 3508 bili,
453 3441 551 3506 quam
576 3441 647 3488 cum
673 3422 806 3509 pascuis
832 3427 865 3488 et
888 3421 996 3490 feneto
1022 3423 1094 3489 vsui
1120 3423 1257 3508 triginta
1286 3431 1471 3491 aratrorum

342 3537 587 3618 competentem,
616 3551 714 3615 quam
739 3531 829 3618 prius
846 3553 887 3598 ex
913 3531 1093 3600 donacione
1118 3534 1223 3620 patris
1249 3533 1351 3600 nostri
1369 3531 1472 3617 digne

342 3649 576 3729 promeruerat,
594 3643 787 3709 contulimus
803 3643 874 3708 iure
888 3649 1047 3730 perpetuo
1066 3642 1309 3729 possidendam.
1330 3643 1473 3728 Insuper

342 3749 419 3816 tiliis
435 3749 538 3818 Belud
554 3749 689 3817 Comitis
714 3749 799 3816 boue
816 3751 991 3834 memorie,
1017 3751 1072 3834 qui
1089 3749 1238 3817 similiter
1265 3751 1418 3840 maximis
1439 3758 1475 3816 et

342 3857 565 3926 laudabilibus
590 3859 737 3926 seruiciis
763 3878 872 3925 coram
902 3858 1005 3925 oculis
1030 3859 1150 3926 nostris
1176 3867 1208 3926 et
1228 3867 1474 3926 antecessorum

342 3973 527 4038 nostrorum
544 3988 565 4034 a
580 3965 737 4053 primeuis
748 3967 845 4034 etatis
861 3987 919 4034 sne
935 3969 1135 4054 temporibus
1146 3969 1320 4052 claruerat,
1341 3985 1475 4034 conces·

347 4077 449 4143 simus
475 4075 516 4142 de
542 4081 630 4140 terra
646 4073 786 4140 Widcha
810 4073 843 4139 in
862 4073 976 4165 eodem
994 4073 1167 4158 Comitatu,
1194 4074 1287 4140 iuxta
1310 4073 1473 4160 predium,

343 4184 430 4268 quod
454 4191 590 4252 uocatur
605 4181 721 4266 Beiud,
747 4183 839 4248 iuxta
856 4183 1000 4268 Rabcba,
1027 4181 1070 4248 ad
1087 4183 1229 4268 quinque
1256 4189 1374 4268 aratra,
1400 4189 1474 4250 tam

346 4311 419 4356 cum
434 4297 524 4357 terra
539 4289 670 4373 arabili,
686 4309 872 4374 quamcum
889 4290 1021 4375 pascuis
1037 4295 1069 4355 et
1085 4289 1203 4372 teneto,
1223 4289 1279 4355 ubi
1293 4289 1395 4374 ijdem
1410 4287 1477 4375 filij

346 4395 451 4464 Belud
466 4395 588 4463 habent
614 4396 728 4463 domos
744 4401 776 4461 et
794 4395 978 4464 ecclesiam.
993 4397 1037 4463 Vt
1051 4396 1152 4480 igitur
1166 4397 1227 4462 hec
1246 4403 1357 4464 nostre
1372 4394 1477 4463 dona-

345 4502 447 4572 cionis
463 4503 587 4590 pagina
611 4503 738 4571 firmum
765 4505 864 4571 robur
888 4505 1036 4591 optineat
1058 4506 1092 4570 in
1115 4509 1292 4590 posterum,
1320 4510 1354 4570 et
1372 4503 1479 4572 nullis

346 4630 490 4696 unquam
506 4612 707 4698 temporibus
731 4613 842 4678 ualeat
856 4612 1039 4699 retractari,
1064 4612 1203 4699 duplicis
1220 4613 1294 4678 eam
1310 4610 1400 4696 sigili
1416 4631 1478 4680 no·
