3148 5156
848 917 926 990 291.

317 1116 348 1181 A
366 1115 620 1201 ezeleaseborucioi
635 1116 848 1206 teiptalannak
864 1117 1135 1204 bizonpan'ploaele,
1159 1119 1240 1204 bogp
1258 1119 1447 1183 Konstantia

394 1223 533 1288 kanonoio
550 1223 665 1289 ntitas·
678 1224 810 1290 birtoiait
826 1223 954 1290 Aiadoir
970 1225 1123 1291 comeonsis
1138 1225 1250 1292 eladio.
1269 1223 1364 1291 1255.

427 1419 614 1506 Capitulum
630 1421 778 1489 Ecclesie
793 1419 947 1490 Albensis
973 1422 1123 1491 omnibus
1149 1421 1269 1490 Christi
1294 1421 1445 1491 fidelibus

319 1533 489 1614 presentes
505 1527 630 1595 litteras
646 1527 841 1614 inspecturis
857 1527 996 1596 salutem
1012 1529 1045 1595 iu
1056 1529 1207 1598 Domino.
1228 1529 1447 1599 Uniuersitati

228 1691 231 1698 .
320 1641 429 1703 uentre
444 1643 557 1703 tenore
572 1635 776 1724 presencium
791 1637 940 1705 uolumus
956 1635 1025 1705 lieri
1042 1637 1262 1726 manifestum,
1278 1639 1366 1724 quod
1378 1641 1447 1706 lla·

322 1743 425 1830 gistro
435 1744 649 1814 Constantino
668 1743 1201 1814 karissimotloucauouioouostro
1212 1752 1447 1834 exuuaparte,

320 1857 353 1918 et
368 1850 526 1920 Aladario
543 1849 668 1919 (inmite
693 1851 760 1922 filio
777 1851 914 1920 Comitis
930 1849 1031 1920 Ohete
1054 1853 1189 1938 exalia,
1216 1874 1326 1922 coram
1351 1851 1449 1921 nobis

320 1959 538 2043 personaliter
553 1960 748 2045 constitutis,
765 1958 930 2046 predictus
946 1959 1104 2044 Magister
1124 1959 1359 2030 constantinus
1374 1981 1449 2029 cou-

320 2067 429 2134 fessus
454 2074 504 2133 est
522 2068 600 2133 viua
623 2086 713 2151 uoce,
741 2065 828 2152 quod
846 2073 949 2136 totam
973 2073 1093 2134 terram
1117 2087 1210 2136 suam
1234 2073 1379 2155 emptam
1404 2069 1448 2135 ab

322 2172 455 2260 Ypolito
481 2179 514 2241 ct
528 2174 631 2242 Paulo
656 2173 723 2241 filio
748 2173 871 2260 Turta,
898 2175 1047 2261 cognatis
1072 2172 1209 2244 Comitis
1231 2175 1332 2244 Obete
1356 2183 1458 2254 autc<

321 2281 409 2364 dicti,
433 2289 467 2350 et
484 2281 527 2347 ab
543 2281 619 2350 aliis
646 2281 901 2369 quibuscunque,
918 2303 1015 2368 quam
1032 2283 1176 2352 babebat
1191 2283 1225 2350 iu
1241 2281 1321 2350 villa
1337 2285 1450 2368 liuha,

321 2410 394 2458 cum
420 2389 572 2457 omuibus
598 2390 810 2475 pertineneijs
834 2390 923 2475 suis,
953 2389 1108 2458 videlicet
1132 2389 1290 2478 domibus,
1317 2390 1448 2476 leuatis,

322 2497 508 2566 molendino
535 2505 568 2566 et
591 2497 668 2584 alijs
688 2496 896 2582 utilitatibus,
923 2501 1032 2583 preter
1056 2515 1170 2565 seruos
1195 2501 1228 2565 et
1252 2497 1391 2566 ancillas
1415 2505 1450 2566 et

321 2607 389 2674 ulia
404 2607 550 2694 mobilia,
566 2605 770 2675 uendidisset
782 2603 942 2674 Aladario
954 2603 1072 2674 Oomlti
1088 2605 1277 2692 supradicto
1292 2627 1352 2694 pro
1368 2627 1448 2692 qua-

320 2713 474 2799 draginta
489 2719 630 2799 quatuor
645 2715 764 2781 marcis
780 2713 921 2800 argenti,
938 2713 1007 2779 iure
1023 2718 1179 2800 perpetuo
1194 2711 1448 2800 possidendam

321 2829 354 2888 et
369 2822 475 2908 ipsam
492 2840 651 2888 summam
668 2821 805 2909 pecunie
829 2818 918 2888 idem
933 2819 1091 2905 magister
1106 2818 1336 2890 Constantinus
1351 2823 1450 2908 plene

321 2936 354 2997 et
369 2929 574 3014 integraliter
598 2949 635 2997 sc
651 2930 815 3016 recepisse
831 2929 874 2995 ab
890 2927 1005 2996 eodem
1020 2925 1196 2995 affirmauit
1212 2948 1322 2997 coram
1342 2929 1448 3015 uobis,

320 3043 353 3104 et
368 3036 510 3126 restituit
520 3038 631 3106 omnia
646 3037 830 3125 priuilegia,
842 3055 906 3121 qne
915 3037 1059 3103 habebat
1067 3053 1165 3122 super
1175 3033 1264 3103 dicta
1272 3043 1362 3104 terra
1372 3057 1448 3105 cou-

321 3148 418 3230 ieeta,
445 3147 505 3213 tali
521 3145 713 3214 condicione
737 3145 940 3232 interposita,
968 3143 1054 3230 quod
1078 3145 1106 3212 si
1125 3144 1236 3229 alique
1261 3145 1368 3212 littere
1393 3147 1449 3212 uel

322 3255 496 3341 priuilegia
521 3255 698 3321 casualiter
721 3253 827 3321 forent
843 3259 1022 3338 reseruata,
1048 3253 1078 3320 si
1094 3271 1238 3337 uuquam
1258 3253 1450 3320 exhiberen-

324 3370 385 3446 tur,
402 3359 489 3428 uires
500 3361 628 3445 aliquas
643 3379 707 3426 nou
717 3361 886 3427 habereut.
903 3361 948 3429 Ut
958 3359 1059 3444 igitur
1067 3359 1164 3428 huius
1179 3359 1226 3427 rei
1238 3359 1339 3428 series
1349 3359 1450 3428 robur

310 3476 481 3559 ¹perpetue
497 3469 657 3537 firmitatis
674 3469 830 3556 optineat,
848 3487 908 3536 uec
923 3469 1027 3556 possit
1042 3470 1076 3536 iu
1092 3473 1257 3555 posterum
1276 3469 1320 3535 ab
1336 3468 1451 3554 aliquo

324 3579 506 3664 retractari,
523 3577 567 3646 ad
581 3576 775 3665 peticionem
795 3576 1081 3664 utriusquepartis
1097 3583 1266 3663 presentes
1285 3577 1449 3644 eoncessi-

324 3707 396 3754 mus
411 3685 537 3754 litteras
564 3683 665 3769 sigilli
679 3683 783 3752 nostri
808 3683 985 3752 munimine
1009 3685 1190 3753 roboratas.
1216 3685 1339 3752 Datum
1363 3705 1452 3755 auno

321 3795 453 3864 Domini
469 3797 515 3862 Μο
525 3791 592 3860 00⁰
602 3793 778 3878 L⁰quiuto,
794 3799 888 3861 sexto
904 3791 1067 3860 kalendas
1077 3793 1176 3878 Junij,
1191 3793 1350 3878 Magistro
1359 3792 1453 3862 Sma-

321 3905 426 3989 ragdo
443 3905 591 3971 Ecclesia
605 3909 715 3970 nostre
731 3901 843 3970 illecto
859 3903 934 3969 aule
949 3902 1053 3989 Regie
1067 3899 1377 3986 vicecancellario,
1396 3901 1453 3969 Ja-

322 4013 403 4080 cobo
420 4010 569 4098 (lentore,
587 4009 713 4078 llatbia
729 4009 881 4096 Custode,
898 4009 1008 4077 Mieba
1023 4011 1158 4078 Decauo
1175 4009 1402 4079 existentibus.

358 4205 497 4276 (Eredetie
510 4205 685 4274 bb'rhirtydn,
698 4206 828 4273 melpuelr
841 4203 963 4274 pensetis
975 4203 1150 4275 stubs-strga
1160 4209 1285 4261 uslndrou
1298 4211 1385 4277 idgg3
1399 4227 1417 4264 a

530 4295 632 4350 ftmtlt.
643 4297 758 4364 hercueg
771 4293 920 4363 Batthytni
932 4294 1023 4349 multu
1036 4295 1243 4366 levdlttrdbau.)

749 4566 1017 4583 Ἠ
