3102 5160
604 877 681 944 139.

92 1053 144 1120 W.
160 1053 249 1122 lacae
262 1061 350 1143 pa'pa
360 1081 381 1122 α
396 1057 720 1144 policzicildrcilynolr
734 1058 845 1124 kdcete't
856 1061 987 1146 cp'cinlja,
1003 1061 1046 1125 lta
1056 1086 1075 1125 α
1092 1061 1211 1126 totcirolr

127 1165 302 1250 irdnysiban
317 1166 494 1230 tandemsed
509 1171 539 1228 e'a
555 1167 734 1252 scpllso'ppel
749 1171 969 1252 tdrrropcttotna'
982 1169 1043 1232 loe'r.
1069 1169 1164 1234 1216.

189 1360 399 1429 Innocentius
410 1359 594 1448 Episcopus
609 1381 725 1429 seruus
742 1382 909 1430 seruorum
920 1365 983 1430 Dei
1002 1365 1122 1433 dilecto
1139 1366 1206 1434 lilio

88 1468 204 1535 Joanui
221 1467 269 1557 (l)
286 1469 410 1536 lllnstri
427 1471 508 1555 Regi
525 1471 643 1540 Rusaie
667 1472 807 1540 salntem
824 1479 857 1539 et
873 1473 1097 1558 Apostolieam
1113 1476 1208 1542 bone-

88 1575 268 1644 dictionem.
284 1577 365 1645 (lum
382 1577 411 1646 is
428 1578 483 1662 qni
500 1577 678 1646 secundum
694 1599 752 1647 sue
768 1580 1037 1667 omnipotentiam
1058 1583 1209 1650 Maiesta-

89 1687 200 1752 tisnec
223 1685 296 1753 loeo
322 1693 432 1772 potest
456 1707 517 1754 nee
536 1693 683 1774 tempore
708 1687 948 1776 comprehendi,
977 1695 1089 1776 utpote
1113 1689 1208 1756 incir-

89 1795 352 1881 cumscriptibilis
368 1801 401 1862 ct
417 1796 604 1881 immensus,
631 1796 760 1864 stabilis
778 1817 913 1865 manens
938 1797 996 1866 dat
1012 1807 1128 1868 concta
1145 1819 1208 1868 mo-

89 1905 162 1991 seri,
189 1903 291 1971 saciat
316 1903 452 1990 spiritus
476 1925 552 1972 suos
577 1905 716 1990 angelos
741 1911 774 1973 el
798 1906 974 1992 ministros,
1004 1909 1210 1994 celorumque

90 2013 260 2080 altitudine
276 2012 436 2080 inclinata
452 2033 582 2080 earnem
602 2033 771 2082 assumens
786 2015 963 2082 humanam
982 2037 1040 2102 pro
1057 2038 1105 2103 eo,
1123 2019 1210 2102 quod

90 2122 203 2189 delicie
219 2141 280 2189 suc
297 2125 372 2188 sunt
388 2141 461 2190 esso
477 2141 549 2190 cum
566 2123 644 2208 filijs
661 2122 835 2209 bominum,
852 2123 1030 2210 discipulos
1050 2147 1130 2210 quos
1147 2128 1209 2194 elc-

90 2239 178 2315 gerat
193 2231 227 2300 in
243 2229 398 2298 mundum
414 2229 627 2300 destinaverit
636 2231 835 2317 universum,
852 2237 888 2298 ut
904 2233 1211 2319 omniprediearont

91 2340 291 2426 euangelium
318 2346 475 2427 creature,
493 2358 552 2408 suo
568 2360 628 2407 nos
653 2339 808 2408 instruxit
832 2341 992 2427 exemplo,
1020 2347 1055 2407 ut
1070 2341 1140 2408 cius
1160 2363 1209 2408 se·

91 2457 223 2532 quantes
239 2448 391 2534 vestigia,
418 2468 491 2515 eum
507 2449 668 2534 assumpti
684 2469 796 2516 snmus
812 2450 846 2514 in
869 2446 1105 2536 plenitudinem
1122 2457 1209 2536 poto-

90 2557 191 2644 statis,
216 2576 278 2624 neo
305 2575 366 2643 per
390 2555 481 2643 ipsos
508 2555 671 2642 possimus
698 2556 837 2642 singulis
862 2555 1004 2642 negotiis
1031 2556 1209 2644 imminere,

91 2667 263 2750 intereos,
288 2683 371 2748 quos
396 2663 430 2730 in
456 2669 583 2749 partem
609 2663 841 2733 sollicitudinis
867 2661 1085 2747 evocavimus,
1111 2683 1211 2732 onera

89 2775 177 2858 qnasi
192 2771 308 2842 Jethro
325 2773 378 2839 usi
394 2771 543 2856 consilio,
560 2771 745 2840 dividamus
762 2773 936 2857 unicuique
955 2770 1132 2839 seeundum
1148 2773 1210 2840 vir·

88 2890 183 2950 tutem
194 2879 373 2968 propriam,
389 2897 453 2963 que
463 2881 564 2948 variis
575 2880 776 2968 temporibus
787 2881 966 2964 imminent,
982 2881 1209 2949 commitendo.

87 2993 169 3058 Sane
184 3011 260 3058 cnm
277 2989 312 3054 in
327 2989 477 3076 partibus
493 2990 599 3074 Regni
615 2987 663 3056 tui
679 3008 787 3058 mores
806 2995 839 3056 et
854 2987 935 3054 ritus
952 2986 1140 3075 Greeornm,
1157 2989 1211 3075 qni

88 3096 313 3185 superstitiose
328 3115 369 3162 ac
395 3095 649 3183 dampnabiliter
664 3095 707 3162 ab
722 3096 849 3162 unitate
868 3095 1094 3162 ecclesiastiea
1109 3115 1211 3163 reces-

86 3210 202 3291 serunt,
229 3203 364 3271 fuerunt
382 3203 540 3270 hactenus
555 3223 619 3269 non
645 3203 717 3270 sine
733 3203 913 3270 animarum
936 3201 1088 3288 perieulis
1105 3205 1211 3272 obser-

86 3315 160 3400 vati,
177 3321 214 3380 et
228 3333 335 3400 nuper
351 3311 461 3398 gratia
476 3311 608 3380 favente
627 3311 759 3396 Divina,
779 3309 963 3378 illuminata
978 3309 1097 3377 luerint
1112 3311 1213 3378 eorda

86 3431 204 3507 restra,
232 3427 270 3488 ut
285 3426 558 3508 recognoscentes
582 3421 763 3488 Romanam
779 3419 961 3485 Ecclesiam
982 3425 1116 3488 matrem
1132 3419 1211 3486 alia-

88 3551 153 3597 rum
170 3527 318 3598 omnium
334 3535 366 3594 et
381 3528 584 3614 magistram,
601 3547 642 3594 ae
657 3528 823 3596 Summum
840 3527 1029 3594 Pontificem
1049 3547 1213 3595 suecesso-

89 3660 152 3706 rem
167 3637 272 3724 Petri,
300 3635 353 3702 oui
369 3637 489 3702 collate
516 3641 590 3702 sunt
615 3635 724 3702 claves
743 3635 849 3720 Regni
866 3633 1006 3701 celestis
1032 3635 1156 3720 ligandi
1183 3641 1215 3700 ct

88 3745 237 3814 soluendi
255 3751 288 3812 et
302 3743 382 3812 Jesu
401 3743 522 3810 Christi
537 3743 704 3812 Vioarium
720 3763 794 3810 esse
810 3749 929 3829 caput;
949 3744 1028 3828 quia
1043 3763 1114 3810 oum
1130 3764 1214 3810 unus

88 3855 128 3922 sit
148 3855 323 3938 Dominus,
349 3873 416 3920 nna
438 3853 531 3938 fides,
557 3871 656 3918 unum
682 3852 857 3939 baptisma,
883 3871 980 3918 unum
1006 3851 1211 3938 principium,

89 3983 183 4030 unum
199 3981 321 4050 eorpus
337 3961 483 4029 Ecclesia
500 3959 691 4045 militantis;
712 3979 831 4046 eorpus
848 3979 920 4025 eum
937 3957 1085 4043 pluribus
1101 3957 1215 4042 capiti-

89 4073 144 4140 bus
170 4077 425 4156 monstrcosum,
453 4075 486 4136 ct
510 4071 582 4138 sine
607 4069 715 4157 capite
731 4068 925 4156 acephalum
951 4072 1146 4152 censeretur,
1173 4065 1216 4132 ad

86 4182 292 4250 devotionem
304 4185 335 4247 et
351 4179 572 4248 obedientiam
586 4176 774 4265 Apostolicc
792 4175 888 4244 Sedis
900 4180 1087 4242 etnostram
1098 4173 1216 4260 redire,

88 4289 169 4355 sicut
184 4285 384 4374 accepimns,
401 4287 581 4372 affectetis3
598 4305 657 4352 nos
674 4285 705 4352 ei
720 4289 932 4371 assurgentes
948 4283 982 4349 in
999 4281 1141 4367 laudem,
1159 4283 1214 4368 qui

89 4399 198 4468 oeulos
213 4395 321 4464 'l'obie
336 4415 396 4482 per
412 4395 565 4463 collinum
583 4413 623 4460 ex
640 4391 717 4460 lello
736 4392 837 4480 piscis
853 4391 1038 4459 illuminare
1060 4389 1216 4476 dignatus

87 4515 144 4593 est,
170 4512 207 4574 et
222 4503 354 4592 aperire
379 4504 489 4572 oeulos
506 4504 574 4571 oeci
600 4503 679 4588 nati,
707 4521 746 4567 ae
772 4501 956 4568 exultantes
984 4521 1055 4567 cum
1081 4500 1218 4566 muliero

87 4615 254 4700 dragmam
271 4631 335 4696 qne
345 4612 672 4698 perieratreinronit,
690 4609 908 4676 venerabilem
924 4609 1053 4674 fratrom
1072 4613 1215 4672 nostrum

999 4726 1054 4778 rc*
