3122 5154
841 928 895 995 to.

304 1115 362 1179 IX.
375 1112 509 1200 Gerpely
523 1110 679 1198 pdpdoolo
689 1108 880 1175 iutdaekcde'ss
892 1129 912 1169 α
924 1105 1056 1170 scandali
1068 1105 1192 1192 pltrpb'k
1203 1104 1439 1192 coadjutordro

757 1217 857 1280 adnue.
881 1214 978 1278 1241.

415 1414 594 1503 Gregorius
612 1417 796 1505 Episcopus
815 1436 927 1484 seruus
945 1435 1111 1483 seruorum
1127 1413 1188 1480 Dei
1205 1412 1334 1480 dilectis
1359 1413 1439 1479 filiis

308 1577 314 1592 .
334 1575 341 1590 .
361 1573 369 1589 .
386 1523 507 1590 Abbati
523 1523 564 1590 de
579 1525 668 1592 Pelis
685 1523 910 1591 Cisteroiensis
932 1521 1074 1606 Ordinis,
1091 1521 1345 1608 Vesprimiensir
1359 1523 1441 1589 Dio·

306 1630 401 1716 cesis,
419 1636 452 1698 et
466 1633 491 1697 Ι.
508 1630 550 1698 de
566 1632 719 1700 Civitella
735 1631 941 1698 Subdiaoono
967 1637 999 1696 et
1015 1631 1195 1717 Capeliano
1221 1636 1333 1698 nostro
1351 1632 1439 1697 salu-

307 1749 372 1808 tem
399 1748 431 1806 et
454 1740 680 1826 Apostolioam
705 1737 971 1806 benedictionem.
1000 1741 1082 1805 Cum
1107 1739 1185 1804 olim
1201 1739 1320 1807 nostris
1348 1745 1441 1805 esset

309 1847 444 1915 auribus
460 1847 655 1934 intimatum,
682 1849 770 1932 quod
787 1847 985 1914 venerabilis
1008 1847 1108 1913 frater
1131 1853 1241 1914 noster
1257 1899 1264 1912 .
1283 1897 1290 1911 .
1310 1899 1316 1912 .
1335 1847 1440 1914 Oenu-

309 1955 434 2021 diensis
451 1955 633 2042 Episcopus
660 1956 825 2021 oculorum
842 1961 929 2021 esset
944 1954 1064 2020 lumine
1085 1953 1269 2039 destitutus,
1295 1961 1328 2020 ct
1343 1955 1439 2022 senio

308 2063 356 2129 sic
373 2061 568 2148 confractus,
594 2070 630 2128 ut
645 2082 757 2129 curam
773 2082 838 2129 non
853 2062 979 2128 valeret
1004 2079 1116 2144 gerere
1140 2063 1349 2146 pastoralem,
1374 2085 1440 2130 nos

308 2188 407 2255 super
422 2168 483 2236 boc
501 2219 508 2232 .
528 2218 557 2235 ..
582 2171 740 2253 Magistro
756 2168 948 2256 Hospitalis
966 2218 973 2233 .
993 2218 999 2232 .
1019 2219 1026 2232 .
1052 2168 1175 2235 Abbati
1199 2168 1240 2236 de
1255 2171 1387 2238 Beobon
1405 2179 1440 2238 et

308 2277 397 2343 Luce
423 2275 586 2344 banonico
603 2277 769 2344 lauriensi
795 2277 855 2344 sub
880 2283 969 2343 certa
986 2275 1090 2342 forma
1109 2275 1286 2345 direximus
1312 2280 1440 2366 scripta

308 2391 419 2454 nostra
437 2409 444 2450 :
461 2405 571 2452 uerum
590 2387 673 2452 sicut
688 2387 918 2470 intelleximus,
945 2384 1048 2452 dietus
1066 2385 1223 2470 Magister
1239 2393 1271 2453 ct
1287 2387 1356 2454 eius
1373 2389 1440 2454 ool-

308 2495 383 2580 lege
408 2495 515 2581 ipsum
532 2494 732 2582 Episcopum
759 2493 868 2578 iniquo
886 2493 998 2561 favore
1021 2491 1177 2579 foventes,
1204 2501 1236 2560 ct
1253 2494 1440 2562 deferentes

303 2597 433 2668 bomini
458 2609 570 2671 contra
581 2605 700 2686 Deum,
729 2602 762 2669 in
787 2601 975 2669 executione
1000 2601 1146 2668 mandati
1163 2603 1343 2689 Apostolioi
1369 2605 1440 2670 iam

310 2710 424 2795 elapso
450 2710 587 2774 triennio
604 2716 637 2776 et
663 2709 805 2796 amplius
831 2707 1008 2797 procedere
1034 2711 1256 2796 neglexerunt,
1286 2711 1318 2776 in
1335 2709 1440 2777 Cena-

310 2816 436 2882 diensis
447 2816 603 2902 Ecclesie,
621 2820 788 2902 quequasi
799 2816 1202 2904 iacetdestitutapastore‚
1220 2839 1350 2887 enorme
1367 2841 1441 2906 pre·

310 2922 466 2990 iudicium
483 2931 515 2991 et
531 2944 718 3009 gravamen.
736 2925 819 2992 Hine
835 2934 895 3012 est,
920 2925 1007 3012 quod
1024 2927 1171 2993 nolentes
1188 2928 1249 2996 hoc
1266 2929 1326 2995 sub
1343 2927 1441 2996 dissi-

311 3033 490 3100 mulatione
506 3033 656 3117 transire,
683 3031 887 3118 mandamus,
905 3041 1063 3118 quatenus
1081 3035 1236 3120 inquisita
1255 3057 1353 3122 snper
1368 3057 1441 3124 prc-

311 3139 422 3208 missis
447 3140 575 3226 plenius
592 3142 740 3226 veritate,
768 3142 795 3208 si
813 3161 885 3208 eum
909 3143 1076 3209 oculorum
1102 3143 1222 3211 lumine
1240 3143 1440 3230 destitutum,

314 3253 370 3312 aut
396 3246 486 3314 senio
511 3247 701 3316 inveneritis
719 3249 766 3316 sic
793 3269 865 3316 esse
890 3249 1098 3335 confractum,
1125 3251 1348 3338 coadjutorem
1371 3253 1442 3323 ido·

311 3374 407 3422 neum
425 3352 612 3439 adiungatis
632 3353 756 3443 eidem3
775 3356 1041 3444 contradictores
1059 3357 1086 3425 si
1104 3361 1158 3442 qui
1175 3359 1303 3444 luerint,
1322 3361 1375 3428 vel
1391 3382 1442 3427 re·

312 3460 425 3547 helles,
442 3479 500 3546 per
516 3479 687 3528 censuram
698 3462 956 3530 eeclesiasticam
968 3465 1029 3532 sub
1043 3464 1232 3552 Apostolica
1252 3466 1441 3536 obedientia

310 3565 558 3653 compescendo.
575 3568 697 3635 Datum
714 3570 869 3638 Laterani
884 3571 954 3638 Vll.
971 3570 1044 3639 idus
1061 3573 1240 3640 Februarii.
1267 3575 1442 3643 Pontifica-

310 3682 361 3743 tus
377 3675 480 3742 nostri
498 3695 582 3742 anno
598 3675 705 3744 XIIII.

642 3873 773 3940 (Tbeiner
791 3879 826 3929 id.
841 3894 874 3928 m,
888 3880 909 3929 l.
925 3879 980 3932 lor.
998 3882 1055 3932 ΠΤ.
1069 3879 1096 3947 l.)

724 4159 988 4174 *—
