3198 5160
867 312 1010 415 gec-

372 509 516 577 totaliter
542 529 613 576 cum
639 507 752 576 eodem
773 511 856 594 jure,
880 529 943 595 quo
959 517 1051 597 pater
1076 517 1108 576 et
1132 529 1243 577 omncs
1270 509 1499 594 progenitores

377 617 479 704 ipsius
495 618 717 704 possidebant,
733 619 793 686 sub
811 617 932 687 eisdem
943 617 1085 705 antiquis
1102 617 1196 686 metis
1212 639 1272 706 per
1288 637 1364 687 suos
1380 633 1498 703 proge-

375 723 496 794 nitores
521 725 770 812 circumquaque
795 747 854 813 per
870 727 1025 794 ambitum
1045 732 1078 791 et
1094 727 1253 794 vallatum
1279 723 1425 808 eleuatis,
1455 723 1500 786 si·

375 831 442 900 mul
457 833 561 901 eciam
586 833 737 920 porcione
756 834 869 901 habita
893 835 926 900 in
942 834 1094 902 Danubio
1111 838 1144 901 et
1159 833 1275 902 insulis
1299 833 1343 900 ad
1357 830 1497 900 eandem

374 941 613 1028 possessionem
630 941 756 1026 Dijenis
774 941 1018 1028 pertinentibus,
1040 943 1239 1010 Menanterio
1256 939 1349 1007 Beati
1366 935 1500 1006 Martini

375 1049 416 1116 de
430 1048 531 1116 Sacro
547 1048 832 1117 MontePannonie
848 1049 970 1116 salubri
986 1047 1227 1118 deliberacione
1236 1047 1401 1135 prohibita
1415 1063 1500 1133 pure

379 1165 411 1224 et
435 1157 577 1244 perfecte
601 1156 689 1225 nulio
714 1157 755 1223 de
778 1177 839 1225 sua
862 1159 1063 1242 cognacione
1087 1157 1329 1226 contradicente
1352 1154 1499 1238 contulit,

374 1263 510 1334 tradidit
525 1270 557 1331 et
572 1264 707 1332 donauit
718 1265 793 1348 iure
810 1271 966 1352 perpetuo
982 1265 1222 1352 possidendam,
1235 1271 1269 1331 ιι
1283 1262 1497 1351 prediximus,

378 1393 435 1460 pro
463 1373 609 1442 ducentis
634 1380 667 1440 ct
690 1374 855 1458 octoginta
879 1375 998 1442 marcis
1024 1374 1152 1458 argenti
1177 1375 1224 1441 sic
1249 1372 1431 1440 ardenciori
1458 1389 1500 1436 ac

376 1480 548 1550 sinceriori
562 1479 739 1550 deuocione
756 1481 913 1550 innitente
929 1503 989 1569 pro
1006 1489 1114 1550 eterne
1130 1479 1406 1550 remuneracionis
1423 1480 1499 1546 bra-

373 1593 427 1660 uio
443 1590 628 1676 obtinendo,
645 1609 686 1658 ne
703 1591 737 1658 in
752 1591 927 1661 nouissimo
942 1591 1006 1678 die,
1022 1600 1167 1680 tempore
1177 1592 1336 1660 examinis
1356 1591 1498 1658 districti

376 1697 504 1767 iudicis
519 1717 591 1765 cum
607 1699 717 1767 villico
734 1699 914 1785 iniquitatis
931 1700 1100 1786 subjaceat
1115 1700 1246 1768 ulcioni.
1264 1699 1304 1767 Ει
1320 1705 1498 1786 propterea

376 1814 409 1874 ct
423 1807 601 1877 deuocione
616 1827 773 1877 accensus
791 1819 825 1877 et
840 1829 881 1876 ex
896 1807 1092 1878 authoritate
1107 1808 1242 1877 licencie
1258 1807 1380 1876 domini
1395 1808 1499 1893 Regis

376 1919 527 2005 superius
551 1918 670 1985 inserte
686 1918 729 1984 ad
754 1912 932 2004 perfectum
948 1917 1128 1988 securatius
1143 1919 1190 1986 ita
1213 1917 1451 1986 inuiolabiliter
1465 1922 1500 1981 ct

376 2025 634 2094 irreuocabiiiter
650 2026 770 2093 dictam
787 2028 1028 2113 possessionem
1044 2027 1173 2113 Dijenis
1191 2047 1270 2114 sepe
1286 2027 1371 2094 dicto
1387 2026 1503 2094 diona·

377 2134 476 2202 sterio
502 2135 714 2222 appropriare
729 2143 762 2203 et
785 2143 979 2223 perpetuare
998 2135 1175 2222 exoptant,
1200 2143 1236 2202 ut
1249 2135 1340 2202 nullo
1355 2153 1502 2219 unquam

377 2251 522 2330 tempore
546 2241 645 2308 alicui
670 2243 850 2311 successori
873 2243 978 2330 ipsius
1003 2245 1102 2312 liceat
1121 2249 1283 2310 remutare
1307 2241 1361 2308 rel
1385 2241 1503 2324 aliqua

377 2349 510 2418 racione
526 2355 679 2438 pretensa
696 2369 859 2436 reuocare,
883 2351 1007 2419 scilicet
1023 2357 1059 2418 nt
1078 2349 1241 2418 hereditas
1256 2355 1289 2416 et
1308 2347 1503 2418 dotaiioium

378 2457 498 2546 pluries
518 2455 596 2525 dicti
620 2459 806 2526 nonasterii
831 2463 998 2526 remaneat
1016 2465 1174 2547 perpetuo
1200 2457 1378 2526 munimine
1403 2459 1501 2524 robo-

378 2573 461 2634 rata.
477 2567 547 2634 Nec
561 2565 614 2631 hic
630 2565 691 2633 sub
715 2565 849 2633 silencio
865 2567 1111 2653 pretereundum
1127 2567 1289 2650 duximus,
1306 2563 1393 2650 quod
1411 2565 1502 2632 idem

379 2673 463 2743 lilek
479 2680 604 2761 septem
620 2673 731 2760 capita
746 2693 911 2742 seruorum
927 2695 1066 2760 suorum,
1093 2673 1246 2743 uidelicet
1262 2676 1333 2741 iter
1352 2692 1425 2740 cum
1444 2673 1503 2738 tri-

382 2785 442 2852 bus
457 2779 546 2868 iujo,
561 2781 692 2848 etBeed
707 2801 780 2848 cum
796 2783 921 2851 duobus
932 2782 1018 2867 filijs,
1035 2791 1068 2850 et
1084 2803 1181 2851 unum
1198 2782 1383 2850 libertinum
1406 2801 1503 2849 snum

381 2892 511 2960 nominc
525 2889 699 2975 Andream‚
724 2889 901 2958 existentes
917 2891 950 2957 in
966 2891 1075 2977 sepius
1091 2895 1269 2958 memorata
1292 2889 1504 2977 possessione

382 2999 510 3084 Dijenis
530 2997 711 3084 jamdicto
736 2999 933 3066 Monosterio
957 2999 1067 3066 Sancti
1089 2997 1219 3066 Martini
1243 3018 1302 3084 pre
1327 2997 1446 3082 viginti
1471 3007 1506 3064 et

381 3113 521 3198 quatuor
537 3105 655 3172 marcis
680 3106 808 3189 argenti
824 3103 971 3172 vendidit
981 3107 1057 3192 jure
1072 3113 1227 3194 perpetuo
1245 3110 1279 3174 et
1292 3105 1504 3173 irreuocahili

380 3213 606 3304 possidendos,
623 3219 656 3279 et
671 3213 809 3279 eandem
826 3230 983 3281 summam
999 3214 1137 3300 pecunie
1150 3213 1298 3300 plenarie
1309 3220 1343 3280 et
1361 3211 1506 3298 intcgra-

299 3379 301 3384 .
380 3325 455 3392 liter
470 3321 593 3408 recepit
617 3339 728 3388 coram
741 3321 846 3389 nobis.
873 3321 915 3388 Vt
929 3321 1029 3406 igitur
1043 3321 1139 3408 hujus
1157 3320 1357 3406 donacionis,
1384 3319 1502 3388 rendi·

270 3471 274 3478 ·
383 3430 486 3499 cionis
499 3449 558 3497 seu
573 3426 811 3496 satisfaccionis
835 3429 939 3496 series
956 3431 1053 3497 robur
1068 3435 1222 3517 perpetue
1240 3427 1404 3496 firmitatis
1419 3429 1503 3498 obti-

382 3545 469 3625 neat,
485 3533 737 3624 adpetitionem
760 3535 917 3623 sepedicti
944 3535 1026 3604 lilek
1048 3535 1171 3623 pluries
1196 3533 1283 3604 dicto
1306 3536 1506 3604 Monasterio

384 3650 551 3736 presentes
568 3643 787 3712 concessimus
803 3643 930 3712 litteras
946 3643 1047 3730 sigilli
1063 3644 1165 3713 nestri
1180 3643 1357 3712 munimine
1371 3645 1505 3712 robora·

382 3765 445 3825 tas.
461 3754 556 3821 Anno
571 3749 702 3818 Domini
726 3750 902 3819 millesimo
918 3750 1137 3820 ducentesimo
1161 3751 1436 3836 quinquagesimo
1453 3773 1503 3820 oc·

382 3872 473 3949 ιιιιιι),Δ
486 3859 610 3930 decimo
621 3855 782 3925 kalendas
792 3857 1003 3946 Septembris.
1023 3857 1179 3943 Magistro
1189 3857 1344 3946 Philippo
1353 3859 1503 3928 Ecclesie

383 3981 492 4043 nostre
507 3971 619 4039 illecto
635 3967 709 4035 sule
724 3967 826 4052 Regis
841 3965 1153 4053 Vico-(lancellam,
1177 3968 1335 4054 Gregorio
1351 3967 1502 4053 Canium,

384 4083 548 4150 deliciano
563 4076 714 4165 emtore,
730 4075 903 4146 Ambrosio
921 4079 1053 4146 Decano
1070 4077 1293 4146 existentibus.

546 4275 682 4344 (Rredetie
694 4297 711 4334 a
723 4281 914 4350 pannonhalrni
925 4279 1124 4350 fdcpttsdgnck
1136 4277 1340 4344 icriltiriban.)

819 4583 1072 4595 νου-...ΜΝ
