3112 5148
304 1003 337 1071 A
351 1002 540 1071 darmatasek
549 997 816 1086 radmsfcddrudri
830 996 1051 1086 kooucntjdrrek
1061 995 1334 1084 bizocyedplecela,
1352 999 1438 1086 lopy

305 1109 431 1200 Htpotu
448 1108 586 1178 Gromrok
593 1108 644 1194 flu
660 1107 766 1172 cotos·
783 1105 924 1172 bicotus
940 1104 1134 1171 Konstantia
1143 1101 1314 1190 fetdrodra'
1341 1105 1438 1170 kusc-

681 1213 809 1281 comat
824 1213 943 1281 eladta.
960 1213 1058 1308 1343.

411 1413 482 1480 Nos
498 1409 687 1478 Conuentus
703 1407 855 1474 Fratrum
870 1408 996 1476 Domus
1017 1405 1201 1493 Hospitalis
1223 1404 1266 1473 de
1279 1403 1377 1490 Alba,
1402 1413 1439 1474 et

304 1520 462 1606 Magister
469 1517 661 1586 Ambrosios
676 1514 838 1583 Budensis
854 1513 1037 1582 Canonicus
1048 1511 1222 1580 Generalis
1236 1514 1437 1582 Procurator

304 1626 452 1695 eiusdem
467 1627 592 1693 Domus
607 1623 713 1690 ricem
727 1621 879 1706 Magistri
894 1620 1111 1690 Prouincialis
1126 1639 1255 1706 gerens,
1271 1619 1438 1706 signitica-

305 1753 376 1800 mus
395 1731 556 1800 uniuersis
582 1735 751 1817 presentes
777 1729 905 1798 litteras
930 1727 1136 1815 inspecturis,
1161 1727 1250 1811 quod
1274 1727 1437 1796 accadens

305 1838 350 1908 ad
365 1857 425 1907 nos
441 1837 579 1924 ipolitus
603 1837 690 1903 filins
706 1835 788 1902 cwk
803 1834 975 1922 proposuit
1000 1853 1111 1903 coram
1127 1833 1223 1902 nobis
1247 1832 1326 1900 uina
1341 1853 1436 1918 uoce,

305 1945 482 2031 quodcum
507 1962 668 2012 consensu
684 1943 816 2027 cognati
840 1943 892 2010 sui
907 1941 1002 2009 Pauli
1027 1941 1086 2026 filij
1102 1940 1224 2030 Tarka,
1251 1941 1307 2026 qui
1329 1942 1437 2009 eciam

304 2051 524 2137 personaliter
540 2048 654 2133 astitit,
680 2056 714 2115 et
734 2048 821 2115 idem
846 2047 1034 2134 affirmauit,
1060 2053 1307 2119 totam.terram
1329 2068 1436 2134 suam,

304 2176 366 2223 nec
380 2175 447 2224 non
469 2155 622 2236 fenetum,
650 2161 683 2220 et
697 2153 804 2221 locum
821 2152 1008 2238 molendini,
1034 2171 1075 2218 ac
1091 2172 1219 2219 omnem
1245 2154 1436 2239 porcionem

305 2263 532 2353 possessionis,
544 2282 642 2348 qnam
652 2261 797 2328 habebat
811 2262 845 2328 in
861 2261 960 2330 licha
971 2279 1173 2329 communem
1189 2282 1264 2329 cum
1279 2261 1366 2330 dicto
1382 2283 1437 2331 co·

304 2377 405 2458 gnato
420 2391 478 2439 suo
494 2371 610 2455 Panlo,
636 2389 696 2436 seu
712 2367 854 2436 diuisam
870 2375 903 2434 et
918 2374 1103 2454 separatam
1118 2369 1161 2434 ab
1178 2367 1304 2454 codem,
1320 2367 1436 2435 vendi·

305 2477 409 2548 disset
434 2497 494 2564 pro
519 2476 692 2546 duodecim
722 2475 841 2544 marcis
867 2483 1004 2560 argento
1030 2476 1189 2560 Magistro
1216 2476 1434 2543 constantino

304 2585 441 2654 Albensi
466 2584 632 2652 Canonioo
660 2583 754 2650 metis
770 2583 913 2667 undique
940 2575 1083 2668 antiquis
1108 2583 1322 2667 assignatam,
1349 2603 1436 2653 com·

305 2693 466 2760 metaneis
482 2693 516 2759 in
533 2690 727 2757 circuioione
752 2689 840 2758 dicte
856 2697 941 2758 terre
957 2689 1101 2774 unffique
1118 2691 1384 2776 comparentibus
1401 2699 1437 2760 et

305 2821 371 2867 non
386 2797 689 2882 contradicentibus,
707 2797 791 2864 sicut
801 2798 907 2883 patuit
922 2799 1018 2866 nobis
1035 2797 1267 2884 perhominem
1285 2806 1437 2866 nostrum

305 2904 505 2990 fidedignum
530 2923 628 2989 super
644 2903 752 2989 ipsam
776 2911 896 2971 terram
912 2905 1130 2988 destinatum
1157 2905 1303 2989 precium
1326 2905 1437 2972 eciam

306 3013 453 3081 eiusdem
478 3016 563 3077 terre
588 3009 695 3077 dictus
711 3011 850 3096 Ipolitns
877 3011 1045 3079 confessus
1062 3017 1164 3078 estse
1179 3012 1322 3078 totaliter
1346 3030 1438 3079 rece·

304 3121 404 3206 pisse,
422 3117 541 3204 partim
556 3117 591 3183 in
606 3119 705 3185 rebus
720 3137 780 3205 per
788 3119 877 3186 viros
894 3119 1031 3186 idoneos
1048 3118 1244 3205 estimatum,
1262 3118 1384 3204 partim
1399 3119 1438 3186 in

304 3233 451 3310 argento.
477 3223 714 3307 Obligauerunt
739 3225 872 3312 insuper
887 3245 932 3311 se,
954 3231 987 3292 et
1002 3245 1062 3293 sna
1077 3227 1175 3310 bona,
1201 3231 1234 3293 et
1249 3243 1327 3294 suos
1342 3226 1438 3293 here-

304 3333 374 3418 des,
389 3331 530 3418 Ipolitns
546 3330 700 3398 videlicet
725 3338 758 3398 et
774 3332 897 3398 Paulus
922 3331 1102 3418 supradicti
1128 3333 1227 3398 simul
1251 3338 1284 3398 et
1299 3331 1333 3397 in
1360 3331 1439 3400 soli-

304 3440 392 3524 dum,
417 3439 505 3524 qnod
520 3439 549 3505 si
564 3457 722 3524 processu
744 3437 902 3523 temporis
918 3456 939 3502 a
954 3437 1113 3522 Magistro
1130 3436 1344 3506 Constantino
1369 3438 1439 3525 ipsi

302 3546 543 3632 possessionem
560 3549 673 3626 totam,
691 3549 748 3610 aut
763 3552 891 3630 partam
907 3543 1054 3612 eiusdem
1064 3545 1229 3631 quispiam
1245 3545 1438 3630 requireret,

302 3653 398 3720 ambo
414 3651 480 3738 ipsi
496 3671 570 3719 eam
595 3649 701 3716 modis
717 3651 869 3718 omnibus
892 3669 968 3717 cnm
986 3650 1130 3738 propriis
1146 3653 1299 3737 expansis
1324 3649 1439 3722 deien-

302 3764 380 3831 dere
395 3770 428 3829 et
442 3761 581 3829 liberare
598 3761 815 3846 tenebuntur,
843 3759 990 3847 alioquin
1006 3760 1115 3846 ipsam
1129 3761 1313 3848 pecuniam,
1337 3767 1370 3827 et
1385 3767 1439 3830 to·

301 3877 369 3938 tom
385 3871 531 3938 valorem
544 3869 754 3954 edificiorum,
771 3888 811 3936 ac
824 3887 936 3936 omnes
953 3869 1036 3934 alias
1047 3886 1220 3954 expensas,
1238 3886 1320 3950 quas
1336 3867 1439 3934 inter-

303 3977 381 4046 dum
397 3978 504 4046 dictus
514 3977 673 4060 Magister
688 3975 813 4062 iecerit,
830 3976 938 4043 eidem
956 3975 998 4044 de
1014 3975 1090 4060 alijs
1106 3973 1200 4042 bonis
1215 3994 1327 4043 eorum
1342 3975 1439 4042 resti-

301 4092 402 4169 tuent,
418 4084 552 4152 racione
562 4082 711 4167 qualibet
725 4103 792 4151 non
802 4083 965 4151 obstante.
986 4081 1056 4151 Nos
1072 4081 1171 4168 igitur
1180 4081 1225 4149 ad
1238 4081 1440 4169 peticionem

301 4199 334 4260 et
348 4191 545 4259 instanciam
554 4189 726 4277 utriusque
735 4191 853 4277 partis,
870 4190 947 4275 quia
956 4189 1122 4277 proprium
1132 4189 1439 4274 sigillumnostrnm

300 4307 371 4367 erat
386 4297 421 4362 in
435 4297 601 4364 maritima
610 4305 745 4386 propter
755 4307 874 4366 metum
884 4301 1107 4384 Tartarorum
1123 4296 1251 4365 litteras
1261 4305 1437 4384 presentes

301 4399 469 4491 sepedicto
479 4402 638 4488 Magistro
649 4402 864 4472 Constantino
880 4405 1101 4474 concessimus
1110 4405 1145 4473 in
1159 4403 1384 4474 testimonium
1400 4413 1441 4474 et

302 4511 493 4598 perpetuam
517 4507 712 4594 firmitatem,
740 4512 851 4580 fratris
866 4512 993 4581 Julioni
1017 4510 1182 4597 Custodis,
1207 4511 1320 4581 fratris
1345 4511 1442 4583 che
