3122 5154
324 1091 451 1156 Amold
459 1090 652 1176 aulamoyyoi
661 1086 810 1174 sdiopdu,
828 1085 928 1152 aweit
940 1086 1079 1154 notatae
1090 1085 1320 1172 voaatkoadlap
1330 1080 1464 1164 Mitoty

324 1207 435 1262 medor
449 1194 603 1262 dimotos
626 1193 780 1281 Wproatt
796 1192 986 1260 otrtokooat
1009 1193 1174 1260 ordsrakoa
1190 1193 1400 1278 casaperota
1416 1197 1459 1252 tc-

328 1301 492 1368 ltr‘ntetdbdl
508 1301 690 1389 quctkaot
705 1300 980 1368 iatatmoskodoui
995 1299 1188 1368 banetacan
1209 1297 1463 1382 dmararctalja.

843 1409 943 1474 1239.

431 1603 599 1673 Aruoldus
616 1603 732 1672 comes
750 1603 792 1668 de
808 1603 891 1668 Zala
916 1603 1066 1670 omnibus
1082 1601 1203 1670 Christi
1218 1601 1366 1670 fidelibus
1382 1619 1457 1687 pre-

327 1730 403 1778 ssus
419 1712 574 1800 scriptum
583 1709 779 1797 inspecturis
796 1709 979 1778 salutemiu
995 1711 1111 1778 salutis
1127 1711 1295 1797 largitore.
1320 1707 1372 1776 Ad
1387 1708 1459 1774 nui·

326 1837 492 1888 nemorum
508 1819 627 1886 Sancto
642 1817 757 1885 Matris
774 1817 922 1884 Ecclesia
947 1817 1087 1886 tiliorum
1111 1819 1262 1887 uolumus
1282 1815 1461 1903 peruenire

325 1925 490 2010 noticiam,
517 1927 605 2010 quod
630 1925 725 2013 Opoy
750 1926 862 1992 Bonus
888 1925 994 1995 tocius
1018 1927 1192 1994 Solauouis
1216 1943 1362 2009 cansam,
1390 1942 1461 2006 que

325 2034 515 2100 uertebatur
538 2034 623 2100 inter
646 2034 840 2118 Magistrum
866 2032 1059 2102 Michaolcm
1083 2033 1217 2102 fratrem
1241 2028 1354 2099 Buaad
1369 2029 1459 2097 Boni

326 2158 368 2236 ex
383 2159 449 2206 una
464 2145 560 2226 parte
576 2160 674 2228 super
690 2139 915 2209 destruccione
942 2139 1046 2228 prodij
1063 2143 1118 2208 siti
1133 2141 1218 2207 inter
1234 2141 1315 2207 duos
1335 2137 1464 2206 fluuios

325 2247 461 2344 Droaha
484 2245 639 2314 uidelicet
655 2253 688 2314 et
702 2247 870 2314 Zurathka
893 2249 1025 2316 nomine
1041 2246 1223 2335 Wyumeth,
1240 2253 1273 2314 et
1288 2245 1462 2331 Egyvtkrr

325 2354 499 2442 Wclchyk,
516 2354 628 2425 Othok
644 2377 683 2423 ac
708 2364 921 2442 cognatorum
947 2357 1123 2425 eorundem
1148 2378 1189 2424 ex
1205 2358 1319 2443 altera,
1343 2359 1458 2424 nostro

324 2464 506 2532 transmisit
531 2467 696 2533 sentencie
722 2465 942 2550 iudicandam,
969 2466 1184 2535 ordinandam
1209 2473 1242 2534 et
1257 2465 1331 2552 paci
1354 2461 1456 2531 rofor-

235 2627 241 2635 .
325 2575 488 2641 mandam.
505 2573 574 2642 Nos
591 2574 691 2658 igitur
701 2574 848 2642 uolentes
861 2582 1092 2644 causamterre
1107 2574 1256 2662 inprimis
1270 2572 1461 2659 exquirere,

325 2680 368 2746 ad
383 2687 506 2746 terram
533 2681 755 2768 supradictam
781 2683 989 2766 accessimus,
1016 2682 1210 2749 descensum
1234 2681 1393 2748 facientes
1419 2681 1458 2746 in

326 2785 423 2855 domo
448 2789 632 2871 Petruzlov,
658 2787 846 2856 conuocatis
870 2789 1020 2856 omuibus
1036 2789 1268 2860 commetaneis
1288 2796 1320 2854 et
1342 2807 1458 2874 parro-

325 2893 462 2980 chianis,
478 2901 512 2961 et
528 2893 678 2961 omnibns
694 2894 772 2983 alijs
788 2895 868 2964 uiris
883 2894 1023 2982 ydoneis
1040 2903 1072 2963 et
1087 2896 1252 2966 nobilibus
1275 2893 1455 2962 circumad-

324 3000 518 3085 iaoeutibus,
545 2999 707 3068 noluimus
733 3019 867 3068 caumm
893 3001 1116 3090 supradictam
1142 3002 1297 3085 iudicare,
1318 3001 1456 3068 interro

326 3114 443 3192 gantos
467 3107 661 3192 Magistrum
683 3107 887 3196 Michaelem,
914 3111 1055 3195 qualiter
1080 3118 1202 3178 terram
1227 3107 1457 3198 supradictam

326 3211 537 3301 possedisset.
556 3211 620 3292 Qui
636 3213 731 3301 dixit,
748 3235 784 3282 se
800 3215 870 3284 inre
887 3217 1066 3303 empcionis
1076 3218 1319 3304 possessionem
1335 3235 1459 3282 memo-

324 3328 430 3388 ratam
445 3321 653 3409 possediss03
671 3329 704 3388 et
720 3341 818 3408 super
833 3324 894 3392 hoc
911 3325 1040 3392 litteras
1057 3325 1280 3412 priuilegiales
1299 3323 1456 3390 Illustris-

329 3429 404 3496 simi
419 3430 455 3495 B.
466 3429 531 3498 Dei
546 3429 659 3516 gracia
667 3429 768 3514 Regis
786 3431 964 3518 Hungarie,
984 3439 1016 3499 et
1026 3433 1168 3519 Capituli
1178 3429 1460 3518 Wesprimiensis,

327 3519 467 3630 necnon
484 3543 516 3604 et
531 3535 688 3624 Episcopi
704 3535 850 3606 eiusdem
865 3540 929 3607 loci
944 3539 1141 3607 venerabilis
1164 3539 1268 3626 patris
1285 3535 1458 3621 exhibuit;

327 3661 409 3728 quas
419 3664 478 3710 nos
494 3645 528 3710 in
544 3642 716 3730 presencia
725 3646 867 3712 omnium
882 3647 929 3712 ibi
945 3647 1169 3734 existeuoium,
1190 3654 1223 3713 et
1237 3645 1271 3711 in
1280 3643 1460 3732 presencia.

324 3751 481 3839 Egyutlrv
505 3771 545 3818 ac
570 3759 782 3836 cognatorum
807 3753 963 3838 eiusdem,
990 3762 1023 3822 et
1046 3757 1081 3822 in
1105 3753 1277 3841 presencia
1300 3751 1456 3839 pristaldi

324 3859 605 3928 Excellentessimi
621 3857 657 3925 0.
674 3859 785 3946 Regis,
803 3861 905 3928 Ducis
922 3863 1027 3929 tocius
1043 3861 1227 3943 Sclsuouie,
1252 3859 1384 3927 nomine
1400 3859 1455 3924 Al-

322 3969 405 4038 bcrti
432 3968 473 4037 de
488 3967 568 4034 uilla
583 3967 694 4034 Sancti
710 3965 844 4052 Georgij
861 3989 920 4053 pro
937 3989 987 4053 eo,
1005 3989 1069 4055 quo
1086 3969 1192 4035 dictus
1207 3967 1247 4034 Ε.
1264 3975 1297 4034 et
1319 3967 1455 4052 cognati

323 4077 373 4143 sui
397 4083 518 4144 terram
543 4077 689 4160 ipsorum
714 4073 748 4139 in
773 4074 833 4140 illa
857 4081 946 4142 terra
971 4096 1030 4162 por
1046 4076 1239 4160 Magistrum
1256 4073 1454 4140 Michaelem

323 4185 481 4250 uiolenter
505 4187 671 4268 receptam
686 4199 761 4247 esse
778 4177 942 4267 dicabant,
970 4183 1071 4250 uerbo
1089 4182 1133 4247 ad
1151 4181 1288 4249 uerbum
1312 4180 1456 4248 fecimus

323 4291 468 4374 perlegi3
486 4308 568 4374 quas
584 4309 658 4355 oum
674 4287 780 4356 omnis
792 4289 964 4359 multitudo
980 4311 1046 4356 una
1061 4309 1133 4356 cum
1148 4288 1231 4373 ipsis
1242 4289 1280 4354 Ε.
1296 4287 1455 4354 uidelicet

323 4402 356 4462 et
371 4397 520 4478 cognatis
546 4398 616 4465 eius
630 4397 819 4481 audiuisset,
837 4398 1109 4484 interrogauimus
1135 4396 1276 4481 eosdem,
1302 4395 1331 4463 si
1347 4396 1454 4478 nagi-

322 4503 484 4570 steriustc
510 4511 541 4570 ct
555 4505 700 4588 legitime
724 4505 818 4572 illam
833 4511 954 4573 terram
979 4506 1191 4591 possedisset,
1217 4509 1249 4571 et
1271 4501 1457 4588 priuilegia

321 4612 468 4696 perlecta
484 4617 593 4677 esseut
617 4612 702 4678 iuste
717 4619 750 4678 ct
764 4613 910 4696 legitime
925 4615 1056 4682 collata.
1081 4613 1145 4692 Qui
1160 4612 1193 4678 in
1209 4611 1299 4678 nullo
1314 4609 1451 4696 priuile-
