3112 5148
777 287 935 385 Q—

289 463 478 548 pensioncm
495 461 529 527 in
544 462 693 530 terminis
710 462 831 531 adhoc
848 464 1000 550 superius
1017 463 1192 550 deputatis.
1212 465 1318 546 Quam
1334 467 1423 536 solu-

289 571 415 637 cionem
431 570 460 636 si
475 569 622 656 prelatus
638 570 797 655 Magister
812 570 930 658 Adam,
955 572 1008 638 ucl
1025 573 1096 638 eius
1111 573 1249 642 heredes
1273 577 1423 661 neglige-

289 685 368 766 rent,
397 681 451 745 uel
467 679 551 745 alias
568 679 602 744 in
629 678 816 764 prescriptis
841 678 987 746 terminis
1013 679 1123 746 facere
1139 691 1338 769 recusarent,
1363 685 1422 750 uel

288 807 369 873 opus
385 788 451 854 ium
467 786 589 852 dictum
605 791 727 852 statuto
744 793 890 874 tempore
905 806 971 853 non
987 788 1196 875 conplerent;
1217 791 1287 876 ipsc
1304 798 1336 856 ct
1350 791 1421 875 ipsi

287 893 425 961 heredes
441 899 559 959 extunc
584 892 753 980 priuentur
766 891 836 959 iure
851 893 997 979 predicte
1013 893 1252 981 conduccionis,
1280 897 1421 964 licitum-

288 1021 350 1087 que
366 1001 409 1068 sit
424 1001 518 1068 nobis
534 1001 568 1066 in
585 1001 722 1067 alteram
750 1021 975 1086 quamcunque
990 1003 1188 1068 uoluerimus
1204 1010 1332 1089 partem
1347 1025 1423 1090 pre·

287 1109 408 1176 dictam
423 1108 602 1175 transferre
614 1107 826 1194 locucionem,
843 1117 876 1176 et
891 1108 1119 1177 nichilominus
1135 1111 1200 1196 ipsi
1215 1110 1259 1176 ad
1270 1111 1420 1197 dampna

288 1222 320 1284 et
334 1217 494 1284 interesse
504 1222 687 1283 teneantur.
705 1217 801 1283 Dicta
815 1224 925 1284 autem
936 1217 1075 1302 edificia,
1093 1218 1122 1284 si
1142 1219 1254 1302 aliqua
1269 1219 1420 1303 indigue·

287 1325 352 1392 rint
377 1325 601 1412 reparatione,
619 1324 662 1390 ab
678 1323 737 1390 illa
752 1323 814 1410 die,
841 1343 907 1408 qua
926 1325 1090 1410 completa
1116 1331 1219 1410 crunt,
1245 1347 1348 1412 usque
1373 1327 1422 1392 ad

261 1497 263 1501 ,
286 1436 382 1501 finem
398 1433 546 1500 vicesimi
561 1432 649 1519 anni,
666 1430 753 1498 idem
769 1432 927 1516 Magister
942 1431 1048 1499 Adam
1065 1435 1117 1500 ucl
1135 1435 1206 1501 eius
1222 1435 1358 1502 heredes
1375 1455 1421 1500 ea

286 1541 429 1628 proprijs
446 1540 599 1627 expensis
625 1541 759 1606 reficere
774 1545 964 1626 tencantur·;
981 1547 1013 1606 ct
1029 1541 1057 1608 si
1072 1541 1149 1626 igne
1170 1541 1313 1628 proprio,
1329 1542 1422 1626 quod

287 1651 384 1734 absit,
401 1655 624 1733 exurerentur,
652 1649 802 1716 similiter
817 1669 859 1715 ea
875 1649 1017 1735 propriis
1033 1651 1188 1735 expensis
1204 1650 1359 1717 reficiant.
1380 1651 1422 1717 Si

285 1777 363 1824 uero
380 1757 456 1841 igne
473 1757 590 1842 alieno,
619 1757 673 1822 uel
688 1757 828 1824 hostium
847 1757 970 1823 insultu
986 1757 1245 1845 deuastarentur,
1272 1765 1349 1824 ωηο
1365 1780 1420 1826 su-

286 1885 345 1951 pcr
360 1866 573 1953 reparacicne
588 1884 699 1930 corum
715 1864 820 1948 Regni
832 1863 1040 1932 consuedndo
1057 1862 1143 1954 (lgy)
1162 1868 1362 1934 obscruetur.
1379 1867 1421 1933 Si

289 1980 398 2040 antem
423 1974 572 2040 omnibus
598 1970 795 2058 supradictis
811 1973 872 2038 rite
897 1972 1048 2058 peractis,
1075 1973 1240 2059 sepefatus
1257 1976 1421 2058 Magister

287 2082 405 2165 Adam,
423 2081 476 2147 uel
492 2082 561 2146 eius
578 2078 714 2147 heredes
730 2081 876 2164 legitimi,
897 2083 1058 2168 completo
1074 2089 1220 2168 tempore
1234 2083 1419 2170 sepenomi-

285 2196 363 2255 nate
390 2187 578 2270 locucionis,
595 2186 712 2271 viginti
737 2207 894 2255 annorum
920 2188 1083 2274 videlicet,
1111 2189 1334 2276 supradictam
1360 2189 1419 2257 do-

283 2315 371 2362 mum
388 2315 461 2361 cum
489 2293 648 2360 edificatis
665 2294 698 2360 in
715 2293 788 2380 ipse
813 2295 855 2360 de
871 2315 956 2363 nouo
972 2295 1188 2363 reconducere
1211 2298 1342 2364 anobis
1358 2317 1419 2365 uo-

281 2405 420 2490 luerint3
446 2404 532 2471 bona
557 2401 621 2469 fide
647 2402 867 2488 promittimus
890 2402 997 2470 eidem
1012 2405 1171 2492 Magistro
1188 2406 1270 2491 Ade,
1295 2426 1354 2473 suc
1379 2413 1418 2472 et

282 2508 437 2578 heredum
463 2529 595 2577 suorum
620 2509 752 2577 nominc
779 2509 959 2596 stipulanti,
985 2511 1072 2594 quod
1092 2533 1152 2598 pro
1176 2532 1217 2578 ca
1244 2513 1417 2600 pensione,

282 2641 381 2705 qnam
407 2625 484 2685 tnnc
500 2619 619 2703 aliquis
645 2618 730 2684 alius
747 2617 923 2685 conductor
943 2617 1083 2706 offerret,
1109 2620 1223 2686 nonin
1249 2620 1413 2706 fraudem,

281 2727 364 2813 ipsis
391 2726 506 2791 eadem
531 2725 750 2808 relinquemus
778 2732 811 2791 ct
835 2725 1025 2812 locabimus,
1058 2728 1196 2812 quilibet
1222 2725 1307 2816 (lgy)
1333 2727 1414 2796 aliis

282 2833 531 2904 conductoribus
547 2852 604 2900 cos
620 2839 775 2918 quantum
787 2833 831 2901 ad
846 2834 907 2900 hoc
923 2836 1144 2920 preponendo.
1163 2837 1249 2903 Etsi
1266 2837 1338 2922 ipsc
1355 2837 1412 2905 uel

281 2944 350 3010 eius
366 2939 505 3009 heredes
530 2948 606 3008 tuuc
620 2943 745 3009 nollent
763 2942 884 3009 dictam
901 2941 1032 3009 domum
1056 2942 1283 3032 reconducere,
1309 2953 1410 3032 prout

281 3053 346 3118 iam
372 3050 493 3116 (lictum
508 3055 578 3135 cst;
605 3049 704 3114 liceat
719 3049 814 3116 uobis
841 3049 934 3116 alteri
950 3069 1091 3135 persone
1114 3071 1187 3118 eam
1212 3053 1322 3120 locare
1347 3073 1413 3138 pro

279 3165 389 3225 nostre
404 3157 497 3225 libito
513 3158 701 3226 voluntatis.
727 3160 770 3224 Et
784 3164 820 3224 ut
835 3177 970 3244 presens
993 3165 1179 3228 contractus
1195 3163 1294 3228 robur
1303 3155 1407 3228 'firmi-

279 3267 358 3334 tatis
375 3265 531 3352 obtineat,
557 3273 726 3353 presentes
743 3265 870 3334 litteras
886 3265 989 3352 sigilli
1004 3268 1107 3352 nostrj
1132 3266 1281 3334 dedimus
1304 3269 1412 3335 muni-

278 3375 557 3460 mineroboratus,
574 3381 608 3441 et
622 3375 665 3442 ad
681 3376 843 3442 cautelam
856 3374 1041 3442 consimiles
1058 3395 1131 3443 curn
1141 3375 1286 3446 alfabeto
1303 3398 1411 3463 penes

279 3503 340 3549 uos
356 3482 556 3550 retinuimus.
572 3481 688 3549 Actum
705 3482 860 3567 Strigcnij
881 3483 915 3548 in
932 3482 1074 3550 ecclesia
1093 3483 1204 3550 Sancti
1221 3483 1409 3572 Adalberti,

278 3611 363 3658 anno
381 3591 549 3658 Dominicc
564 3590 807 3658 incarnacionis
826 3589 1000 3658 millesimo
1027 3590 1250 3660 ducentesimo
1267 3593 1411 3676 quadra—

278 3699 402 3785 g’csimo
426 3698 579 3784 secundo,
606 3717 716 3765 mense
741 3696 902 3785 Octobris,
930 3697 963 3764 in
988 3697 1073 3766 festo
1101 3699 1212 3766 Sancti
1232 3699 1409 3770 Michaelis

275 3809 483 3896 Archangeli.
1136 3837 1138 3842 ·

589 3915 1090 3983 ABODE

380 4113 431 4182 (Aa
443 4115 544 4168 eredeti
556 4113 624 4170 attin
636 4116 732 4168 Knaun
744 4112 864 4180 Mentior,
876 4115 992 4180 Megyar
1004 4113 1070 4167 Sion
1083 4115 1119 4164 11.
1132 4113 1189 4166 ket.
1203 4114 1264 4166 tal.
1278 4113 1307 4182 l.)

705 4443 963 4454 ..α-Ἣ
