3102 5160
830 243 986 348 23⁸..

347 465 407 532 pre
423 467 481 516 soe
498 465 556 512 vsu
581 451 667 512 terra
691 440 810 509 arabili
835 433 1014 524 indigebat,
1042 438 1138 506 iestis
1151 437 1298 506 eiusdem
1323 438 1484 524 precibus

349 571 541 620 consensum
557 549 730 635 prebentes
747 553 781 614 et
800 545 1000 629 fauorem,et
1015 565 1088 614 eum
1103 543 1236 629 nehisp
1258 579 1295 592 -
1317 577 1354 592 -
1377 578 1416 592 -
1443 579 1485 592 -

353 689 996 711 -----------
1024 651 1244 736 constitisset,
1270 651 1342 720 sine
1364 670 1490 736 grena-

350 770 436 836 mine
452 765 560 836 (taetri
576 763 722 832 eiusdem
739 769 771 830 et
786 761 1006 830 habitatorum
1027 761 1131 846 ipsios
1146 768 1233 828 terre
1255 764 1382 826 tantam
1406 777 1488 844 per·

351 877 475 944 cionem
492 873 532 940 de
547 869 768 940 eacemmode
784 889 893 956 perse
908 888 946 938 eo
965 888 1486 918 ---------

354 1021 390 1032 -
413 1019 450 1032 -
473 1017 509 1030 -
529 985 685 1068 perpetue
702 979 771 1046 iure
797 977 948 1047 donimus
963 976 1203 1046 conterendam.
1229 976 1267 1042 ln
1283 975 1375 1044 cuius
1395 979 1489 1041 terre

350 1089 592 1178 possessionem
601 1085 819 1172 temporalem
836 1105 893 1172 per
910 1085 1048 1154 eundem
1065 1085 1267 1171 Stephanum
1281 1083 1488 1168 Palatinum,

351 1199 496 1266 Iudicem
513 1194 611 1264 Ourie
619 1202 728 1263 nostre
748 1225 1202 1242 --------
1221 1189 1320 1257 nullis
1335 1209 1487 1274 unquam

351 1304 551 1392 temporibus
567 1321 626 1390 per
641 1301 828 1386 qnempiam
844 1301 877 1368 in
893 1299 1021 1368 irritum
1040 1300 1151 1368 valeat
1166 1297 1337 1366 retraetari
1357 1299 1391 1364 in
1407 1317 1487 1383 per·

352 1421 483 1500 petuam
507 1412 555 1480 rei
580 1408 859 1478 confirmacionem
884 1413 1054 1493 presentes
1082 1443 1119 1456 -
1141 1441 1188 1472 -.
1201 1441 1238 1454 -
1260 1441 1298 1454 -
1320 1439 1357 1454 -
1379 1439 1417 1454 ·-
1437 1439 1486 1454 -

356 1555 630 1571 -----
658 1537 743 1584 anno
769 1516 900 1584 Domini
916 1514 1039 1583 M⁰00⁰
1049 1513 1214 1599 xmvir,
1239 1513 1345 1598 Regni
1370 1518 1487 1581 autern

352 1630 454 1698 nestri
468 1648 553 1697 anno
579 1624 779 1695 duodecime.

420 1827 477 1895 siv.
491 1825 559 1880 sela
571 1822 716 1894 kirtiynak
731 1823 841 1876 rats-tri
855 1819 1016 1888 megerdsltd
1029 1815 1219 1886 ohmtnylbdl,
1233 1821 1301 1870 mint
1314 1815 1417 1884 eldbh.)

795 2125 1050 2140 ...αισι-Ι...-

889 2642 964 2712 ret.

361 2857 382 2921 I
386 2855 420 2922 V.
437 2855 516 2919 Belo
539 2851 642 2936 huelp
663 2847 702 2932 Uj
719 2845 807 2932 Chep
822 2848 901 2911 necet
917 2841 1021 2928 fdldet
1045 2841 1169 2908 Beeeed
1187 2837 1300 2904 Meas
1317 2857 1414 2901 eomes
1422 2835 1493 2917 fia'-

702 2955 765 3022 aab
782 2955 1024 3038 odoeertapozaa.
1042 2944 1141 3014 1247.

482 3158 563 3225 Boia
583 3155 645 3222 Dei
664 3152 778 3239 gracia
794 3148 973 3234 Hungarie,
993 3141 1176 3228 Dalmaeie,
1202 3138 1349 3227 Oroaeie,
1375 3138 1496 3216 Reme,

359 3269 482 3352 Seruio,
500 3263 650 3347 Gallicis,
666 3258 870 3343 benemoria,
886 3254 1105 3340 Gemanieqne
1113 3253 1184 3320 Rex
1193 3245 1356 3318 uniuersis
1366 3241 1498 3312 Christi

360 3375 511 3445 fidelihus
520 3389 655 3458 presens
670 3368 825 3456 scriptum
838 3361 1033 3452 inspeetnris
1049 3361 1231 3431 salutemet
1246 3353 1496 3424 omnebonum.

361 3484 491 3564 Quanto
507 3481 641 3569 Regalis
660 3477 870 3567 prouidencia
885 3481 1011 3542 eeteros
1026 3467 1176 3558 precellit
1198 3465 1333 3534 racione
1350 3461 1495 3547 dignita-

361 3593 414 3678 tis,
437 3597 529 3660 tanto
545 3608 586 3656 ea
610 3605 672 3672 qne
696 3605 754 3672 per
779 3601 917 3652 examen
940 3577 1052 3663 iudieij
1069 3574 1174 3662 ipsios
1200 3571 1261 3640 rite
1286 3589 1326 3637 ae
1351 3565 1498 3654 prouida

362 3701 586 3788 disponuntur,
607 3694 738 3764 firmiori
754 3691 874 3759 debent
890 3687 1004 3756 robore
1027 3682 1179 3767 stabilirj.
1202 3675 1343 3748 Proinde
1358 3671 1402 3742 ad
1420 3676 1494 3742 uni-

362 3828 529 3881 uersorum
555 3805 710 3874 noticiam
726 3800 898 3890 peruenire
922 3797 1072 3868 notumne
1097 3787 1302 3880 presencium
1319 3803 1377 3872 per
1402 3791 1496 3851 tene-

361 3939 441 4003 rem,
458 3915 545 4005 qned
562 3935 634 3982 enm
651 3933 710 3982 nos
727 3911 762 3977 in
779 3904 1117 3994 recompensacionem
1128 3895 1297 3968 fidelitatis
1313 3900 1346 3962 et
1361 3890 1498 3974 seruieij

362 4026 494 4096 Beeend
519 4023 654 4094 Comitis
673 4020 731 4107 fiiij
748 4017 887 4102 Nicolai,
912 4015 968 4098 qui
993 4017 1126 4100 prepter
1141 4008 1313 4076 innumera
1340 3998 1499 4068 uirtutum

363 4135 481 4203 merita
505 4151 615 4201 ceram
651 4127 754 4198 oeulis
779 4131 890 4194 nostre
915 4117 1099 4190 Maiestatis
1125 4113 1243 4184 meruit
1272 4103 1503 4177 commendari

363 4263 404 4311 ex
430 4241 601 4326 condigno,
628 4235 792 4322 quandam
818 4243 936 4302 terram
963 4228 1093 4297 nemine
1118 4222 1246 4309 Wyeap
1273 4219 1306 4288 in
1330 4214 1500 4289 Gemitatu

365 4347 601 4418 Trinebiniensi
618 4346 819 4428 existentem,
840 4341 902 4411 sibi
918 4357 1025 4424 aeper
1041 4356 1113 4404 enm
1126 4332 1195 4400 suis
1212 4325 1389 4396 heredibus
1407 4324 1502 4392 here-

365 4455 759 4539 dnmqnesnecesseribns
771 4431 1504 4533 duxissemusperpetneeenferendam3acce-

366 4561 519 4638 dentibus
535 4561 742 4646 postmodum
759 4561 802 4629 ed
817 4555 1023 4646 presenciam
1039 4559 1185 4621 nestram
1206 4541 1377 4614 sacerdote
1394 4539 1502 4606 Rach-
