3148 5156
592 946 670 1016 299.

90 1127 107 1190 i
111 1127 136 1192 V.
149 1128 223 1194 Be'lu
246 1129 351 1214 kiroty
368 1149 388 1191 a
405 1125 492 1194 Orat
517 1133 661 1192 contenet
681 1151 701 1191 c
716 1127 835 1194 Gara-i
858 1129 973 1194 cdrdoz
999 1135 1116 1195 tartozd
1140 1130 1194 1195 hat

218 1241 385 1322 aemzetcc'p
398 1235 479 1300 kdzti
494 1235 779 1324 cppertctlenae'qektt
794 1238 922 1302 clinte'ci.
943 1235 1038 1302 1256.

177 1429 295 1516 (mula
304 1429 368 1498 Dei
384 1430 498 1516 gracia
514 1429 691 1515 Hungarie,
704 1431 887 1517 Dalmatio,
904 1431 1070 1518 Gronaoie,
1081 1434 1192 1517 Rame,

86 1538 187 1624 Scruie,
199 1536 348 1624 Gallicie,
359 1537 564 1622 Lcdomerie,
574 1537 794 1624 Cumanicqne
804 1540 874 1606 Rex
884 1539 1047 1607 uniuersis
1061 1559 1191 1626 preeun-

87 1650 126 1710 tea
139 1645 261 1713 litteras
283 1645 479 1734 inspecturis
500 1646 641 1713 salutern
663 1645 698 1712 iu
713 1646 855 1714 omnium
873 1647 1049 1714 calcatore.
1074 1649 1189 1716 Excel-

85 1750 175 1820 leucia
187 1753 293 1839 Regia
309 1753 463 1838 remedijs
478 1751 658 1838 inuigilane
675 1753 895 1822 subiectorum
910 1755 994 1822 solet
1010 1775 1052 1822 ea
1068 1755 1189 1824 littera-

85 1878 141 1925 mu
154 1861 337 1929 testimonio
361 1861 527 1946 roborare,
553 1881 615 1946 que
639 1862 785 1946 legitime
808 1861 1033 1948 terminantur,
1059 1883 1101 1930 nc
1124 1863 1190 1949 hijn

85 1985 222 2051 processu
245 1976 427 2056 temporum
453 1969 487 2034 in
511 1969 639 2037 irritum
663 1972 825 2038 reuocatis
848 1969 982 2038 ueritati
1009 1969 1190 2057 preiudioet

84 2075 206 2162 fulcitae,
223 2083 255 2144 et
270 2076 428 2164 iniquitas
450 2079 619 2165 preualeat
633 2079 781 2164 equitati.
806 2079 946 2146 Proinde
961 2079 1006 2147 ad
1020 2082 1188 2148 uniuerso-

85 2203 143 2252 rum
155 2186 308 2255 noticiam
321 2193 434 2257 tenore
443 2189 646 2275 presencium
658 2189 809 2256 uolumus
824 2187 1003 2276 peruenire,
1020 2189 1189 2273 quodcum

85 2300 145 2377 poet
157 2313 318 2362 recensum
326 2296 537 2363 Tartarorum
552 2316 614 2382 pro
629 2295 823 2364 reuocandis
838 2295 962 2364 iuribus
973 2295 1082 2364 Gaatri
1096 2295 1187 2363 inde-

83 2399 138 2467 bite
158 2403 323 2489 occupatio
348 2421 406 2489 per
430 2408 533 2472 totum
548 2405 696 2488 Regnum
721 2411 867 2472 ucetmm
891 2399 1039 2472 diuersos
1063 2403 1188 2470 iudices

83 2509 284 2596 uieimemue3
305 2511 389 2578 inter
404 2516 530 2580 ceteros
545 2510 639 2578 char
651 2511 768 2578 Oomee
784 2509 825 2578 dc
835 2509 925 2577 Gara
940 2509 1062 2576 ensifer
1076 2514 1188 2576 notter

83 2615 203 2685 dilectus
218 2625 329 2687 noster
344 2625 376 2684 et
391 2617 510 2705 fidelia,
535 2637 594 2686 eex
610 2619 842 2704 generacionee
860 2617 902 2684 de
917 2617 1081 2684 Comitatu
1097 2615 1188 2684 (iura

80 2723 115 2789 ud
127 2733 266 2794 noctram
281 2727 485 2813 presenciam
501 2727 661 2810 euocauit,
689 2731 722 2792 et
736 2731 842 2792 terrae
858 2725 1035 2792 earundem
1056 2726 1187 2794 nomine

80 2837 221 2900 terrmum
236 2831 346 2900 antri
356 2831 471 2900 castro
488 2831 615 2900 restitui
629 2832 812 2917 repetebat.
825 2831 947 2900 idedem
964 2837 1073 2899 autem
1088 2851 1185 2919 gene·

80 2939 211 3008 raciones
237 2959 279 3006 ex
305 2939 442 3007 uducroo
467 2938 712 3026 responderunt,
742 2938 827 3024 quod
851 2939 908 3019 ille
932 2951 1017 3007 terre
1041 2939 1186 3025 ipsorum

21 3047 22 3050 ’
79 3045 153 3137 (igy)
167 3054 277 3117 creent
292 3047 498 3133 hereditarie,
515 3057 548 3116 et
564 3047 650 3132 quod
666 3047 830 3131 quondam
848 3049 1013 3134 pchoys
1028 3046 1187 3116 (tomitem

79 3152 209 3222 dedara
233 3156 269 3223 in
284 3160 396 3223 nostra
419 3156 592 3242 presencia
614 3156 745 3224 racione
762 3153 870 3222 (taetri
893 3154 928 3221 in
943 3153 1098 3222 iudicium
1114 3154 1187 3242 ipse

79 3263 151 3328 terre
174 3261 311 3330 inissent
326 3261 471 3349 deducte,
498 3282 538 3329 ac
553 3263 588 3329 in
612 3261 784 3349 presencia
798 3260 957 3348 Stephani
973 3261 1057 3329 Bani
1081 3261 1186 3330 tociua

78 3367 244 3454 Schuonie
262 3367 315 3436 cui
330 3370 364 3436 in
379 3370 443 3437 hac
457 3376 553 3456 parte
568 3369 832 3438 commiseramus
842 3370 932 3436 vices
942 3373 1082 3454 nortrac,
1099 3367 1187 3453 quod

78 3473 124 3541 ille
137 3481 219 3544 terre
234 3476 279 3543 ad
295 3496 352 3546 coc
368 3477 438 3544 iure
464 3475 661 3546 hereditario
677 3478 874 3563 pertineant,
894 3475 1033 3543 tectibus
1047 3475 1185 3562 ydoneis

78 3585 335 3670 conprobaeeeut3
362 3603 460 3672 nuper
482 3604 546 3669 qno
570 3584 675 3654 eciam
698 3586 795 3653 nobie
819 3589 1016 3652 curauerout
1039 3589 1184 3653 nostrum

76 3691 270 3778 priuilegium
285 3693 450 3760 exhibere.
475 3693 596 3760 Verum
612 3692 690 3778 quia
706 3712 765 3777 per
789 3691 876 3761 idem
893 3699 1038 3762 nostrum
1056 3691 1185 3779 priuile-

77 3798 152 3882 gium
166 3799 311 3869 constitit
325 3799 429 3887 nobie,
446 3800 603 3870 relacioni
617 3801 766 3888 ipsarum
782 3821 840 3870 sex
862 3800 1112 3887 generacionum
1128 3818 1183 3866 ue·

76 3905 188 3975 ritutem
213 3907 405 3993 plenissime
429 3907 616 3994 suffragari,
641 3907 690 3974 liti
712 3909 809 3976 finem
826 3909 991 3995 imponere
1016 3908 1184 3995 cupientes

76 4011 152 4098 iprae
169 4035 227 4084 ccx
243 4015 476 4102 generacioncn
502 4017 546 4084 ab
561 4013 768 4104 impeticioue
793 4016 871 4084 dicti
886 4014 1023 4084 Comitia
1039 4013 1133 4082 Chalr
1148 4014 1183 4082 iu

76 4119 230 4210 hucperte
255 4123 406 4192 duximus
422 4123 650 4194 absoluendae.
673 4123 739 4194 Sed
754 4145 827 4192 curn
843 4124 878 4193 in
899 4121 1095 4212 priuilegije‚
1120 4143 1184 4210 que

76 4229 203 4314 ipoorex
228 4232 465 4320 generacionea
481 4239 717 4320 presentarunt,
743 4235 946 4304 solummodo
965 4235 1063 4303 trium
1086 4253 1182 4320 genc-

77 4337 225 4408 raciouum
253 4342 386 4409 nomina
410 4340 616 4428 haberentur,
647 4341 837 4429 specialiter
862 4342 947 4410 inter
972 4341 1057 4411 alius
1080 4348 1185 4411 terras

77 4449 284 4528 generacionia
293 4450 422 4518 Bracon
438 4449 544 4518 eidem
559 4455 715 4536 tanquam
732 4467 811 4520 uuae
823 4449 1039 4519 hereditariae
1054 4469 1185 4538 proacu-
1317 4457 1322 4472 “

77 4553 147 4620 tium
161 4557 347 4644 testimonio
365 4557 556 4645 reliquimur
571 4559 690 4646 quiete,
707 4557 843 4646 pacifice
859 4563 892 4626 et
906 4561 1064 4644 perpetuo
1080 4559 1184 4644 poesi·

76 4657 192 4753 deniae,
217 4665 303 4734 sicut
318 4665 528 4736 dinoscuntur
551 4666 708 4735 hactenns
724 4665 867 4734 tenuisse
891 4664 1059 4734 oine'iuria
1078 4664 1183 4752 prciu-
