3134 5158
32 1169 33 1250 l

32 1259 34 1374 l

32 1377 33 1444 l

32 1875 34 1934 l

32 2223 34 2304 i

582 325 739 428 *sss-

129 525 197 592 atrio
222 523 412 608 requiescit,
439 523 589 610 capitulo
616 523 831 610 strigoniensi
857 523 1049 590 contulimus
1073 529 1229 609 perpetuo

127 631 334 718 possidendas.
362 633 404 700 Et
420 637 455 700 ut
470 631 531 700 hec
547 632 683 702 collseio
709 637 866 719 perpetue
882 630 1042 698 firmitatis
1061 630 1158 697 robur
1174 629 1228 696 ob-

127 741 219 824 limet,
246 747 428 828 presentem
445 741 602 828 paginam
618 741 838 812 concessimus
854 738 1004 828 Capitulo
1030 739 1229 828 supradicto,

127 849 211 934 sigilli
222 849 321 918 nostri
331 850 508 918 munimine
522 851 717 918 roboratam.
738 851 858 918 Datum
874 867 959 917 anno
969 845 1100 914 Domini
1111 848 1155 914 Μο
1165 845 1230 914 (30⁰

124 956 386 1044 quinquagesimo.

263 1157 319 1221 (Aa
333 1157 435 1210 eradeti
449 1155 515 1210 uta'n
528 1159 635 1222 lineus,
647 1159 763 1226 Magyar
775 1159 839 1212 sion
853 1159 888 1210 ll.
903 1159 959 1211 kec
974 1159 1033 1209 995.
1048 1155 1077 1222 l.)

536 1463 800 1476 mm

631 1931 708 2000 218.

120 2107 253 2175 lesdas·
267 2111 480 2200 ldptclarcoole
496 2114 763 2200 bizooyedplevele‚
778 2115 860 2200 lzopy
869 2113 936 2179 td'bb
951 2113 1086 2178 mosaici
1100 2059 1230 2176 dissolvor

120 2215 229 2282 Εὐαίωνι
246 2219 310 2285 le'od
325 2220 432 2303 sdtdec'
455 2245 493 2286 oz
510 2224 689 2308 eceterpomt'
703 2221 916 2308 ltdptalanrrulc
939 2223 1052 2286 ce'sze‘rrt
1076 2219 1230 2285 elodomci·
1277 2297 1279 2302 Ι

395 2329 538 2416 oyoztcilr,
554 2332 669 2395 rc'sss'ot
683 2328 815 2396 stactes.
835 2327 935 2394 1250.

369 2503 399 2572 Α
558 2509 586 2573 Β
749 2507 775 2575 G
936 2507 967 2572 D

213 2666 400 2755 Capitulum
409 2669 557 2739 Ecclesie
572 2669 733 2738 Budcusis
749 2669 909 2738 uniuersis
924 2686 1057 2754 presens
1072 2668 1229 2754 scriptum

116 2773 300 2863 inspecturis
325 2777 465 2847 salntem
490 2781 524 2846 in
541 2780 689 2848 Domino.
710 2777 921 2846 Vniuersiteti
941 2785 1049 2844 vestro
1068 2776 1228 2862 signifiea-

32 2891 33 2944 ἑ
116 2903 188 2970 mus,
204 2884 291 2970 quod
307 2905 380 2953 enm
389 2885 507 2954 Petrus
523 2888 676 2954 Decanus
691 2885 874 2954 senonicus
892 2883 1138 2970 Strigoniensis,
1158 2905 1228 2970 pro·

118 2999 238 3060 curator
253 2993 399 3062 Ecclesie
409 2992 644 3079 strigoniensis
660 2995 702 3060 ab
719 3014 784 3061 une
799 3000 901 3080 parte,
922 2995 1010 3060 Bene
1025 2991 1112 3060 tilius
1129 2993 1228 3072 Zeno,

117 3099 213 3168 Jacob
238 3107 269 3168 et
294 3101 365 3187 Zop
392 3100 450 3187 lilij
467 3103 696 3189 Bartholomey
722 3102 764 3170 de
782 3101 890 3169 Mosla
913 3121 954 3170 ex
981 3102 1092 3184 altera,
1119 3120 1229 3168 eorem

32 3193 33 3276 l
116 3206 201 3276 nobis
216 3207 355 3277 inissent
365 3209 550 3294 constituti;
572 3211 734 3296 prenotati
750 3210 899 3279 homines
916 3207 1073 3276 dsMusls
1088 3207 1229 3278 confessi

115 3321 198 3384 sunt:
214 3315 346 3401 Boram,
357 3317 506 3384 Boronch
518 3317 837 3402 etBartholomeum‚
854 3325 1076 3386 antecessores
1085 3317 1229 3402 ipsorum

32 3421 33 3430 ’
114 3431 274 3509 cognatos,
301 3425 471 3510 porciones
497 3425 672 3492 eorundem
691 3425 916 3509 hereditarias,
942 3443 1024 3509 ques
1049 3425 1171 3490 habent
1196 3425 1227 3488 io

32 3567 33 3630 p
117 3541 195 3599 tems
203 3532 308 3618 Ebed,
325 3533 473 3602 Ecclesie
484 3534 625 3602 donasse
635 3533 860 3621 Strigoniensi,
884 3541 1011 3620 partem
1028 3534 1131 3600 eciam
1141 3533 1229 3600 Zeno

114 3639 142 3706 in
165 3639 280 3709 eedem
297 3647 395 3727 terra,
421 3663 519 3728 quam
545 3662 630 3710 nunc
654 3641 800 3730 possidet
816 3643 965 3710 Ecclesia
987 3641 1228 3728 strigoniensis,

114 3747 197 3831 Hyas
213 3748 387 3818 (lentorem
414 3749 669 3836 strigoniensem
696 3751 847 3838 empticio
873 3753 942 3820 iure
958 3749 1154 3838 possedisse.
1178 3752 1228 3816 Iu-

114 3875 203 3943 snper
218 3859 283 3946 ipsi
300 3860 403 3927 eciam
420 3861 591 3947 porciones
608 3857 742 3948 Georgij
760 3867 793 3929 et
808 3859 912 3944 Pauli,
930 3865 1139 3946 cognatorum
1159 3877 1228 3924 suo·

113 3983 184 4048 rom,
208 3985 293 4048 quos
309 3967 344 4033 in
368 3968 600 4053 persecucions
623 3969 834 4037 'lectatorum
860 3968 1012 4036 dicebant
1034 3965 1136 4035 fuisso
1161 3986 1228 4052 per·

112 4081 239 4160 emptos,
257 4077 445 4164 supradicto
467 4077 618 4165 Capitulo
635 4077 860 4164 strigoniensi,
887 4077 978 4146 cuius
997 4076 1095 4142 terris
1110 4074 1144 4141 io
1160 4093 1228 4160 pre-

112 4179 172 4249 lata
196 4191 286 4252 terra
301 4183 394 4252 Ebed
411 4185 695 4270 prenunciatorum
721 4186 886 4254 hominum
902 4184 1072 4272 porciones
1097 4181 1227 4250 interia-

112 4297 185 4376 cent,
211 4291 302 4360 nullo
329 4291 569 4362 contradictore
595 4293 787 4382 subidente,
815 4314 873 4381 pro
899 4293 1026 4361 duabus
1054 4291 1173 4358 marcis
1196 4297 1230 4357 et

111 4397 238 4468 dimidia
246 4401 378 4486 argenti
395 4401 610 4471 uendiderunt
619 4403 770 4491 Capitulo
783 4401 1001 4488 strigoniensi
1020 4400 1228 4488 perhenniter

111 4509 332 4590 possidendas.
350 4508 544 4595 Obligantes
560 4531 606 4597 se,
635 4511 767 4596 quodsi
784 4531 937 4596 umquam
953 4530 1050 4597 super
1067 4517 1155 4578 terra
1172 4531 1229 4596 per

111 4617 192 4700 ipsos
209 4615 342 4686 uendite
365 4617 533 4704 aliqualis
551 4621 727 4706 emerserit,
755 4622 818 4710 ipsi
836 4623 878 4688 ab
902 4619 1044 4688 omnium
1071 4619 1228 4705 inquieta·
