3198 5160
622 331 779 457 ‚pp—

132 553 204 614 tant
219 551 410 634 peccatum;
437 553 469 614 et
485 547 514 614 si
529 547 732 618 dimitterent
747 549 872 618 irenum
888 553 922 618 in
939 570 994 618 ore
1010 551 1086 637 equi
1103 551 1163 640 sui,
1185 551 1262 621 dum

133 655 269 722 deberet
284 657 388 742 pasci,
406 657 573 723 crederent
585 659 691 724 Deum
707 658 886 727 offendisse
902 667 934 726 et
950 661 1132 727 mortaliter
1148 679 1264 748 pecca-

134 765 232 830 visse.
262 763 529 832 Fornicacionem
555 771 587 831 et
612 766 775 832 luxuriam
800 789 865 835 non
891 775 1045 854 reputant
1074 775 1262 855 peccatnm;

134 889 253 938 uxores
279 868 401 938 ducunt
425 874 553 958 plures;
585 880 617 939 et
642 881 770 958 oportet
796 875 1264 944 secundumconsuetudinem

135 999 258 1062 eorum,
277 978 362 1062 quod
374 979 538 1066 accipiant
548 1001 721 1048 novercam
731 991 806 1067 post
817 983 939 1050 obitum
952 984 1064 1069 patris,
1083 992 1116 1048 et
1131 1001 1265 1049 uxorem

137 1089 241 1153 eciam
258 1087 381 1172 fratris,
408 1095 439 1155 et
455 1088 574 1156 coitum
592 1087 716 1155 faciunt
732 1110 804 1156 cum
822 1090 955 1161 eisdem.
981 1089 1113 1158 Tartari
1128 1091 1163 1156 in
1178 1089 1265 1157 facto

137 1215 302 1261 armorum
328 1201 403 1261 sunt
429 1196 553 1263 suenni
579 1195 772 1283 bellatores;
799 1199 873 1284 plus
899 1218 997 1283 quam
1022 1197 1087 1265 alie
1112 1197 1267 1266 naciones

137 1311 212 1370 sunt
228 1323 288 1371 auo
304 1303 435 1371 domino
461 1303 660 1370 obedientes.
686 1305 728 1370 Et
744 1305 892 1374 dominus
909 1313 1019 1392 potest
1043 1305 1085 1371 ab
1106 1307 1153 1371 cis
1179 1304 1266 1371 acci-

138 1429 215 1496 pere
232 1417 264 1475 et
289 1411 417 1477 auferre
443 1409 602 1495 quidquid
627 1411 696 1476 vult
711 1412 837 1496 absque
863 1411 1123 1480 contradiccione
1148 1430 1267 1478 eorum.

139 1519 176 1582 lu
202 1517 350 1584 exercitu
375 1518 606 1585 commorando
634 1517 784 1584 dominus
809 1519 891 1604 ipsis
908 1519 989 1584 nibil
1016 1517 1095 1585 dare
1118 1521 1264 1601 tenetur;

137 1627 203 1693 imo
220 1625 335 1691 vivant
360 1625 400 1691 de
416 1625 650 1692 venacionibus
676 1633 708 1692 et
724 1625 844 1711 predis,
872 1647 954 1711 quas
981 1633 1093 1694 contra
1117 1625 1266 1691 inimicos

138 1732 309 1816 acquirere
334 1743 479 1819 possunt.
507 1731 645 1810 Quando
669 1733 802 1799 Tartari
825 1731 1050 1817 ingrediuntur
1076 1741 1207 1819 terram,
1232 1733 1267 1798 in

138 1859 206 1926 qua
233 1839 367 1906 credunt
392 1838 582 1905 victualium
614 1839 785 1926 penuriam
810 1839 975 1925 invenire,
1009 1838 1130 1907 ducunt
1158 1856 1267 1905 secum

139 1967 254 2033 equas,
281 1967 401 2015 vaccas
418 1957 449 2014 et
466 1947 533 2013 alia
549 1945 717 2033 animalia,
744 1955 776 2013 et
792 1947 833 2014 de
849 1967 959 2015 eorum
985 1947 1070 2013 lacte
1089 1948 1211 2032 vivunt,
1237 1953 1270 2012 et

139 2076 255 2123 carnes
288 2075 443 2140 equorum
469 2054 642 2122 comedunt
668 2053 798 2138 quando
824 2054 954 2122 babent.
985 2055 1116 2122 Tartari
1143 2053 1269 2139 equites

139 2171 216 2232 runt
241 2165 356 2250 agiles,
382 2171 414 2231 et
429 2165 465 2229 iu
482 2163 593 2246 armis,
620 2165 775 2248 precipue
800 2163 950 2246 arcubus,
975 2163 1059 2229 bene
1078 2163 1184 2248 docti;
1211 2161 1270 2229 sed

138 2272 269 2359 pedites
286 2291 350 2338 non
366 2279 505 2359 possunt
529 2271 680 2336 incedere
697 2271 761 2337 nisi
778 2271 882 2356 pigre.
911 2269 1048 2347 Quando
1069 2270 1269 2354 (lapitancus

140 2383 355 2447 Tartarorum
371 2381 404 2446 in
420 2379 524 2466 prelio
535 2379 587 2444 vel
604 2379 684 2444 alibi
702 2377 839 2464 precipit
856 2375 990 2461 aliquid,
1012 2375 1163 2442 continuo
1175 2395 1270 2443 unus·

140 2489 279 2574 quisque
305 2487 405 2571 novit,
432 2485 511 2572 quid
536 2486 647 2552 facere
673 2485 793 2552 debeat
817 2491 849 2549 ct
874 2481 953 2567 quid
979 2481 1150 2567 expediat;
1183 2481 1270 2548 unde

141 2600 268 2683 absque
284 2597 397 2663 labore
411 2597 454 2662 ab
471 2613 581 2662 eorum
599 2592 777 2678 capitaneo
794 2589 1026 2674 gubernantur.
1044 2589 1174 2653 Tartari
1195 2599 1270 2656 sunt

142 2705 241 2774 valde
268 2703 407 2772 subtiles
433 2709 465 2769 et
492 2699 654 2787 ingeniosi
678 2705 710 2764 et
725 2717 864 2783 sagaces
890 2695 933 2762 ad
959 2694 1213 2781 expugnandum
1238 2703 1271 2764 et

143 2814 341 2903 capiendum
358 2813 508 2879 civitates
525 2813 557 2876 et
573 2813 690 2876 castra.
717 2803 848 2871 Tartari
864 2822 993 2890 semper
1010 2809 1148 2887 querunt
1163 2824 1272 2891 prere:

143 2927 291 3012 gativam
309 2927 423 2990 contra
438 2919 586 2989 inimicos
602 2935 688 3000 suos,
717 2923 748 2981 et
765 2911 998 2998 avantagium3
1025 2917 1057 2977 et
1073 2933 1136 2979 non
1153 2919 1203 2979 est
1218 2931 1270 2981 ve·

142 3035 301 3104 recundia
325 3035 437 3119 lugere
463 3029 546 3096 inter
571 3047 637 3112 eos,
668 3026 696 3092 si
721 3023 802 3109 iuga
817 3023 850 3089 in
871 3021 1076 3090 commodum
1102 3020 1189 3089 cedit
1213 3023 1271 3090 eis.

142 3144 277 3211 Tartari
291 3143 377 3209 banc
392 3139 514 3206 babent
539 3132 782 3223 prerogativam
798 3131 883 3198 inter
899 3129 983 3196 alias
1003 3127 1167 3215 naciones,
1185 3129 1273 3214 quod

143 3255 173 3322 si
190 3251 313 3319 suerint
328 3249 362 3314 in
379 3267 494 3332 campo
510 3243 588 3311 belli
615 3249 730 3309 contra
745 3237 892 3306 inimicos
910 3257 987 3305 suos
1003 3257 1063 3322 per
1082 3237 1171 3304 acies
1186 3237 1273 3305 ordi-

143 3359 226 3446 nati,
252 3359 281 3426 si
307 3353 466 3444 placuerit
491 3352 549 3438 eis,
581 3349 720 3437 prelium
744 3345 953 3432 inchoabunt,
979 3345 1109 3412 sivero
1135 3345 1274 3432 prelium

142 3465 309 3538 voluerint
334 3463 475 3546 evitare,
502 3457 625 3525 inimici
651 3477 723 3523 cum
750 3455 798 3521 eis
823 3473 887 3519 non
913 3457 1065 3540 poterunt
1088 3451 1172 3520 inir'e
1198 3472 1273 3520 eon-

143 3577 281 3645 flictum.
307 3569 444 3639 Preliari
461 3590 533 3636 cnm
549 3567 700 3634 Tartaris
717 3571 767 3633 est
783 3563 880 3630 valde
900 3559 1130 3650 periculosum,
1148 3559 1226 3646 qnia
1241 3561 1274 3627 in

146 3710 211 3756 uno
238 3703 342 3773 paruo
367 3681 452 3747 bello
476 3679 688 3745 Tartarorum
713 3673 825 3761 plures
851 3671 1029 3740 moriuntur
1054 3673 1110 3733 aut
1134 3667 1275 3733 letaliter

146 3800 371 3876 vulnerantur,
389 3809 487 3876 quam
503 3786 536 3852 in
553 3807 617 3853 uuo
634 3785 701 3852 alto
718 3802 837 3866 magno
854 3779 955 3866 prelio
972 3773 1107 3842 alterius
1116 3774 1274 3843 nacionis.

147 3909 189 3972 ut
204 3906 268 3972 hoc
284 3903 334 3967 est
358 3905 490 3986 propter
505 3895 646 3980 sagittas
662 3899 695 3958 et
710 3908 817 3973 arcus,
844 3907 924 3971 quos
951 3883 1125 3970 proliciunt
1149 3881 1275 3951 fortiter

147 4023 179 4080 et
198 4011 340 4096 directe;
368 4015 399 4075 et
415 4011 491 4074 sunt
507 4003 554 4071 ita
580 4000 667 4069 docti
684 3997 718 4064 in
744 4003 814 4064 arte
839 3991 1025 4077 sagittandi,
1050 3987 1139 4074 quod
1164 4008 1275 4058 eorum

148 4122 268 4207 sagitte
285 4117 353 4184 fere
368 4119 541 4203 penetrant
557 4129 650 4176 omne
667 4125 770 4190 genus
788 4121 962 4169 armorum.
990 4096 1129 4175 Quando
1144 4095 1276 4165 Tartari

148 4229 364 4309 debellantur,
383 4240 495 4288 omues
512 4217 609 4285 simul
629 4213 759 4298 lugiunt
775 4230 833 4296 per
848 4217 974 4275 turmas
991 4209 1024 4272 et
1040 4203 1276 4271 aciesordina-

149 4349 219 4424 tas;
246 4331 399 4422 persequi
415 4349 493 4396 vero
521 4325 594 4393 illos
620 4329 670 4390 est
685 4320 783 4390 valde
808 4315 1036 4404 periculosum,
1062 4331 1161 4396 quum
1176 4319 1274 4379 retro-

152 4445 254 4533 grade
271 4441 412 4527 sagittas
422 4436 547 4504 iaciunt
562 4430 727 4515 lugiendo,
749 4433 781 4493 et
792 4444 890 4510 equos
902 4429 934 4487 et
949 4419 1094 4488 homines
1104 4419 1278 4486 vulnerant

151 4563 182 4620 et
197 4551 359 4622 occidunt.
377 4547 538 4629 Pretcrea,
550 4537 679 4626 quando
690 4531 958 4602 videuthomines
969 4527 1127 4594 ffissolnte
1144 4543 1279 4612 sequen·

151 4667 208 4747 tes,
236 4679 273 4726 se
288 4661 419 4724 vertunt
443 4650 595 4719 continuo
611 4665 710 4733 super
736 4642 823 4725 illos,
849 4646 882 4706 et
899 4655 976 4724 sepe
994 4631 1125 4809 acciadbit,
1150 4634 1207 4718 qni
1224 4635 1292 4702 tri--
