<?xml version="1.0" encoding="UTF-8"?>
<!DOCTYPE html PUBLIC "-//W3C//DTD XHTML 1.0 Transitional//EN"
    "http://www.w3.org/TR/xhtml1/DTD/xhtml1-transitional.dtd">
<html xmlns="http://www.w3.org/1999/xhtml" xml:lang="en" lang="en">
 <head>
  <title>
</title>
<meta http-equiv="Content-Type" content="text/html;charset=utf-8" />
  <meta name='ocr-system' content='tesseract 3.04.00' />
  <meta name='ocr-capabilities' content='ocr_page ocr_carea ocr_par ocr_line ocrx_word'/>
</head>
<body>
  <div class='ocr_page' id='page_1' title='image "./codexdiplomatic15wenzgoog_0354.png"; bbox 0 0 3134 5158; ppageno 0'>
   <div class='ocr_carea' id='block_1_1' title="bbox 587 275 748 426">
    <p class='ocr_par' dir='ltr' id='par_1_1' title="bbox 587 275 748 426">
     <span class='ocr_line' id='line_1_1' title="bbox 587 275 748 426; baseline 0 -39"><span class='ocrx_word' id='word_1_1' title='bbox 587 275 748 426; x_wconf 61' lang='lat' dir='ltr'><strong>ssru.</strong></span> 
     </span>
    </p>
   </div>
   <div class='ocr_carea' id='block_1_2' title="bbox 17 513 1242 1479">
    <p class='ocr_par' dir='ltr' id='par_1_2' title="bbox 17 513 1242 1479">
     <span class='ocr_line' id='line_1_2' title="bbox 120 513 1239 605; baseline -0.008 -14"><span class='ocrx_word' id='word_1_2' title='bbox 120 525 223 591; x_wconf 87' lang='lat' dir='ltr'><strong>arbitri</strong></span> <span class='ocrx_word' id='word_1_3' title='bbox 248 529 281 590; x_wconf 91' lang='lat' dir='ltr'><strong>et</strong></span> <span class='ocrx_word' id='word_1_4' title='bbox 306 521 527 605; x_wconf 89' lang='lat' dir='ltr'><strong>arbitratcras,</strong></span> <span class='ocrx_word' id='word_1_5' title='bbox 556 537 616 588; x_wconf 92' lang='lat' dir='ltr'><strong>seu</strong></span> <span class='ocrx_word' id='word_1_6' title='bbox 640 517 837 586; x_wconf 74' lang='lat' dir='ltr'><strong>amicabiles</strong></span> <span class='ocrx_word' id='word_1_7' title='bbox 864 513 1116 602; x_wconf 76' lang='lat' dir='ltr'><strong>compositores,</strong></span> <span class='ocrx_word' id='word_1_8' title='bbox 1141 535 1239 603; x_wconf 92' lang='lat' dir='ltr'><strong>super</strong></span> 
     </span>
     <span class='ocr_line' id='line_1_3' title="bbox 120 624 1239 720; baseline -0.01 -18"><span class='ocrx_word' id='word_1_9' title='bbox 120 631 347 720; x_wconf 75' lang='lat' dir='ltr'><strong>questionibus,</strong></span> <span class='ocrx_word' id='word_1_10' title='bbox 373 649 437 714; x_wconf 90' lang='lat' dir='ltr'><strong>que</strong></span> <span class='ocrx_word' id='word_1_11' title='bbox 462 629 670 698; x_wconf 80' lang='lat' dir='ltr'><strong>vertebantur</strong></span> <span class='ocrx_word' id='word_1_12' title='bbox 696 645 756 695; x_wconf 90' lang='lat' dir='ltr'><strong>scu</strong></span> <span class='ocrx_word' id='word_1_13' title='bbox 772 625 855 693; x_wconf 83' lang='lat' dir='ltr'><strong>uerti</strong></span> <span class='ocrx_word' id='word_1_14' title='bbox 880 631 1015 712; x_wconf 91' lang='lat' dir='ltr'><strong>possent</strong></span> <span class='ocrx_word' id='word_1_15' title='bbox 1037 624 1124 691; x_wconf 90' lang='lat' dir='ltr'><strong>inter</strong></span> <span class='ocrx_word' id='word_1_16' title='bbox 1147 624 1239 712; x_wconf 87' lang='lat' dir='ltr'><strong>ipsas</strong></span> 
     </span>
     <span class='ocr_line' id='line_1_4' title="bbox 121 733 1240 824; baseline -0.007 -16"><span class='ocrx_word' id='word_1_17' title='bbox 121 741 371 824; x_wconf 74' lang='lat' dir='ltr'><strong>communitates,</strong></span> <span class='ocrx_word' id='word_1_18' title='bbox 395 757 454 806; x_wconf 93' lang='lat' dir='ltr'><strong>seu</strong></span> <span class='ocrx_word' id='word_1_19' title='bbox 469 737 555 806; x_wconf 89' lang='lat' dir='ltr'><strong>inter</strong></span> <span class='ocrx_word' id='word_1_20' title='bbox 579 735 726 824; x_wconf 83' lang='lat' dir='ltr'><strong>singulos</strong></span> <span class='ocrx_word' id='word_1_21' title='bbox 743 735 893 803; x_wconf 90' lang='lat' dir='ltr'><strong>homines</strong></span> <span class='ocrx_word' id='word_1_22' title='bbox 914 733 1138 823; x_wconf 88' lang='lat' dir='ltr'><strong>predictarum</strong></span> <span class='ocrx_word' id='word_1_23' title='bbox 1154 733 1240 801; x_wconf 81' lang='grc' dir='ltr'><strong>0ἰυί-</strong></span> 
     </span>
     <span class='ocr_line' id='line_1_5' title="bbox 121 840 1241 919; baseline -0.006 -1"><span class='ocrx_word' id='word_1_24' title='bbox 121 855 213 919; x_wconf 84' lang='lat' dir='ltr'><strong>tatum</strong></span> <span class='ocrx_word' id='word_1_25' title='bbox 229 847 402 918; x_wconf 89' lang='lat' dir='ltr'><strong>occasione</strong></span> <span class='ocrx_word' id='word_1_26' title='bbox 419 845 579 914; x_wconf 88' lang='lat' dir='ltr'><strong>factarum</strong></span> <span class='ocrx_word' id='word_1_27' title='bbox 596 844 789 913; x_wconf 90' lang='lat' dir='ltr'><strong>iniuriarum</strong></span> <span class='ocrx_word' id='word_1_28' title='bbox 805 861 863 911; x_wconf 87' lang='lat' dir='ltr'><strong>seu</strong></span> <span class='ocrx_word' id='word_1_29' title='bbox 875 847 1097 911; x_wconf 74' lang='lat' dir='ltr'><strong>contractuum</strong></span> <span class='ocrx_word' id='word_1_30' title='bbox 1112 840 1241 911; x_wconf 86' lang='lat' dir='ltr'><strong>habito·</strong></span> 
     </span>
     <span class='ocr_line' id='line_1_6' title="bbox 123 948 1240 1046; baseline -0.01 -19"><span class='ocrx_word' id='word_1_31' title='bbox 123 980 183 1027; x_wconf 93' lang='lat' dir='ltr'><strong>rum</strong></span> <span class='ocrx_word' id='word_1_32' title='bbox 199 979 260 1046; x_wconf 93' lang='lat' dir='ltr'><strong>pro</strong></span> <span class='ocrx_word' id='word_1_33' title='bbox 275 957 361 1026; x_wconf 93' lang='lat' dir='ltr'><strong>bono</strong></span> <span class='ocrx_word' id='word_1_34' title='bbox 388 954 482 1043; x_wconf 87' lang='lat' dir='ltr'><strong>pacis</strong></span> <span class='ocrx_word' id='word_1_35' title='bbox 498 961 531 1022; x_wconf 95' lang='lat' dir='ltr'><strong>et</strong></span> <span class='ocrx_word' id='word_1_36' title='bbox 547 953 752 1037; x_wconf 88' lang='lat' dir='ltr'><strong>concordiae,</strong></span> <span class='ocrx_word' id='word_1_37' title='bbox 780 959 816 1020; x_wconf 85' lang='lat' dir='ltr'><strong>vt</strong></span> <span class='ocrx_word' id='word_1_38' title='bbox 832 950 874 1017; x_wconf 92' lang='lat' dir='ltr'><strong>ab</strong></span> <span class='ocrx_word' id='word_1_39' title='bbox 895 948 1043 1019; x_wconf 92' lang='lat' dir='ltr'><strong>omnibus</strong></span> <span class='ocrx_word' id='word_1_40' title='bbox 1067 949 1240 1040; x_wconf 84' lang='lat' dir='ltr'><strong>questioni-</strong></span> 
     </span>
     <span class='ocr_line' id='line_1_7' title="bbox 123 1058 1240 1151; baseline -0.005 -17"><span class='ocrx_word' id='word_1_41' title='bbox 123 1067 177 1136; x_wconf 92' lang='lat' dir='ltr'><strong>bus</strong></span> <span class='ocrx_word' id='word_1_42' title='bbox 191 1073 224 1133; x_wconf 91' lang='lat' dir='ltr'><strong>et</strong></span> <span class='ocrx_word' id='word_1_43' title='bbox 233 1063 389 1148; x_wconf 89' lang='lat' dir='ltr'><strong>disordijs</strong></span> <span class='ocrx_word' id='word_1_44' title='bbox 404 1064 551 1151; x_wconf 86' lang='lat' dir='ltr'><strong>ipsarum</strong></span> <span class='ocrx_word' id='word_1_45' title='bbox 568 1067 728 1130; x_wconf 91' lang='lat' dir='ltr'><strong>terrarum</strong></span> <span class='ocrx_word' id='word_1_46' title='bbox 738 1061 818 1128; x_wconf 90' lang='lat' dir='ltr'><strong>ortis</strong></span> <span class='ocrx_word' id='word_1_47' title='bbox 830 1059 882 1127; x_wconf 89' lang='lat' dir='ltr'><strong>uel</strong></span> <span class='ocrx_word' id='word_1_48' title='bbox 893 1059 1023 1130; x_wconf 90' lang='lat' dir='ltr'><strong>orituris</strong></span> <span class='ocrx_word' id='word_1_49' title='bbox 1042 1058 1240 1146; x_wconf 84' lang='lat' dir='ltr'><strong>discedatur,</strong></span> 
     </span>
     <span class='ocr_line' id='line_1_8' title="bbox 124 1167 1241 1259; baseline -0.004 -17"><span class='ocrx_word' id='word_1_50' title='bbox 124 1175 264 1259; x_wconf 87' lang='lat' dir='ltr'><strong>dicimus,</strong></span> <span class='ocrx_word' id='word_1_51' title='bbox 291 1171 528 1242; x_wconf 88' lang='lat' dir='ltr'><strong>senteutiamus</strong></span> <span class='ocrx_word' id='word_1_52' title='bbox 552 1179 586 1240; x_wconf 91' lang='lat' dir='ltr'><strong>et</strong></span> <span class='ocrx_word' id='word_1_53' title='bbox 611 1169 744 1238; x_wconf 87' lang='lat' dir='ltr'><strong>firmiter</strong></span> <span class='ocrx_word' id='word_1_54' title='bbox 770 1168 983 1237; x_wconf 88' lang='lat' dir='ltr'><strong>stabilimus:</strong></span> <span class='ocrx_word' id='word_1_55' title='bbox 1009 1167 1105 1249; x_wconf 82' lang='lat' dir='ltr'><strong>Quod</strong></span> <span class='ocrx_word' id='word_1_56' title='bbox 1129 1191 1241 1240; x_wconf 91' lang='lat' dir='ltr'><strong>omncs</strong></span> 
     </span>
     <span class='ocr_line' id='line_1_9' title="bbox 123 1279 1241 1370; baseline -0.006 -17"><span class='ocrx_word' id='word_1_57' title='bbox 123 1285 286 1370; x_wconf 86' lang='lat' dir='ltr'><strong>sententie,</strong></span> <span class='ocrx_word' id='word_1_58' title='bbox 312 1301 395 1366; x_wconf 90' lang='lat' dir='ltr'><strong>quas</strong></span> <span class='ocrx_word' id='word_1_59' title='bbox 411 1281 694 1369; x_wconf 86' lang='lat' dir='ltr'><strong>pronuntiauimus</strong></span> <span class='ocrx_word' id='word_1_60' title='bbox 710 1279 743 1346; x_wconf 93' lang='lat' dir='ltr'><strong>in</strong></span> <span class='ocrx_word' id='word_1_61' title='bbox 760 1279 1007 1364; x_wconf 85' lang='lat' dir='ltr'><strong>quibuscunque</strong></span> <span class='ocrx_word' id='word_1_62' title='bbox 1028 1279 1146 1365; x_wconf 88' lang='lat' dir='ltr'><strong>causis,</strong></span> <span class='ocrx_word' id='word_1_63' title='bbox 1171 1281 1241 1349; x_wconf 92' lang='lat' dir='ltr'><strong>siue</strong></span> 
     </span>
     <span class='ocr_line' id='line_1_10' title="bbox 17 1383 1242 1479; baseline -0.002 -20"><span class='ocrx_word' id='word_1_64' title='bbox 17 1383 18 1388; x_wconf 66' lang='grc'>’</span> <span class='ocrx_word' id='word_1_65' title='bbox 124 1409 212 1479; x_wconf 92' lang='lat' dir='ltr'><strong>super</strong></span> <span class='ocrx_word' id='word_1_66' title='bbox 228 1390 410 1476; x_wconf 74' lang='lat' dir='ltr'><strong>maleficip‘s,</strong></span> <span class='ocrx_word' id='word_1_67' title='bbox 428 1389 499 1458; x_wconf 90' lang='lat' dir='ltr'><strong>siue</strong></span> <span class='ocrx_word' id='word_1_68' title='bbox 514 1389 548 1457; x_wconf 93' lang='lat' dir='ltr'><strong>in</strong></span> <span class='ocrx_word' id='word_1_69' title='bbox 564 1393 675 1457; x_wconf 92' lang='lat' dir='ltr'><strong>mutuo</strong></span> <span class='ocrx_word' id='word_1_70' title='bbox 691 1408 749 1457; x_wconf 91' lang='lat' dir='ltr'><strong>seu</strong></span> <span class='ocrx_word' id='word_1_71' title='bbox 766 1386 842 1475; x_wconf 74' lang='lat' dir='ltr'><strong>aliJ&#39;s</strong></span> <span class='ocrx_word' id='word_1_72' title='bbox 859 1387 1088 1474; x_wconf 80' lang='lat' dir='ltr'><strong>contractibus,</strong></span> <span class='ocrx_word' id='word_1_73' title='bbox 1100 1387 1242 1459; x_wconf 90' lang='lat' dir='ltr'><strong>debeant</strong></span> 
     </span>
    </p>
   </div>
   <div class='ocr_carea' id='block_1_3' title="bbox 17 1495 1243 1581">
    <p class='ocr_par' dir='ltr' id='par_1_3' title="bbox 17 1495 1243 1581">
     <span class='ocr_line' id='line_1_11' title="bbox 17 1495 1243 1581; baseline -0.002 -15"><span class='ocrx_word' id='word_1_74' title='bbox 17 1501 18 1512; x_wconf 53' lang='lat'>³</span> <span class='ocrx_word' id='word_1_75' title='bbox 124 1499 295 1568; x_wconf 87' lang='lat' dir='ltr'><strong>obseruari.</strong></span> <span class='ocrx_word' id='word_1_76' title='bbox 311 1500 394 1566; x_wconf 87' lang='lat' dir='ltr'><strong>Item</strong></span> <span class='ocrx_word' id='word_1_77' title='bbox 409 1497 663 1567; x_wconf 88' lang='lat' dir='ltr'><strong>determinamus</strong></span> <span class='ocrx_word' id='word_1_78' title='bbox 680 1495 812 1563; x_wconf 87' lang='lat' dir='ltr'><strong>firmiter</strong></span> <span class='ocrx_word' id='word_1_79' title='bbox 827 1503 1018 1581; x_wconf 87' lang='lat' dir='ltr'><strong>statuentes,</strong></span> <span class='ocrx_word' id='word_1_80' title='bbox 1039 1495 1170 1581; x_wconf 91' lang='lat' dir='ltr'><strong>quodsi</strong></span> <span class='ocrx_word' id='word_1_81' title='bbox 1187 1498 1243 1566; x_wconf 91' lang='lat' dir='ltr'><strong>ali·</strong></span> 
     </span>
    </p>
   </div>
   <div class='ocr_carea' id='block_1_4' title="bbox 17 1603 1249 4066">
    <p class='ocr_par' dir='ltr' id='par_1_4' title="bbox 17 1603 1249 4066">
     <span class='ocr_line' id='line_1_12' title="bbox 17 1603 1243 1692; baseline -0.002 -17"><span class='ocrx_word' id='word_1_82' title='bbox 17 1607 18 1654; x_wconf 62' lang='lat' dir='ltr'><strong>f</strong></span> <span class='ocrx_word' id='word_1_83' title='bbox 123 1609 189 1692; x_wconf 89' lang='lat' dir='ltr'><strong>quis</strong></span> <span class='ocrx_word' id='word_1_84' title='bbox 212 1605 474 1676; x_wconf 88' lang='lat' dir='ltr'><strong>Sibenicensium</strong></span> <span class='ocrx_word' id='word_1_85' title='bbox 500 1605 690 1674; x_wconf 87' lang='lat' dir='ltr'><strong>vulneratus</strong></span> <span class='ocrx_word' id='word_1_86' title='bbox 714 1603 812 1670; x_wconf 88' lang='lat' dir='ltr'><strong>fuerit</strong></span> <span class='ocrx_word' id='word_1_87' title='bbox 837 1603 880 1670; x_wconf 91' lang='lat' dir='ltr'><strong>ab</strong></span> <span class='ocrx_word' id='word_1_88' title='bbox 907 1603 1017 1689; x_wconf 91' lang='lat' dir='ltr'><strong>aliquo</strong></span> <span class='ocrx_word' id='word_1_89' title='bbox 1048 1605 1243 1691; x_wconf 69' lang='lat' dir='ltr'><strong>&#39;tragurien-</strong></span> 
     </span>
     <span class='ocr_line' id='line_1_13' title="bbox 17 1709 1243 1802; baseline 0.001 -22"><span class='ocrx_word' id='word_1_90' title='bbox 17 1775 18 1780; x_wconf 75' lang='grc'>,</span> <span class='ocrx_word' id='word_1_91' title='bbox 123 1715 210 1800; x_wconf 88' lang='lat' dir='ltr'><strong>sium,</strong></span> <span class='ocrx_word' id='word_1_92' title='bbox 235 1713 289 1783; x_wconf 84' lang='lat' dir='ltr'><strong>vel</strong></span> <span class='ocrx_word' id='word_1_93' title='bbox 315 1721 481 1800; x_wconf 88' lang='lat' dir='ltr'><strong>econtra,</strong></span> <span class='ocrx_word' id='word_1_94' title='bbox 509 1711 710 1802; x_wconf 90' lang='lat' dir='ltr'><strong>predationis</strong></span> <span class='ocrx_word' id='word_1_95' title='bbox 737 1729 847 1796; x_wconf 88' lang='lat' dir='ltr'><strong>causa,</strong></span> <span class='ocrx_word' id='word_1_96' title='bbox 875 1709 927 1778; x_wconf 87' lang='lat' dir='ltr'><strong>uel</strong></span> <span class='ocrx_word' id='word_1_97' title='bbox 944 1710 1010 1779; x_wconf 90' lang='lat' dir='ltr'><strong>alio</strong></span> <span class='ocrx_word' id='word_1_98' title='bbox 1027 1711 1141 1800; x_wconf 88' lang='lat' dir='ltr'><strong>modo;</strong></span> <span class='ocrx_word' id='word_1_99' title='bbox 1166 1719 1243 1781; x_wconf 92' lang='lat' dir='ltr'><strong>tunc</strong></span> 
     </span>
     <span class='ocr_line' id='line_1_14' title="bbox 17 1799 1241 1907; baseline 0 -19"><span class='ocrx_word' id='word_1_100' title='bbox 17 1799 18 1822; x_wconf 46' lang='lat'>¹</span> <span class='ocrx_word' id='word_1_101' title='bbox 124 1821 312 1906; x_wconf 89' lang='lat' dir='ltr'><strong>bominibus,</strong></span> <span class='ocrx_word' id='word_1_102' title='bbox 340 1820 458 1906; x_wconf 92' lang='lat' dir='ltr'><strong>quibus</strong></span> <span class='ocrx_word' id='word_1_103' title='bbox 483 1820 678 1904; x_wconf 88' lang='lat' dir='ltr'><strong>obuiauerit,</strong></span> <span class='ocrx_word' id='word_1_104' title='bbox 705 1839 741 1886; x_wconf 91' lang='lat' dir='ltr'><strong>se</strong></span> <span class='ocrx_word' id='word_1_105' title='bbox 759 1817 918 1902; x_wconf 89' lang='lat' dir='ltr'><strong>ostendat,</strong></span> <span class='ocrx_word' id='word_1_106' title='bbox 945 1837 985 1884; x_wconf 92' lang='lat' dir='ltr'><strong>ac</strong></span> <span class='ocrx_word' id='word_1_107' title='bbox 1002 1815 1125 1887; x_wconf 91' lang='lat' dir='ltr'><strong>eisdem</strong></span> <span class='ocrx_word' id='word_1_108' title='bbox 1140 1819 1241 1907; x_wconf 92' lang='lat' dir='ltr'><strong>illum,</strong></span> 
     </span>
     <span class='ocr_line' id='line_1_15' title="bbox 127 1922 1244 2015; baseline 0.001 -20"><span class='ocrx_word' id='word_1_109' title='bbox 127 1929 175 2013; x_wconf 93' lang='lat' dir='ltr'><strong>qui</strong></span> <span class='ocrx_word' id='word_1_110' title='bbox 190 1928 255 1996; x_wconf 91' lang='lat' dir='ltr'><strong>sibi</strong></span> <span class='ocrx_word' id='word_1_111' title='bbox 267 1929 421 1996; x_wconf 87' lang='lat' dir='ltr'><strong>iniuriam</strong></span> <span class='ocrx_word' id='word_1_112' title='bbox 436 1926 556 2015; x_wconf 88' lang='lat' dir='ltr'><strong>intulit,</strong></span> <span class='ocrx_word' id='word_1_113' title='bbox 574 1925 770 2010; x_wconf 78' lang='lat' dir='ltr'><strong>manifestet,</strong></span> <span class='ocrx_word' id='word_1_114' title='bbox 787 1931 820 1993; x_wconf 90' lang='lat' dir='ltr'><strong>ct</strong></span> <span class='ocrx_word' id='word_1_115' title='bbox 835 1922 1040 2011; x_wconf 90' lang='lat' dir='ltr'><strong>postmodum</strong></span> <span class='ocrx_word' id='word_1_116' title='bbox 1056 1946 1166 1994; x_wconf 89' lang='lat' dir='ltr'><strong>eoram</strong></span> <span class='ocrx_word' id='word_1_117' title='bbox 1182 1947 1244 1996; x_wconf 87' lang='lat' dir='ltr'><strong>sua</strong></span> 
     </span>
     <span class='ocr_line' id='line_1_16' title="bbox 127 2031 1243 2125; baseline -0.001 -21"><span class='ocrx_word' id='word_1_118' title='bbox 127 2035 216 2104; x_wconf 76' lang='lat' dir='ltr'><strong>duria</strong></span> <span class='ocrx_word' id='word_1_119' title='bbox 231 2033 354 2105; x_wconf 87' lang='lat' dir='ltr'><strong>debeat</strong></span> <span class='ocrx_word' id='word_1_120' title='bbox 363 2055 564 2121; x_wconf 90' lang='lat' dir='ltr'><strong>comparere,</strong></span> <span class='ocrx_word' id='word_1_121' title='bbox 581 2034 693 2118; x_wconf 90' lang='lat' dir='ltr'><strong>ibique</strong></span> <span class='ocrx_word' id='word_1_122' title='bbox 703 2052 788 2120; x_wconf 90' lang='lat' dir='ltr'><strong>eum,</strong></span> <span class='ocrx_word' id='word_1_123' title='bbox 806 2031 862 2118; x_wconf 92' lang='lat' dir='ltr'><strong>qui</strong></span> <span class='ocrx_word' id='word_1_124' title='bbox 877 2031 941 2099; x_wconf 88' lang='lat' dir='ltr'><strong>sibi</strong></span> <span class='ocrx_word' id='word_1_125' title='bbox 957 2031 1109 2102; x_wconf 92' lang='lat' dir='ltr'><strong>iniuriam</strong></span> <span class='ocrx_word' id='word_1_126' title='bbox 1125 2034 1243 2125; x_wconf 91' lang='lat' dir='ltr'><strong>intulit,</strong></span> 
     </span>
     <span class='ocr_line' id='line_1_17' title="bbox 128 2137 1244 2229; baseline 0.001 -19"><span class='ocrx_word' id='word_1_127' title='bbox 128 2144 308 2229; x_wconf 89' lang='lat' dir='ltr'><strong>declarare;</strong></span> <span class='ocrx_word' id='word_1_128' title='bbox 334 2151 455 2211; x_wconf 88' lang='lat' dir='ltr'><strong>etcum</strong></span> <span class='ocrx_word' id='word_1_129' title='bbox 471 2143 519 2210; x_wconf 92' lang='lat' dir='ltr'><strong>sic</strong></span> <span class='ocrx_word' id='word_1_130' title='bbox 534 2141 658 2225; x_wconf 91' lang='lat' dir='ltr'><strong>feccrit,</strong></span> <span class='ocrx_word' id='word_1_131' title='bbox 683 2147 760 2208; x_wconf 90' lang='lat' dir='ltr'><strong>tunc</strong></span> <span class='ocrx_word' id='word_1_132' title='bbox 775 2137 873 2208; x_wconf 80' lang='lat' dir='ltr'><strong>Ouria</strong></span> <span class='ocrx_word' id='word_1_133' title='bbox 888 2139 986 2225; x_wconf 89' lang='lat' dir='ltr'><strong>illius,</strong></span> <span class='ocrx_word' id='word_1_134' title='bbox 1012 2143 1067 2226; x_wconf 92' lang='lat' dir='ltr'><strong>qui</strong></span> <span class='ocrx_word' id='word_1_135' title='bbox 1091 2141 1244 2211; x_wconf 91' lang='lat' dir='ltr'><strong>iniuriam</strong></span> 
     </span>
     <span class='ocr_line' id='line_1_18' title="bbox 129 2249 1245 2338; baseline 0.004 -22"><span class='ocrx_word' id='word_1_136' title='bbox 129 2250 206 2338; x_wconf 90' lang='lat' dir='ltr'><strong>fecit,</strong></span> <span class='ocrx_word' id='word_1_137' title='bbox 230 2249 328 2318; x_wconf 86' lang='lat' dir='ltr'><strong>fidem</strong></span> <span class='ocrx_word' id='word_1_138' title='bbox 344 2250 500 2319; x_wconf 88' lang='lat' dir='ltr'><strong>adhibeat</strong></span> <span class='ocrx_word' id='word_1_139' title='bbox 515 2251 696 2334; x_wconf 87' lang='lat' dir='ltr'><strong>vulnerato,</strong></span> <span class='ocrx_word' id='word_1_140' title='bbox 722 2255 755 2316; x_wconf 91' lang='lat' dir='ltr'><strong>et</strong></span> <span class='ocrx_word' id='word_1_141' title='bbox 770 2265 870 2334; x_wconf 87' lang='lat' dir='ltr'><strong>super</strong></span> <span class='ocrx_word' id='word_1_142' title='bbox 885 2249 1005 2317; x_wconf 91' lang='lat' dir='ltr'><strong>damno</strong></span> <span class='ocrx_word' id='word_1_143' title='bbox 1029 2251 1135 2320; x_wconf 90' lang='lat' dir='ltr'><strong>eidem</strong></span> <span class='ocrx_word' id='word_1_144' title='bbox 1151 2251 1245 2321; x_wconf 89' lang='lat' dir='ltr'><strong>illato</strong></span> 
     </span>
     <span class='ocr_line' id='line_1_19' title="bbox 131 2357 1244 2428; baseline 0.002 -4"><span class='ocrx_word' id='word_1_145' title='bbox 131 2359 278 2426; x_wconf 86' lang='lat' dir='ltr'><strong>adecem</strong></span> <span class='ocrx_word' id='word_1_146' title='bbox 302 2359 397 2427; x_wconf 89' lang='lat' dir='ltr'><strong>libris</strong></span> <span class='ocrx_word' id='word_1_147' title='bbox 422 2357 559 2428; x_wconf 87' lang='lat' dir='ltr'><strong>iuferius</strong></span> <span class='ocrx_word' id='word_1_148' title='bbox 590 2364 657 2427; x_wconf 88' lang='lat' dir='ltr'><strong>tres</strong></span> <span class='ocrx_word' id='word_1_149' title='bbox 683 2357 803 2424; x_wconf 89' lang='lat' dir='ltr'><strong>debeat</strong></span> <span class='ocrx_word' id='word_1_150' title='bbox 828 2357 1104 2428; x_wconf 85' lang='lat' dir='ltr'><strong>sacramentarios</strong></span> <span class='ocrx_word' id='word_1_151' title='bbox 1136 2380 1244 2428; x_wconf 89' lang='lat' dir='ltr'><strong>coram</strong></span> 
     </span>
     <span class='ocr_line' id='line_1_20' title="bbox 132 2465 1244 2554; baseline 0.001 -21"><span class='ocrx_word' id='word_1_152' title='bbox 132 2465 219 2533; x_wconf 76' lang='lat' dir='ltr'><strong>(turia</strong></span> <span class='ocrx_word' id='word_1_153' title='bbox 234 2467 400 2552; x_wconf 85' lang='lat' dir='ltr'><strong>exhibere,</strong></span> <span class='ocrx_word' id='word_1_154' title='bbox 425 2473 458 2533; x_wconf 90' lang='lat' dir='ltr'><strong>et</strong></span> <span class='ocrx_word' id='word_1_155' title='bbox 474 2487 495 2533; x_wconf 87' lang='lat' dir='ltr'><strong>a</strong></span> <span class='ocrx_word' id='word_1_156' title='bbox 509 2466 628 2552; x_wconf 86' lang='lat' dir='ltr'><strong>uiginti</strong></span> <span class='ocrx_word' id='word_1_157' title='bbox 643 2465 778 2533; x_wconf 90' lang='lat' dir='ltr'><strong>inferius</strong></span> <span class='ocrx_word' id='word_1_158' title='bbox 804 2483 863 2532; x_wconf 84' lang='lat' dir='ltr'><strong>sex</strong></span> <span class='ocrx_word' id='word_1_159' title='bbox 881 2465 1060 2550; x_wconf 89' lang='lat' dir='ltr'><strong>producere</strong></span> <span class='ocrx_word' id='word_1_160' title='bbox 1085 2471 1244 2554; x_wconf 91' lang='lat' dir='ltr'><strong>teneatur,</strong></span> 
     </span>
     <span class='ocr_line' id='line_1_21' title="bbox 131 2571 1245 2660; baseline 0.005 -25"><span class='ocrx_word' id='word_1_161' title='bbox 131 2571 161 2637; x_wconf 91' lang='lat' dir='ltr'><strong>in</strong></span> <span class='ocrx_word' id='word_1_162' title='bbox 184 2575 295 2643; x_wconf 88' lang='lat' dir='ltr'><strong>maiori</strong></span> <span class='ocrx_word' id='word_1_163' title='bbox 320 2594 398 2642; x_wconf 83' lang='lat' dir='ltr'><strong>vcro</strong></span> <span class='ocrx_word' id='word_1_164' title='bbox 425 2573 607 2660; x_wconf 86' lang='lat' dir='ltr'><strong>quantitate</strong></span> <span class='ocrx_word' id='word_1_165' title='bbox 632 2573 769 2642; x_wconf 86' lang='lat' dir='ltr'><strong>arbitrio</strong></span> <span class='ocrx_word' id='word_1_166' title='bbox 796 2571 893 2641; x_wconf 83' lang='lat' dir='ltr'><strong>Ourie</strong></span> <span class='ocrx_word' id='word_1_167' title='bbox 915 2573 1053 2642; x_wconf 91' lang='lat' dir='ltr'><strong>dicimus</strong></span> <span class='ocrx_word' id='word_1_168' title='bbox 1070 2593 1142 2642; x_wconf 91' lang='lat' dir='ltr'><strong>esse</strong></span> <span class='ocrx_word' id='word_1_169' title='bbox 1159 2584 1245 2643; x_wconf 91' lang='lat' dir='ltr'><strong>stan-</strong></span> 
     </span>
     <span class='ocr_line' id='line_1_22' title="bbox 133 2679 1244 2773; baseline 0.008 -28"><span class='ocrx_word' id='word_1_170' title='bbox 133 2679 218 2765; x_wconf 88' lang='lat' dir='ltr'><strong>dum;</strong></span> <span class='ocrx_word' id='word_1_171' title='bbox 235 2689 266 2749; x_wconf 90' lang='lat' dir='ltr'><strong>et</strong></span> <span class='ocrx_word' id='word_1_172' title='bbox 282 2702 354 2750; x_wconf 91' lang='lat' dir='ltr'><strong>cnm</strong></span> <span class='ocrx_word' id='word_1_173' title='bbox 369 2687 608 2750; x_wconf 88' lang='lat' dir='ltr'><strong>sacramentum</strong></span> <span class='ocrx_word' id='word_1_174' title='bbox 627 2679 773 2749; x_wconf 89' lang='lat' dir='ltr'><strong>fecerunt</strong></span> <span class='ocrx_word' id='word_1_175' title='bbox 788 2701 861 2748; x_wconf 91' lang='lat' dir='ltr'><strong>cum</strong></span> <span class='ocrx_word' id='word_1_176' title='bbox 877 2681 946 2748; x_wconf 90' lang='lat' dir='ltr'><strong>suis</strong></span> <span class='ocrx_word' id='word_1_177' title='bbox 965 2685 1244 2773; x_wconf 84' lang='lat' dir='ltr'><strong>sacramentarijs,</strong></span> 
     </span>
     <span class='ocr_line' id='line_1_23' title="bbox 135 2787 1246 2876; baseline 0.007 -24"><span class='ocrx_word' id='word_1_178' title='bbox 135 2787 299 2856; x_wconf 89' lang='lat' dir='ltr'><strong>secundum</strong></span> <span class='ocrx_word' id='word_1_179' title='bbox 323 2788 462 2857; x_wconf 91' lang='lat' dir='ltr'><strong>formam</strong></span> <span class='ocrx_word' id='word_1_180' title='bbox 478 2787 658 2875; x_wconf 86' lang='lat' dir='ltr'><strong>predictam</strong></span> <span class='ocrx_word' id='word_1_181' title='bbox 680 2790 766 2858; x_wconf 89' lang='lat' dir='ltr'><strong>latro</strong></span> <span class='ocrx_word' id='word_1_182' title='bbox 781 2809 839 2857; x_wconf 91' lang='lat' dir='ltr'><strong>sen</strong></span> <span class='ocrx_word' id='word_1_183' title='bbox 857 2789 957 2876; x_wconf 91' lang='lat' dir='ltr'><strong>predo</strong></span> <span class='ocrx_word' id='word_1_184' title='bbox 974 2797 1123 2860; x_wconf 89' lang='lat' dir='ltr'><strong>teneatur</strong></span> <span class='ocrx_word' id='word_1_185' title='bbox 1141 2793 1246 2861; x_wconf 92' lang='lat' dir='ltr'><strong>eidem</strong></span> 
     </span>
     <span class='ocr_line' id='line_1_24' title="bbox 134 2893 1246 2986; baseline 0.009 -27.953"><span class='ocrx_word' id='word_1_186' title='bbox 134 2893 276 2962; x_wconf 89' lang='lat' dir='ltr'><strong>damnum</strong></span> <span class='ocrx_word' id='word_1_187' title='bbox 290 2895 497 2981; x_wconf 81' lang='lat' dir='ltr'><strong>integraliter</strong></span> <span class='ocrx_word' id='word_1_188' title='bbox 512 2903 708 2982; x_wconf 87' lang='lat' dir='ltr'><strong>restaurare,</strong></span> <span class='ocrx_word' id='word_1_189' title='bbox 725 2897 884 2965; x_wconf 84' lang='lat' dir='ltr'><strong>soluendo</strong></span> <span class='ocrx_word' id='word_1_190' title='bbox 900 2898 1033 2986; x_wconf 92' lang='lat' dir='ltr'><strong>iusuper</strong></span> <span class='ocrx_word' id='word_1_191' title='bbox 1053 2919 1112 2968; x_wconf 90' lang='lat' dir='ltr'><strong>suo</strong></span> <span class='ocrx_word' id='word_1_192' title='bbox 1129 2899 1246 2969; x_wconf 81' lang='lat' dir='ltr'><strong>Oomiti</strong></span> 
     </span>
     <span class='ocr_line' id='line_1_25' title="bbox 17 2997 1248 3093; baseline 0.008 -26"><span class='ocrx_word' id='word_1_193' title='bbox 17 2997 19 3036; x_wconf 69' lang='lat'>³</span> <span class='ocrx_word' id='word_1_194' title='bbox 133 3021 184 3086; x_wconf 94' lang='lat' dir='ltr'><strong>pro</strong></span> <span class='ocrx_word' id='word_1_195' title='bbox 200 3004 304 3073; x_wconf 92' lang='lat' dir='ltr'><strong>banno</strong></span> <span class='ocrx_word' id='word_1_196' title='bbox 330 3003 501 3073; x_wconf 88' lang='lat' dir='ltr'><strong>duodecim</strong></span> <span class='ocrx_word' id='word_1_197' title='bbox 527 3011 735 3088; x_wconf 89' lang='lat' dir='ltr'><strong>romanatos;</strong></span> <span class='ocrx_word' id='word_1_198' title='bbox 761 3005 789 3072; x_wconf 92' lang='lat' dir='ltr'><strong>si</strong></span> <span class='ocrx_word' id='word_1_199' title='bbox 806 3023 882 3074; x_wconf 84' lang='lat' dir='ltr'><strong>uero</strong></span> <span class='ocrx_word' id='word_1_200' title='bbox 907 3005 1062 3074; x_wconf 91' lang='lat' dir='ltr'><strong>damnum</strong></span> <span class='ocrx_word' id='word_1_201' title='bbox 1088 3009 1248 3093; x_wconf 89' lang='lat' dir='ltr'><strong>nequierit</strong></span> 
     </span>
     <span class='ocr_line' id='line_1_26' title="bbox 17 3105 1247 3201; baseline 0.01 -28"><span class='ocrx_word' id='word_1_202' title='bbox 17 3119 18 3130; x_wconf 50' lang='lat'>³</span> <span class='ocrx_word' id='word_1_203' title='bbox 134 3109 306 3198; x_wconf 88' lang='lat' dir='ltr'><strong>emendare,</strong></span> <span class='ocrx_word' id='word_1_204' title='bbox 335 3119 410 3180; x_wconf 89' lang='lat' dir='ltr'><strong>tunc</strong></span> <span class='ocrx_word' id='word_1_205' title='bbox 426 3131 487 3179; x_wconf 90' lang='lat' dir='ltr'><strong>sua</strong></span> <span class='ocrx_word' id='word_1_206' title='bbox 505 3111 726 3180; x_wconf 72' lang='lat' dir='ltr'><strong>communitas</strong></span> <span class='ocrx_word' id='word_1_207' title='bbox 742 3105 848 3199; x_wconf 75' lang='lat' dir='ltr'><strong>ipdnm</strong></span> <span class='ocrx_word' id='word_1_208' title='bbox 865 3114 984 3201; x_wconf 91' lang='lat' dir='ltr'><strong>capiat,</strong></span> <span class='ocrx_word' id='word_1_209' title='bbox 1005 3123 1038 3182; x_wconf 91' lang='lat' dir='ltr'><strong>et</strong></span> <span class='ocrx_word' id='word_1_210' title='bbox 1053 3135 1153 3201; x_wconf 92' lang='lat' dir='ltr'><strong>passo</strong></span> <span class='ocrx_word' id='word_1_211' title='bbox 1168 3115 1247 3185; x_wconf 91' lang='lat' dir='ltr'><strong>iniu-</strong></span> 
     </span>
     <span class='ocr_line' id='line_1_27' title="bbox 134 3218 1246 3308; baseline 0.008 -25"><span class='ocrx_word' id='word_1_212' title='bbox 134 3218 208 3284; x_wconf 90' lang='lat' dir='ltr'><strong>riam</strong></span> <span class='ocrx_word' id='word_1_213' title='bbox 232 3219 426 3306; x_wconf 89' lang='lat' dir='ltr'><strong>applicetur.</strong></span> <span class='ocrx_word' id='word_1_214' title='bbox 453 3223 535 3288; x_wconf 92' lang='lat' dir='ltr'><strong>Item</strong></span> <span class='ocrx_word' id='word_1_215' title='bbox 552 3220 581 3286; x_wconf 93' lang='lat' dir='ltr'><strong>si</strong></span> <span class='ocrx_word' id='word_1_216' title='bbox 606 3220 724 3288; x_wconf 91' lang='lat' dir='ltr'><strong>furtum</strong></span> <span class='ocrx_word' id='word_1_217' title='bbox 741 3221 794 3289; x_wconf 89' lang='lat' dir='ltr'><strong>vel</strong></span> <span class='ocrx_word' id='word_1_218' title='bbox 810 3222 964 3289; x_wconf 90' lang='lat' dir='ltr'><strong>damnum</strong></span> <span class='ocrx_word' id='word_1_219' title='bbox 989 3221 1120 3308; x_wconf 86' lang='lat' dir='ltr'><strong>aliquod</strong></span> <span class='ocrx_word' id='word_1_220' title='bbox 1136 3223 1246 3294; x_wconf 89' lang='lat' dir='ltr'><strong>datum</strong></span> 
     </span>
     <span class='ocr_line' id='line_1_28' title="bbox 131 3322 1247 3422; baseline 0.011 -33"><span class='ocrx_word' id='word_1_221' title='bbox 131 3322 222 3390; x_wconf 81' lang='lat' dir='ltr'><strong>fuerit</strong></span> <span class='ocrx_word' id='word_1_222' title='bbox 246 3326 346 3393; x_wconf 89' lang='lat' dir='ltr'><strong>alicui</strong></span> <span class='ocrx_word' id='word_1_223' title='bbox 373 3326 556 3394; x_wconf 84' lang='lat' dir='ltr'><strong>Sibenuano</strong></span> <span class='ocrx_word' id='word_1_224' title='bbox 581 3328 623 3394; x_wconf 90' lang='lat' dir='ltr'><strong>ab</strong></span> <span class='ocrx_word' id='word_1_225' title='bbox 649 3327 761 3411; x_wconf 90' lang='lat' dir='ltr'><strong>aliquo</strong></span> <span class='ocrx_word' id='word_1_226' title='bbox 777 3327 972 3413; x_wconf 74' lang='lat' dir='ltr'><strong>Tragurino,</strong></span> <span class='ocrx_word' id='word_1_227' title='bbox 998 3331 1051 3398; x_wconf 85' lang='lat' dir='ltr'><strong>rel</strong></span> <span class='ocrx_word' id='word_1_228' title='bbox 1077 3340 1247 3422; x_wconf 75' lang='lat' dir='ltr'><strong>econtra,</strong></span> 
     </span>
     <span class='ocr_line' id='line_1_29' title="bbox 128 3432 1246 3530; baseline 0.012 -32"><span class='ocrx_word' id='word_1_229' title='bbox 128 3437 199 3501; x_wconf 91' lang='lat' dir='ltr'><strong>tuuc</strong></span> <span class='ocrx_word' id='word_1_230' title='bbox 211 3453 403 3519; x_wconf 86' lang='lat' dir='ltr'><strong>unaqueque</strong></span> <span class='ocrx_word' id='word_1_231' title='bbox 418 3432 641 3502; x_wconf 76' lang='lat' dir='ltr'><strong>communitas</strong></span> <span class='ocrx_word' id='word_1_232' title='bbox 657 3441 809 3502; x_wconf 89' lang='lat' dir='ltr'><strong>teneatur</strong></span> <span class='ocrx_word' id='word_1_233' title='bbox 824 3436 987 3520; x_wconf 90' lang='lat' dir='ltr'><strong>inquirere</strong></span> <span class='ocrx_word' id='word_1_234' title='bbox 1005 3441 1093 3506; x_wconf 90' lang='lat' dir='ltr'><strong>bona</strong></span> <span class='ocrx_word' id='word_1_235' title='bbox 1107 3442 1171 3508; x_wconf 90' lang='lat' dir='ltr'><strong>fide</strong></span> <span class='ocrx_word' id='word_1_236' title='bbox 1187 3464 1246 3530; x_wconf 92' lang='lat' dir='ltr'><strong>pro</strong></span> 
     </span>
     <span class='ocr_line' id='line_1_30' title="bbox 129 3539 1248 3634; baseline 0.009 -28"><span class='ocrx_word' id='word_1_237' title='bbox 129 3559 222 3625; x_wconf 91' lang='lat' dir='ltr'><strong>posse</strong></span> <span class='ocrx_word' id='word_1_238' title='bbox 238 3561 308 3626; x_wconf 89' lang='lat' dir='ltr'><strong>suo,</strong></span> <span class='ocrx_word' id='word_1_239' title='bbox 336 3542 419 3607; x_wconf 90' lang='lat' dir='ltr'><strong>sicut</strong></span> <span class='ocrx_word' id='word_1_240' title='bbox 442 3539 566 3608; x_wconf 90' lang='lat' dir='ltr'><strong>faceret</strong></span> <span class='ocrx_word' id='word_1_241' title='bbox 591 3542 624 3610; x_wconf 92' lang='lat' dir='ltr'><strong>in</strong></span> <span class='ocrx_word' id='word_1_242' title='bbox 640 3543 737 3610; x_wconf 89' lang='lat' dir='ltr'><strong>rebus</strong></span> <span class='ocrx_word' id='word_1_243' title='bbox 755 3543 896 3630; x_wconf 89' lang='lat' dir='ltr'><strong>proprijs</strong></span> <span class='ocrx_word' id='word_1_244' title='bbox 921 3545 1141 3634; x_wconf 90' lang='lat' dir='ltr'><strong>inquirendis;</strong></span> <span class='ocrx_word' id='word_1_245' title='bbox 1167 3558 1199 3618; x_wconf 93' lang='lat' dir='ltr'><strong>et</strong></span> <span class='ocrx_word' id='word_1_246' title='bbox 1219 3552 1248 3618; x_wconf 88' lang='lat' dir='ltr'><strong>si</strong></span> 
     </span>
     <span class='ocr_line' id='line_1_31' title="bbox 125 3648 1247 3745; baseline 0.014 -34"><span class='ocrx_word' id='word_1_247' title='bbox 125 3648 240 3734; x_wconf 91' lang='lat' dir='ltr'><strong>inquiri</strong></span> <span class='ocrx_word' id='word_1_248' title='bbox 256 3649 388 3736; x_wconf 90' lang='lat' dir='ltr'><strong>poterit,</strong></span> <span class='ocrx_word' id='word_1_249' title='bbox 406 3650 461 3734; x_wconf 92' lang='lat' dir='ltr'><strong>qui</strong></span> <span class='ocrx_word' id='word_1_250' title='bbox 478 3651 649 3736; x_wconf 90' lang='lat' dir='ltr'><strong>commisit,</strong></span> <span class='ocrx_word' id='word_1_251' title='bbox 666 3659 742 3718; x_wconf 91' lang='lat' dir='ltr'><strong>tunc</strong></span> <span class='ocrx_word' id='word_1_252' title='bbox 760 3671 812 3718; x_wconf 91' lang='lat' dir='ltr'><strong>res</strong></span> <span class='ocrx_word' id='word_1_253' title='bbox 829 3651 960 3723; x_wconf 90' lang='lat' dir='ltr'><strong>domino</strong></span> <span class='ocrx_word' id='word_1_254' title='bbox 978 3675 1037 3726; x_wconf 91' lang='lat' dir='ltr'><strong>suo</strong></span> <span class='ocrx_word' id='word_1_255' title='bbox 1054 3660 1247 3745; x_wconf 86' lang='lat' dir='ltr'><strong>assignetur,</strong></span> 
     </span>
     <span class='ocr_line' id='line_1_32' title="bbox 124 3757 1248 3854; baseline 0.014 -34"><span class='ocrx_word' id='word_1_256' title='bbox 124 3757 172 3821; x_wconf 92' lang='lat' dir='ltr'><strong>uel</strong></span> <span class='ocrx_word' id='word_1_257' title='bbox 201 3758 351 3844; x_wconf 84' lang='lat' dir='ltr'><strong>cupiatur</strong></span> <span class='ocrx_word' id='word_1_258' title='bbox 366 3757 399 3823; x_wconf 91' lang='lat' dir='ltr'><strong>in</strong></span> <span class='ocrx_word' id='word_1_259' title='bbox 415 3776 600 3844; x_wconf 91' lang='lat' dir='ltr'><strong>personam,</strong></span> <span class='ocrx_word' id='word_1_260' title='bbox 628 3766 660 3825; x_wconf 91' lang='lat' dir='ltr'><strong>et</strong></span> <span class='ocrx_word' id='word_1_261' title='bbox 683 3777 841 3846; x_wconf 91' lang='lat' dir='ltr'><strong>perpesso</strong></span> <span class='ocrx_word' id='word_1_262' title='bbox 866 3761 1020 3830; x_wconf 91' lang='lat' dir='ltr'><strong>iniuriam</strong></span> <span class='ocrx_word' id='word_1_263' title='bbox 1046 3766 1248 3854; x_wconf 74' lang='lat' dir='ltr'><strong>conferatur,</strong></span> 
     </span>
     <span class='ocr_line' id='line_1_33' title="bbox 17 3863 1249 3955; baseline 0.006 -21"><span class='ocrx_word' id='word_1_264' title='bbox 17 3899 18 3934; x_wconf 73' lang='grc'>;</span> <span class='ocrx_word' id='word_1_265' title='bbox 123 3863 149 3928; x_wconf 84' lang='lat' dir='ltr'><strong>si</strong></span> <span class='ocrx_word' id='word_1_266' title='bbox 168 3885 245 3932; x_wconf 84' lang='lat' dir='ltr'><strong>uero</strong></span> <span class='ocrx_word' id='word_1_267' title='bbox 260 3863 348 3931; x_wconf 89' lang='lat' dir='ltr'><strong>infra</strong></span> <span class='ocrx_word' id='word_1_268' title='bbox 363 3870 501 3953; x_wconf 90' lang='lat' dir='ltr'><strong>tempus,</strong></span> <span class='ocrx_word' id='word_1_269' title='bbox 518 3865 552 3932; x_wconf 89' lang='lat' dir='ltr'><strong>in</strong></span> <span class='ocrx_word' id='word_1_270' title='bbox 567 3887 630 3950; x_wconf 91' lang='lat' dir='ltr'><strong>quo</strong></span> <span class='ocrx_word' id='word_1_271' title='bbox 648 3867 775 3952; x_wconf 89' lang='lat' dir='ltr'><strong>questio</strong></span> <span class='ocrx_word' id='word_1_272' title='bbox 792 3869 988 3955; x_wconf 90' lang='lat' dir='ltr'><strong>ventillatur,</strong></span> <span class='ocrx_word' id='word_1_273' title='bbox 1010 3873 1200 3941; x_wconf 87' lang='lat' dir='ltr'><strong>malefactor</strong></span> <span class='ocrx_word' id='word_1_274' title='bbox 1215 3877 1249 3943; x_wconf 92' lang='lat' dir='ltr'><strong>in</strong></span> 
     </span>
     <span class='ocr_line' id='line_1_34' title="bbox 17 3967 1249 4066; baseline 0.013 -31"><span class='ocrx_word' id='word_1_275' title='bbox 17 3967 18 3984; x_wconf 63' lang='lat'>¹</span> <span class='ocrx_word' id='word_1_276' title='bbox 119 3970 231 4055; x_wconf 79' lang='lat' dir='ltr'><strong>lugam</strong></span> <span class='ocrx_word' id='word_1_277' title='bbox 247 3991 424 4040; x_wconf 88' lang='lat' dir='ltr'><strong>conuersus</strong></span> <span class='ocrx_word' id='word_1_278' title='bbox 451 3973 555 4059; x_wconf 92' lang='lat' dir='ltr'><strong>fuerit,</strong></span> <span class='ocrx_word' id='word_1_279' title='bbox 574 3995 765 4062; x_wconf 86' lang='lat' dir='ltr'><strong>unaqueque</strong></span> <span class='ocrx_word' id='word_1_280' title='bbox 782 3973 1005 4047; x_wconf 75' lang='lat' dir='ltr'><strong>communitas</strong></span> <span class='ocrx_word' id='word_1_281' title='bbox 1032 4001 1089 4066; x_wconf 91' lang='lat' dir='ltr'><strong>pro</strong></span> <span class='ocrx_word' id='word_1_282' title='bbox 1106 4000 1145 4050; x_wconf 91' lang='lat' dir='ltr'><strong>eo</strong></span> <span class='ocrx_word' id='word_1_283' title='bbox 1162 3983 1249 4052; x_wconf 91' lang='lat' dir='ltr'><strong>inue-</strong></span> 
     </span>
    </p>
   </div>
   <div class='ocr_carea' id='block_1_5' title="bbox 17 4079 1249 4170">
    <p class='ocr_par' dir='ltr' id='par_1_5' title="bbox 17 4079 1249 4170">
     <span class='ocr_line' id='line_1_35' title="bbox 17 4079 1249 4170; baseline 0.011 -22"><span class='ocrx_word' id='word_1_284' title='bbox 17 4109 18 4148; x_wconf 76' lang='lat' dir='ltr'><strong>r</strong></span> <span class='ocrx_word' id='word_1_285' title='bbox 118 4079 239 4148; x_wconf 87' lang='lat' dir='ltr'><strong>niendo</strong></span> <span class='ocrx_word' id='word_1_286' title='bbox 265 4089 417 4148; x_wconf 90' lang='lat' dir='ltr'><strong>teneatur</strong></span> <span class='ocrx_word' id='word_1_287' title='bbox 433 4103 493 4169; x_wconf 91' lang='lat' dir='ltr'><strong>pro</strong></span> <span class='ocrx_word' id='word_1_288' title='bbox 510 4082 633 4152; x_wconf 86' lang='lat' dir='ltr'><strong>uiribus</strong></span> <span class='ocrx_word' id='word_1_289' title='bbox 649 4084 821 4169; x_wconf 86' lang='lat' dir='ltr'><strong>laborare;</strong></span> <span class='ocrx_word' id='word_1_290' title='bbox 846 4087 932 4170; x_wconf 92' lang='lat' dir='ltr'><strong>quod</strong></span> <span class='ocrx_word' id='word_1_291' title='bbox 950 4087 978 4154; x_wconf 90' lang='lat' dir='ltr'><strong>si</strong></span> <span class='ocrx_word' id='word_1_292' title='bbox 995 4089 1184 4158; x_wconf 86' lang='lat' dir='ltr'><strong>malefactor</strong></span> <span class='ocrx_word' id='word_1_293' title='bbox 1206 4095 1249 4161; x_wconf 87' lang='lat' dir='ltr'><strong>ad</strong></span> 
     </span>
    </p>
   </div>
   <div class='ocr_carea' id='block_1_6' title="bbox 17 4189 1251 4720">
    <p class='ocr_par' dir='ltr' id='par_1_6' title="bbox 17 4189 1251 4720">
     <span class='ocr_line' id='line_1_36' title="bbox 17 4189 1248 4287; baseline 0.015 -36"><span class='ocrx_word' id='word_1_294' title='bbox 17 4275 18 4280; x_wconf 5' lang='grc' dir='ltr'>ἵ</span> <span class='ocrx_word' id='word_1_295' title='bbox 116 4207 213 4256; x_wconf 86' lang='lat' dir='ltr'><strong>suam</strong></span> <span class='ocrx_word' id='word_1_296' title='bbox 230 4189 409 4257; x_wconf 85' lang='lat' dir='ltr'><strong>Oiuitatem</strong></span> <span class='ocrx_word' id='word_1_297' title='bbox 436 4198 606 4277; x_wconf 89' lang='lat' dir='ltr'><strong>remearet,</strong></span> <span class='ocrx_word' id='word_1_298' title='bbox 624 4190 750 4260; x_wconf 84' lang='lat' dir='ltr'><strong>Oiuitas</strong></span> <span class='ocrx_word' id='word_1_299' title='bbox 766 4192 849 4279; x_wconf 88' lang='lat' dir='ltr'><strong>ipsa,</strong></span> <span class='ocrx_word' id='word_1_300' title='bbox 877 4214 939 4280; x_wconf 92' lang='lat' dir='ltr'><strong>que</strong></span> <span class='ocrx_word' id='word_1_301' title='bbox 956 4195 1062 4281; x_wconf 89' lang='lat' dir='ltr'><strong>ipsum</strong></span> <span class='ocrx_word' id='word_1_302' title='bbox 1079 4203 1248 4287; x_wconf 89' lang='lat' dir='ltr'><strong>receperit,</strong></span> 
     </span>
     <span class='ocr_line' id='line_1_37' title="bbox 17 4289 1250 4394; baseline 0.014 -35"><span class='ocrx_word' id='word_1_303' title='bbox 17 4289 18 4320; x_wconf 65' lang='lat'><em>³</em></span> <span class='ocrx_word' id='word_1_304' title='bbox 116 4305 269 4365; x_wconf 87' lang='lat' dir='ltr'><strong>teneatur</strong></span> <span class='ocrx_word' id='word_1_305' title='bbox 280 4295 437 4364; x_wconf 91' lang='lat' dir='ltr'><strong>damnum</strong></span> <span class='ocrx_word' id='word_1_306' title='bbox 446 4298 652 4385; x_wconf 84' lang='lat' dir='ltr'><strong>integraliter</strong></span> <span class='ocrx_word' id='word_1_307' title='bbox 661 4299 830 4368; x_wconf 89' lang='lat' dir='ltr'><strong>resarcire.</strong></span> <span class='ocrx_word' id='word_1_308' title='bbox 848 4303 930 4368; x_wconf 91' lang='lat' dir='ltr'><strong>ltem</strong></span> <span class='ocrx_word' id='word_1_309' title='bbox 942 4303 1146 4393; x_wconf 89' lang='lat' dir='ltr'><strong>precipimus,</strong></span> <span class='ocrx_word' id='word_1_310' title='bbox 1164 4310 1250 4394; x_wconf 93' lang='lat' dir='ltr'><strong>quod</strong></span> 
     </span>
     <span class='ocr_line' id='line_1_38' title="bbox 114 4402 1250 4506; baseline 0.018 -39"><span class='ocrx_word' id='word_1_311' title='bbox 114 4402 144 4467; x_wconf 90' lang='lat' dir='ltr'><strong>si</strong></span> <span class='ocrx_word' id='word_1_312' title='bbox 161 4404 266 4472; x_wconf 89' lang='lat' dir='ltr'><strong>alicui</strong></span> <span class='ocrx_word' id='word_1_313' title='bbox 283 4405 489 4473; x_wconf 86' lang='lat' dir='ltr'><strong>Sibenicensi</strong></span> <span class='ocrx_word' id='word_1_314' title='bbox 505 4407 557 4473; x_wconf 89' lang='lat' dir='ltr'><strong>vel</strong></span> <span class='ocrx_word' id='word_1_315' title='bbox 577 4407 790 4506; x_wconf 75' lang='lat' dir='ltr'><strong>Traguriensi</strong></span> <span class='ocrx_word' id='word_1_316' title='bbox 817 4407 969 4476; x_wconf 90' lang='lat' dir='ltr'><strong>damnum</strong></span> <span class='ocrx_word' id='word_1_317' title='bbox 990 4411 1117 4481; x_wconf 90' lang='lat' dir='ltr'><strong>illatum</strong></span> <span class='ocrx_word' id='word_1_318' title='bbox 1142 4415 1250 4504; x_wconf 89' lang='lat' dir='ltr'><strong>fuerit,</strong></span> 
     </span>
     <span class='ocr_line' id='line_1_39' title="bbox 116 4511 1249 4610; baseline 0.017 -35"><span class='ocrx_word' id='word_1_319' title='bbox 116 4519 149 4575; x_wconf 86' lang='lat' dir='ltr'><strong>et</strong></span> <span class='ocrx_word' id='word_1_320' title='bbox 163 4511 313 4582; x_wconf 89' lang='lat' dir='ltr'><strong>latrones</strong></span> <span class='ocrx_word' id='word_1_321' title='bbox 330 4531 388 4582; x_wconf 88' lang='lat' dir='ltr'><strong>seu</strong></span> <span class='ocrx_word' id='word_1_322' title='bbox 404 4514 566 4600; x_wconf 88' lang='lat' dir='ltr'><strong>predones</strong></span> <span class='ocrx_word' id='word_1_323' title='bbox 583 4516 795 4584; x_wconf 91' lang='lat' dir='ltr'><strong>transiuerint</strong></span> <span class='ocrx_word' id='word_1_324' title='bbox 811 4535 869 4602; x_wconf 91' lang='lat' dir='ltr'><strong>per</strong></span> <span class='ocrx_word' id='word_1_325' title='bbox 885 4517 1081 4588; x_wconf 85' lang='lat' dir='ltr'><strong>territorium</strong></span> <span class='ocrx_word' id='word_1_326' title='bbox 1092 4525 1249 4610; x_wconf 72' lang='lat' dir='ltr'><strong>predicta-</strong></span> 
     </span>
     <span class='ocr_line' id='line_1_40' title="bbox 116 4621 1251 4720; baseline 0.022 -36"><span class='ocrx_word' id='word_1_327' title='bbox 116 4635 190 4685; x_wconf 89' lang='lat' dir='ltr'><strong>rum</strong></span> <span class='ocrx_word' id='word_1_328' title='bbox 208 4627 382 4706; x_wconf 88' lang='lat' dir='ltr'><strong>terrarum,</strong></span> <span class='ocrx_word' id='word_1_329' title='bbox 409 4629 441 4690; x_wconf 89' lang='lat' dir='ltr'><strong>et</strong></span> <span class='ocrx_word' id='word_1_330' title='bbox 455 4621 506 4688; x_wconf 89' lang='lat' dir='ltr'><strong>illi</strong></span> <span class='ocrx_word' id='word_1_331' title='bbox 523 4642 582 4691; x_wconf 92' lang='lat' dir='ltr'><strong>seu</strong></span> <span class='ocrx_word' id='word_1_332' title='bbox 597 4623 662 4710; x_wconf 94' lang='lat' dir='ltr'><strong>ille,</strong></span> <span class='ocrx_word' id='word_1_333' title='bbox 681 4625 736 4709; x_wconf 91' lang='lat' dir='ltr'><strong>qui</strong></span> <span class='ocrx_word' id='word_1_334' title='bbox 753 4625 843 4710; x_wconf 87' lang='lat' dir='ltr'><strong>passi</strong></span> <span class='ocrx_word' id='word_1_335' title='bbox 859 4633 934 4692; x_wconf 90' lang='lat' dir='ltr'><strong>sunt</strong></span> <span class='ocrx_word' id='word_1_336' title='bbox 955 4628 1116 4720; x_wconf 88' lang='lat' dir='ltr'><strong>iniuriam,</strong></span> <span class='ocrx_word' id='word_1_337' title='bbox 1144 4644 1251 4708; x_wconf 83' lang='lat' dir='ltr'><strong>excla-</strong></span> 
     </span>
    </p>
   </div>
   <div class='ocr_carea' id='block_1_7' title="bbox 0 0 1586 5158">
    <p class='ocr_par' dir='ltr' id='par_1_7' title="bbox 0 0 1586 5158">
     <span class='ocr_line' id='line_1_41' title="bbox 0 0 1586 5158; baseline 0 0"><span class='ocrx_word' id='word_1_338' title='bbox 0 0 1586 5158; x_wconf 95' lang='lat' dir='ltr'><strong> </strong></span> 
     </span>
    </p>
   </div>
  </div>
 </body>
</html>
