3102 5160
832 269 982 374 *mr-

350 475 406 542 nio
421 472 465 540 ad
480 467 857 538 maioremenidenciam
873 477 907 538 ct
921 470 1094 550 cautelam,
1119 489 1229 538 coram
1246 470 1362 557 quihus
1378 463 1479 538 homo

350 587 460 651 noster
475 577 632 664 Magister
647 578 763 644 Petrus
788 577 895 646 dictus
910 578 1028 665 Bylwk
1044 579 1117 647 aute
1132 579 1236 666 Regio
1257 583 1368 648 nostre
1383 578 1479 646 frumi-

350 691 441 759 liaris
457 685 644 756 conuocatis
670 687 901 754 commetaneis
918 691 950 754 et
964 687 1082 756 vicinis
1098 687 1264 757 nobilibus
1281 685 1324 755 de
1339 707 1479 774 genera-

349 801 442 868 cione
458 794 596 863 Chanad
619 794 797 862 secundum
822 795 1089 864 consuetudinem
1103 797 1208 882 Regni
1233 797 1335 865 nostri
1350 797 1384 864 in
1400 817 1477 883 pos-

348 907 547 978 sessionibus
564 904 700 973 Comitis
715 904 889 992 Pangracij
909 905 968 991 filij
978 907 1182 988 Kelemenus
1197 907 1282 974 Bani
1297 907 1339 975 de
1355 923 1480 992 genere

350 1015 487 1085 Chanad
501 1013 719 1100 hereditarijs,
737 1011 915 1102 acquisitis,
932 1015 1062 1082 traditis
1079 1019 1112 1082 ct
1128 1014 1267 1101 donatis,
1293 1022 1398 1082 metas
1415 1015 1479 1081 eri·

350 1129 407 1211 gat
421 1142 535 1210 nouas,
561 1121 617 1187 rbi
634 1121 785 1188 deessent
801 1121 945 1207 antique,
971 1129 1098 1192 veteres
1114 1130 1223 1190 autom
1238 1129 1423 1209 renouaret,
1440 1129 1479 1188 ut

350 1231 488 1300 eundem
504 1229 661 1297 Comitem
671 1228 888 1313 Pongracinm
904 1230 974 1298 eins
990 1231 1205 1299 commetanci
1222 1237 1255 1299 et
1269 1230 1368 1300 vicini
1383 1230 1478 1299 nohi-

347 1343 395 1410 les
411 1340 452 1407 de
467 1359 588 1425 genere
604 1357 663 1405 suc
679 1337 713 1403 in
723 1339 799 1422 jure
814 1359 873 1407 suo
889 1359 953 1404 non
969 1339 1198 1425 inquietarent,
1215 1346 1248 1408 et
1263 1340 1331 1408 suis
1348 1338 1478 1406 heredi·

349 1453 409 1518 bus
419 1448 542 1515 'thome
559 1451 592 1512 et
604 1446 758 1514 Ladizlao
774 1448 910 1533 pacifice
926 1447 1123 1534 possidenda
1132 1455 1347 1536 remanerent,
1364 1451 1394 1517 si
1408 1469 1478 1516 non

347 1560 440 1624 fieret
464 1555 710 1636 contradictum,
739 1552 994 1623 contradictores
1020 1575 1098 1624 vero
1123 1557 1167 1624 ad
1190 1564 1334 1627 nostram
1358 1557 1479 1624 citaret

348 1664 549 1751 presenciam
574 1659 617 1727 ad
642 1662 814 1728 terminum
839 1669 1085 1748 competentem.
1112 1663 1176 1742 Qui
1201 1663 1332 1750 quidem
1357 1665 1478 1734 lideles

348 1775 450 1842 nostri
475 1772 663 1859 Capitulum
689 1770 814 1838 scilicet
839 1770 1068 1840 Olranadicnsc
1084 1781 1116 1841 et
1134 1774 1315 1843 Orodiense
1339 1796 1405 1843 vno
1423 1794 1478 1842 eo·

348 1887 486 1968 demque
500 1891 614 1950 tenore
630 1880 726 1946 nobis
741 1880 977 1966 rescripserunt
992 1881 1024 1948 in
1042 1883 1102 1949 hec
1117 1884 1238 1950 rerba:

455 1987 737 2057 Excellentissimo
762 1987 893 2056 domino
909 2009 968 2057 suo
984 1989 1064 2056 Bela
1080 1989 1143 2058 stb.
1168 1990 1263 2078 (mint
1278 1991 1377 2058 alrtbb
1399 1995 1478 2060 169.

346 2105 435 2170 snam
451 2095 558 2186 alatt.)

454 2207 524 2274 Nos
539 2204 693 2290 igiturex
708 2203 890 2270 huinsmodi
906 2205 1103 2273 litteratoria
1125 2206 1290 2274 relacione
1307 2207 1477 2296 Capitate-

349 2339 430 2403 rum,
448 2312 688 2383 Chanadiensis
713 2311 840 2380 scilicet
857 2321 889 2380 et
905 2312 1098 2382 Orodiensis
1123 2322 1210 2384 certo
1231 2317 1349 2385 certius
1373 2317 1478 2384 intor-

348 2425 435 2511 mati,
453 2428 710 2512 prememoratus
720 2420 947 2506 possessiones
958 2441 1037 2488 sors
1054 2422 1282 2508 hereditarias,
1293 2425 1479 2509 acquisitas

347 2541 379 2604 et
395 2535 535 2602 donatas
551 2551 623 2598 cum
639 2529 789 2597 omnibus
800 2529 995 2598 utilitatibus
1011 2531 1090 2620 suis,
1106 2531 1248 2618 tributis,
1264 2533 1479 2620 molendinis,

346 2643 490 2730 piscinis,
508 2640 623 2726 syluis,
647 2637 842 2724 nemoribus,
860 2639 976 2725 pratis,
1001 2640 1137 2726 campis,
1155 2639 1251 2708 terris
1278 2641 1476 2730 arabilibus,

346 2749 462 2818 tenetis
479 2754 512 2814 et
528 2735 641 2813 earum
657 2744 879 2833 pertineucijs,
906 2745 1022 2812 Comiti
1039 2746 1222 2831 Pangracio
1242 2749 1308 2817 tilio
1323 2747 1479 2816 Keleme·

344 2879 406 2926 nus
421 2857 506 2924 Bani
531 2855 711 2938 degenere
737 2853 872 2920 Ohanad
897 2855 1025 2922 eteius
1050 2855 1226 2923 heredibus
1249 2854 1479 2942 heredumque

345 2987 476 3036 snorum
501 2961 744 3031 successoribus
767 2962 842 3046 jure
867 2962 1077 3052 hereditario,
1103 2965 1305 3050 possessorio
1330 2985 1371 3030 ac
1396 2987 1478 3052 pro·

344 3073 496 3162 prietario
523 3069 663 3138 attinere
687 3075 939 3156 cognoscentes,
963 3069 1225 3140 contradiccione
1249 3072 1479 3157 quorumlibet

343 3187 479 3268 remota,
505 3185 811 3263 commetaneorum,
828 3175 1005 3245 vicinorum
1030 3197 1227 3266 suorumque
1246 3179 1477 3266 proximorum

344 3289 385 3356 de
402 3306 522 3372 genero
548 3307 617 3369 suo,
644 3283 777 3351 easdem
793 3285 1017 3370 possessiones
1045 3307 1121 3355 suas
1140 3285 1305 3373 predictas
1331 3291 1478 3375 pacifice

342 3406 375 3464 et
391 3400 547 3483 perpetuo
573 3393 636 3460 sibi
652 3399 683 3458 et
698 3392 767 3459 suis
784 3393 1028 3462 successoribus
1052 3395 1250 3463 authoritate
1266 3397 1371 3482 Regia
1395 3417 1476 3467 sna·

342 3503 439 3570 dente
460 3499 597 3586 justicia
621 3498 842 3567 commisimus
870 3499 1104 3587 possidendas,
1138 3501 1315 3568 seeundum
1340 3511 1477 3573 veteres

344 3617 448 3677 metas
473 3616 506 3675 ct
521 3627 636 3696 nouas,
659 3616 756 3694 prout
771 3627 880 3676 coram
905 3615 1013 3678 nostro
1039 3616 1071 3676 et
1086 3610 1222 3678 duorum
1241 3609 1477 3698 Capitulorum

340 3716 528 3786 testimonio
544 3715 576 3782 in
589 3715 684 3783 metis
700 3716 954 3802 prescriptarnm
964 3717 1206 3804 possessionum
1226 3732 1476 3808 processerunt,

340 3823 530 3894 renouando
557 3825 708 3910 antiquas
734 3830 768 3891 et
791 3843 896 3891 nouas
921 3825 1089 3910 erigendo,
1116 3823 1170 3892 vbi
1197 3823 1301 3892 dende
1324 3823 1478 3896 inuenie

340 3937 470 4002 bantur.
487 3936 558 4003 Hoc
574 3951 740 4022 expresso,
758 3931 844 4016 quod
861 3933 889 4000 si
900 3932 1015 4001 Comes
1025 3936 1099 4001 lac
1116 3933 1335 4020 superuixcrr't
1347 3933 1476 4006 comiti

338 4042 521 4129 Pangraeio
536 4039 655 4108 herode
671 4039 806 4125 carenti,
823 4045 898 4107 tune
914 4041 948 4106 in
964 4061 1075 4109 omnes
1090 4041 1318 4127 possessiones
1341 4040 1477 4111 heredi·

337 4149 440 4217 tarias
455 4147 562 4236 ipsius
587 4167 652 4214 non
670 4146 755 4212 alius
771 4145 823 4212 vel
851 4147 908 4232 alij
926 4145 967 4214 dc
984 4147 1200 4232 generacione
1215 4167 1286 4232 sua,
1312 4149 1373 4216 scd
1394 4149 1477 4236 ipse

338 4256 455 4323 Comes
471 4259 545 4323 Isac
559 4257 612 4322 vel
629 4255 680 4322 sui
696 4255 833 4323 heredes
850 4255 1035 4340 succedent,
1056 4255 1126 4322 iure
1141 4254 1339 4324 hereditario
1360 4263 1476 4346 possi·

338 4363 482 4450 dendas;
500 4364 651 4430 similiter
666 4365 867 4448 Pangracius
880 4363 997 4431 Comes
1014 4365 1087 4450 ipso
1098 4364 1223 4432 Gemite
1234 4367 1307 4431 Isac
1321 4385 1476 4451 premor·

337 4477 393 4537 tuo
409 4478 442 4536 ct
458 4473 576 4540 herede
592 4480 733 4540 carente.
760 4475 798 4540 In
818 4474 909 4540 cuius
927 4473 973 4540 rei
1000 4473 1188 4541 memoriam
1214 4471 1476 4562 firmitatemque

337 4583 527 4664 perpetuam
541 4579 704 4664 dupplicis
721 4581 821 4664 sigilli
833 4583 936 4648 nostri
956 4581 1131 4648 uruniruinc
1143 4587 1315 4666 presentes
1326 4581 1476 4654 lecimus
