3102 5160
613 807 689 931 rm.

114 1043 219 1108 Vmor
227 1044 312 1110 Burs
322 1067 426 1132 meppe
432 1043 612 1130 sdtepdnjm
628 1067 649 1108 a
662 1042 766 1128 tireip
779 1047 977 1128 pcrorrcedre
987 1042 1073 1106 Bars
1087 1043 1219 1128 helyse'p·

104 1152 152 1216 ben
166 1175 222 1240 epp
234 1153 390 1239 emtetpee
405 1177 427 1217 a
446 1149 568 1219 Geram
584 1152 708 1216 mettum
727 1174 771 1216 ez.
786 1149 927 1214 benedelri
940 1155 1019 1237 aptit
1034 1149 1221 1216 odoeszedd'i·

536 1260 592 1325 celo
608 1260 660 1326 ad.
680 1257 778 1324 1246.

204 1456 381 1525 Vernerius
396 1456 519 1552 Diuins
543 1455 656 1542 gracie
673 1461 706 1524 et
720 1456 820 1540 Regis
840 1455 920 1522 Bele
936 1453 1146 1542 prouidenoie
1163 1455 1220 1525 Co·

104 1563 222 1632 meede
238 1565 331 1650 Burs,
359 1565 509 1632 omnibus
525 1583 662 1651 presens
678 1563 837 1650 seriptum
862 1563 1056 1649 inspecturis
1073 1564 1221 1630 salutem.

103 1671 178 1740 Cum
193 1679 385 1760 preceptum
409 1672 606 1741 dominicum
622 1672 665 1738 sit
683 1671 861 1740 timendum
877 1676 910 1738 et
929 1670 1122 1756 tenendum
1146 1671 1222 1740 ideo

100 1799 165 1866 nos,
181 1782 333 1850 uolumus
350 1781 511 1866 nolumus,
537 1785 727 1867 preceptum
742 1778 843 1862 Regis
859 1776 1006 1862 cogimur
1030 1779 1220 1864 adimplere.

101 1887 310 1956 Vniuersitcti
320 1894 429 1956 uestre
437 1895 549 1956 notum
558 1886 708 1974 iacimus,
719 1885 807 1972 quod
816 1907 857 1954 ex
867 1891 1020 1978 precepto
1030 1887 1131 1972 Regis
1141 1887 1220 1954 Bele

101 2016 196 2063 uuum
220 1997 319 2062 situm
345 1995 434 2064 curie
449 2016 552 2083 prope
576 2003 721 2082 pontem,
746 2015 820 2062 cum
836 2001 907 2062 orto
932 2001 964 2062 et
980 2015 1077 2080 equa,
1103 1996 1136 2061 in
1153 2016 1222 2082 pre-

99 2103 183 2171 dicte
198 2103 282 2172 ville
307 2103 399 2190 Bors,
415 2104 565 2176 Ecclesie
586 2103 700 2172 Sancti
719 2102 887 2170 Benedicti
912 2102 952 2170 de
975 2103 1084 2172 Geron
1111 2105 1223 2171 statui-

99 2233 184 2296 mus3
212 2217 365 2298 quartem
381 2211 504 2280 curium
522 2211 563 2278 de
578 2211 725 2280 inferiori
741 2217 833 2297 parte
850 2213 959 2298 pontis
976 2233 1049 2280 cum
1070 2215 1138 2282 suis
1154 2234 1223 2301 per·

13 2309 14 2338 ¹
101 2319 247 2405 tinencijs
272 2319 408 2389 fecimus
424 2318 596 2405 assignari,
622 2320 678 2387 ubi
693 2320 856 2405 tributarij
875 2321 925 2387 sui
950 2321 1051 2390 libere
1069 2330 1102 2390 et
1117 2323 1225 2406 quiete

100 2427 223 2514 possint
238 2447 373 2494 manere
389 2433 421 2496 et
436 2447 610 2514 procurare
634 2435 812 2515 prouentus
829 2430 942 2496 tributi
967 2430 1071 2517 ipsius
1086 2431 1225 2497 Abbatis

99 2533 278 2604 memorati.
305 2536 349 2600 vt
364 2534 463 2620 igitur
479 2536 571 2603 nulla
594 2535 805 2624 imposterum
820 2536 862 2604 iis
878 2539 931 2604 uei
955 2539 1121 2606 contencio
1142 2539 1225 2606 inter

100 2643 238 2712 uitiauos
256 2643 297 2710 de
313 2644 393 2712 Bere
410 2648 443 2711 et
467 2643 552 2710 inter
567 2642 729 2711 Abbutem
745 2645 858 2712 Sancti
874 2645 1042 2712 Benedicti
1061 2646 1103 2713 de
1116 2645 1224 2714 Geron

13 2785 14 2840 3
100 2753 139 2819 de
152 2751 294 2820 ducisne
319 2751 408 2819 curie
424 2753 529 2840 possit
554 2752 704 2835 suboriri,
720 2751 800 2820 sceti
816 2751 943 2837 seriem,
968 2752 1013 2820 ed
1031 2753 1225 2841 peticionem

99 2860 251 2944 Abusus,
283 2860 406 2947 scripto
430 2860 544 2947 redigi,
572 2869 605 2929 et
630 2860 731 2946 sigilli
756 2860 860 2929 nostri
888 2861 1063 2928 munimine
1090 2862 1226 2930 fecimus

13 3017 14 3062 5
98 2968 256 3038 reborari.
283 2967 405 3035 Datum
429 2988 515 3036 anno
540 2967 652 3054 grecie
677 2965 851 3036 millesimo
877 2967 1099 3036 CC⁰XL⁰VI⁰.
1124 2970 1227 3036 linctu

13 3085 14 3162 ξ
97 3085 145 3144 cst
158 3083 272 3144 autem
300 3075 361 3142 bec
386 3073 527 3163 scripeio
552 3074 758 3162 presentibus
774 3074 891 3160 Pasce,
918 3074 1054 3160 Muthis,
1074 3075 1226 3158 Mertino,

96 3185 276 3270 btsjoribus
302 3183 512 3251 Exercituum
539 3184 581 3252 de
596 3185 697 3270 Bors3
724 3184 838 3268 Serou,
864 3181 995 3250 Nineue
1019 3188 1052 3250 et
1072 3185 1169 3268 Suco,
1195 3188 1227 3248 et

95 3294 209 3362 ceteris
225 3291 460 3379 iobegionibus
476 3291 701 3360 existentibus.

200 3490 254 3556 (Au
267 3492 369 3544 eredeti
384 3487 451 3542 utstrr
464 3491 559 3542 Krruuz
572 3487 691 3552 Nsindor,
705 3491 819 3553 bingyer
832 3487 897 3538 Sion
912 3487 946 3536 11.
961 3487 1016 3538 ket.
1033 3490 1093 3537 5⁸26.
1108 3487 1136 3554 l.)
