3102 5160
829 293 894 376 abt

297 503 340 569 ad
356 504 476 570 siccum
492 507 593 594 potol,
614 525 673 592 per
689 525 784 590 quem
800 503 893 572 vadit
908 505 952 571 ad
967 511 1065 591 caput
1080 504 1178 573 fontis
1190 506 1353 593 Ohebden,
1367 532 1434 597 per

300 631 394 695 quem
410 613 502 679 vadit
526 613 659 680 inferius
685 633 799 680 versus
825 613 993 680 meridiem
1019 635 1141 700 magna
1156 615 1369 702 longitudine,
1395 625 1433 684 et

300 721 368 785 exit
383 738 496 786 versus
522 718 721 786 occidentem
749 718 792 785 ad
817 729 937 785 metam
957 726 1111 803 terream,
1137 721 1179 787 de
1195 741 1259 806 qua
1282 723 1435 810 procedit

297 829 341 893 ad
357 831 506 894 arborem
523 830 588 914 ccyl
597 853 609 904 ,·
634 827 710 894 inde
726 826 818 894 vadit
834 827 877 893 cd
900 833 1020 894 metam
1036 833 1193 912 terream
1220 830 1260 896 de
1277 851 1341 914 que
1356 833 1431 898 iens

295 935 465 1002 reuertitur
489 935 533 1001 ad
548 943 666 1002 metam
683 934 832 1022 priorem.
860 933 1029 1002 Contcmei
1047 935 1128 1023 (lgy,
1148 936 1352 1026 contermini)
1369 960 1428 1005 au-

296 1047 362 1108 tem
378 1041 481 1126 ipsius
498 1047 584 1109 terre
609 1049 740 1128 aparte
765 1041 944 1110 occidentis
970 1050 1045 1110 sunt
1071 1044 1308 1129 generaciones
1324 1045 1430 1132 Gyre-

295 1149 397 1236 koigi,
425 1157 555 1236 aparte
580 1171 657 1218 vero
683 1149 846 1236 aquilonis
872 1157 941 1216 eta
965 1156 1059 1235 purte
1085 1151 1253 1217 orientalis
1279 1151 1430 1221 forenses

299 1259 340 1324 de
355 1256 621 1345 Jaztrabnrnclra,
640 1267 672 1323 ct
687 1279 708 1324 a
723 1257 858 1325 meridie
875 1263 925 1325 est
940 1259 1045 1324 Ztane
1056 1259 1191 1344 jobagio
1208 1261 1323 1328 Castri.
1342 1265 1429 1328 Item

296 1367 402 1454 prima
418 1373 505 1434 meta
520 1373 606 1433 terre
622 1367 727 1451 Reka,
754 1387 816 1450 que
831 1373 881 1433 est
896 1367 1030 1450 Thome,
1057 1367 1171 1452 incipit
1193 1390 1214 1433 a
1230 1369 1365 1435 meridIe
1380 1371 1428 1435 ab

295 1495 358 1542 uno
376 1475 572 1558 molendino,
600 1475 654 1540 vbi
670 1475 766 1542 simul
783 1475 901 1540 cadunt
917 1475 981 1542 duo
1001 1473 1108 1560 riuuli,
1135 1481 1167 1540 et
1193 1475 1316 1544 vadunt
1332 1496 1429 1564 supe·

295 1585 362 1650 rius
387 1583 479 1650 iuxta
500 1606 596 1650 vnum
625 1583 800 1650 eorundem
819 1583 949 1651 nomine
974 1583 1078 1649 Scitnt
1102 1583 1145 1648 ad
1170 1584 1355 1667 aquilonem
1380 1587 1430 1651 ad

296 1699 414 1758 metam
431 1700 589 1779 terream;
607 1693 683 1760 blnc
700 1692 844 1759 declinat
861 1712 972 1759 versus
988 1689 1198 1775 occidentem,
1220 1698 1253 1758 ct
1268 1693 1360 1759 vadit
1374 1713 1429 1758 sn-

296 1800 404 1884 perius
422 1801 462 1867 dc
478 1803 542 1868 fine
557 1803 654 1868 unius
671 1801 765 1868 vinee
781 1821 879 1887 super
894 1801 980 1884 bern,
1004 1797 1058 1864 vbi
1074 1806 1123 1864 est
1139 1805 1227 1865 meta
1243 1820 1340 1886 super
1356 1800 1424 1884 spi-

295 1927 348 1990 na,
376 1913 409 1972 et
424 1905 501 1971 binc
517 1908 609 1973 vadit
633 1907 769 1974 inferius
796 1906 838 1972 ad
859 1906 1028 1972 meridiem
1042 1927 1100 1992 per
1124 1905 1261 1973 eundem
1277 1907 1364 1990 berz,
1391 1912 1429 1970 et

296 2015 439 2080 declinat
463 2035 577 2100 parum
596 2017 639 2081 ad
655 2017 853 2082 occidentem
870 2034 967 2100 super
981 2013 1124 2093 fluuium,
1152 2021 1185 2081 et
1204 2015 1249 2080 ibi
1266 2021 1316 2081 cst
1334 2021 1428 2080 meta

295 2129 403 2190 terrea
419 2123 478 2188 sub
496 2124 611 2188 arbore
628 2123 729 2210 nucis,
747 2143 768 2186 a
783 2128 876 2205 parte
892 2121 1055 2205 aquilonis
1068 2121 1301 2205 jobagionibus
1316 2119 1428 2189 (lastri

297 2231 558 2314 remanentibus;
586 2229 703 2296 deinde
729 2229 873 2295 declinat
895 2249 1008 2295 versus
1037 2229 1204 2294 meridiem
1231 2249 1363 2316 parum,
1389 2239 1428 2298 et

296 2336 384 2404 cadit
399 2337 443 2403 ad
459 2345 579 2404 metam
595 2338 744 2424 priorem.
770 2339 850 2402 Item
866 2337 974 2422 prima
999 2343 1087 2402 meta
1102 2344 1186 2403 terre
1201 2339 1341 2422 Molona,
1358 2357 1427 2420 que

294 2454 343 2512 est
367 2446 566 2532 Zporconis,
598 2445 712 2530 incipit
738 2465 758 2510 a
783 2443 918 2510 meridie
942 2445 976 2510 in
1005 2451 1093 2509 meta
1118 2449 1225 2510 terrea
1252 2447 1347 2528 juxta
1378 2445 1426 2509 ri-

293 2553 403 2620 uulnm
419 2555 561 2638 Molona,
588 2560 620 2618 et
635 2552 739 2618 tendit
755 2571 867 2618 versus
897 2553 1051 2618 orientem
1075 2552 1254 2619 ascendens
1280 2552 1313 2616 in
1329 2552 1423 2636 berz,

296 2667 328 2726 et
346 2663 495 2746 peruenit
511 2663 553 2726 ad
570 2661 724 2726 verticem
741 2661 820 2742 eius,
840 2659 894 2725 vbi
912 2666 963 2725 cst
979 2667 1066 2726 meta
1080 2667 1206 2745 terrea;
1224 2659 1300 2726 inde
1315 2659 1428 2726 tendit

294 2787 409 2834 versus
426 2769 609 2852 aquilonem
626 2770 658 2833 in
677 2766 790 2834 eodem
806 2768 881 2833 beru
897 2789 1019 2851 magna
1044 2767 1247 2852 longitudine
1272 2765 1426 2853 perueni-

294 2895 356 2962 ens
373 2875 417 2940 ad
443 2881 560 2940 metam
577 2881 736 2960 terrcam;
765 2875 839 2940 hinc
860 2875 1059 2940 descendens
1075 2875 1179 2940 tendit
1202 2893 1316 2940 versus
1335 2875 1424 2938 occi-

296 2982 426 3048 dentem
452 2979 495 3045 ad
510 2987 575 3045 tres
599 3001 720 3066 paruos
737 2962 871 3054 lluuios.
898 2987 930 3046 ct
955 3001 1013 3066 per
1039 2981 1247 3046 medietatem
1262 2981 1426 3047 dictorum

293 3089 463 3155 fluuiorum
481 3089 570 3154 cadit
587 3089 630 3154 ad
644 3089 784 3154 riuulum
810 3089 942 3155 Molona
957 3087 1147 3172 predictum,
1173 3089 1228 3154 vbi
1245 3107 1372 3173 semper
1400 3107 1426 3152 a

294 3197 408 3262 dextro
431 3195 665 3278 jobagionibus
682 3194 789 3261 Oestri
806 3201 838 3258 et
854 3195 1072 3261 castrensibus
1089 3195 1341 3278 remanentibus,
1359 3213 1425 3280 per

293 3303 475 3390 predictum
496 3312 604 3369 antem
629 3301 763 3367 fluuium
788 3302 919 3369 Molona
942 3302 1112 3368 reuertitur
1127 3301 1171 3366 ad
1187 3303 1329 3386 priorem
1356 3323 1425 3368 me·

294 3417 370 3476 tam.
397 3411 478 3476 Item
494 3411 600 3494 prima
616 3415 702 3474 meta
717 3416 802 3474 terre
818 3407 992 3495 Oupuzdol,
1010 3429 1072 3492 que
1096 3415 1144 3474 est
1159 3409 1349 3494 Zporconis‚
1373 3407 1424 3474 in-

293 3517 372 3606 cipit
397 3519 439 3582 ab
466 3517 590 3582 oriente
616 3517 709 3582 iuxta
735 3517 875 3582 riuulum
901 3517 1051 3601 Molnna3
1086 3517 1162 3583 inde
1188 3515 1279 3582 vadit
1302 3537 1422 3584 versus

291 3625 492 3690 occidentem
523 3645 621 3712 super
646 3627 742 3708 bcru,
774 3627 808 3690 in
834 3625 924 3690 cuius
950 3626 1070 3690 vertice
1096 3631 1146 3690 est
1169 3633 1257 3691 meta
1290 3631 1420 3709 terrea;

290 3733 366 3800 inde
399 3733 605 3819 progreditur
636 3753 747 3798 versus
779 3733 964 3815 aquilonem
994 3753 1053 3817 per
1085 3731 1205 3796 dictum
1231 3733 1350 3815 berch,
1385 3743 1423 3799 et

289 3843 353 3908 itur
377 3841 579 3926 longitudine
604 3841 702 3906 trium
722 3841 894 3924 jugerum,
918 3839 994 3905 hinc
1020 3848 1129 3906 autem
1144 3841 1281 3906 reclinat
1303 3859 1421 3906 versus

290 3950 455 4036 orientem,
478 3959 510 4016 et
526 3947 693 4014 descendit
708 3967 767 4033 per
782 3947 858 4012 berc
875 3947 918 4011 ad
934 3947 1133 4012 nominatum
1149 3947 1299 4028 riuulom,
1320 3967 1420 4031 quem

288 4058 451 4123 transiens
468 4057 556 4122 cadit
573 4056 615 4122 od
630 4056 769 4120 riuulum
787 4055 915 4142 Capua,
935 4064 967 4122 et
981 4055 1059 4121 inde
1074 4055 1178 4121 tendit
1198 4075 1311 4122 versus
1328 4057 1420 4140 aqui·

288 4164 395 4231 lenem
408 4185 465 4250 per·
476 4164 617 4230 medium
629 4163 774 4229 eiusdem
787 4162 893 4248 riuuli,
913 4169 945 4227 et
955 4163 1102 4248 peruenit
1118 4161 1162 4228 ad
1171 4163 1312 4228 medium
1328 4162 1419 4248 ville,

289 4273 344 4336 vbi
360 4279 426 4338 stat
445 4279 533 4338 meta
557 4279 682 4356 terrea;
708 4271 782 4336 hinc
807 4278 916 4336 autem
941 4272 1030 4336 venit
1046 4289 1159 4336 versus
1185 4271 1354 4355 orientem,
1382 4280 1418 4336 et

289 4379 383 4458 vadit
406 4377 590 4458 internum
607 4381 719 4445 vineas
745 4379 937 4464 perueniens
953 4378 997 4445 ad
1020 4377 1170 4444 arborem
1185 4379 1258 4466 piri,
1285 4397 1348 4462 quc
1365 4385 1417 4444 est

288 4505 347 4571 pro
363 4491 469 4568 meta,
497 4493 529 4552 et
544 4485 619 4551 inde
634 4485 739 4551 tendit
763 4505 875 4552 versus
900 4486 1067 4552 meridiem
1091 4507 1150 4572 per
1175 4485 1313 4553 cundem
1336 4485 1415 4554 berz

288 4593 372 4660 bona
388 4591 602 4675 longitudine,
621 4599 653 4657 et
668 4595 814 4677 peruenit
830 4592 874 4658 ad
889 4601 1170 4679 melomterream;
1188 4591 1266 4660 iude
1282 4592 1415 4661 descen·
