3148 5156
806 282 958 385 Q,

322 481 423 550 menis
448 481 672 550 adolescentie
686 501 797 548 eorum
822 479 1021 566 temporibus
1046 485 1174 566 gratum
1190 495 1319 566 semper
1333 482 1367 544 et
1388 495 1439 544 ao-

322 594 449 679 eeptnm
473 588 637 688 indefesse
660 589 828 660 fidelitatis
843 588 963 676 studio,
989 595 1100 658 nostro
1116 607 1246 678 semper
1270 587 1366 656 lateri
1386 582 1443 654 ad·

321 697 463 769 herendo
489 699 703 768 exhibuerunt
727 699 930 786 famulatum,
947 704 1079 786 propter
1104 717 1167 784 que
1182 701 1294 766 nostre
1315 697 1441 765 corone

322 808 424 896 Regio
439 817 625 878 meruerunt
648 807 871 896 multiplieiter
888 806 1111 895 complacere,
1136 813 1169 874 et
1184 804 1262 876 lieet
1282 801 1442 872 tediosum

264 953 267 958 ·
322 923 408 986 esset
424 936 482 1004 per
496 916 629 1004 singula
642 935 804 1004 enarrare,
821 916 963 1002 quedam
978 922 1089 985 mmen
1103 913 1145 983 de
1160 911 1310 1000 seruioiJs
1329 929 1442 982 eoron-

323 1023 395 1090 dem
422 1024 608 1094 memoriter
633 1024 801 1108 habentes,
828 1021 871 1094 ad
896 1021 1163 1092 informacionem
1187 1019 1393 1110 presencium
1411 1026 1444 1086 et

323 1133 509 1204 memoriam
519 1132 696 1202 futurorum
705 1133 910 1220 presentibus
920 1131 1073 1200 iussimus
1084 1130 1243 1198 annotari.
1264 1127 1360 1208 Quod
1369 1147 1444 1196 enm

322 1239 474 1310 ferocitas
489 1249 522 1310 et
547 1241 776 1310 inestimabilis
800 1239 969 1310 multitudo
985 1238 1153 1306 Tartarioe
1168 1237 1274 1324 gentis
1297 1243 1445 1306 nostrum

322 1351 468 1436 Regnum
484 1349 668 1436 inuasisset,
685 1357 718 1418 et
732 1369 791 1418 nos
807 1369 879 1418 eum
895 1347 1091 1432 quibusdam
1107 1346 1212 1432 Regni
1229 1345 1333 1416 nostri
1347 1345 1442 1414 nobi-

323 1455 408 1528 lihu's
421 1449 467 1526 ¹ad
482 1467 593 1546 partes
618 1458 797 1526 maritimas
812 1479 871 1546 pro
887 1455 1039 1524 habendo
1064 1455 1207 1524 remedio
1222 1463 1256 1522 ot
1275 1452 1443 1540 querendo

323 1567 470 1636 subsidio
495 1567 641 1654 perueoti
664 1566 848 1653 fuissemus,
876 1563 977 1652 ijdem
993 1563 1189 1650 Ladyulaus,
1214 1562 1386 1652 Philippus
1412 1568 1445 1630 et

323 1675 500 1762 Gregorius
516 1674 633 1743 deuote
649 1673 814 1742 fidelitatis
831 1672 1005 1742 famulatus
1029 1671 1150 1740 ibidem
1169 1668 1381 1740 laudabiliter
1395 1671 1443 1738 in·

323 1783 513 1872 panderunt.
539 1783 581 1848 ut
596 1782 672 1850 lieet
685 1805 706 1849 a
721 1784 826 1869 Regio
850 1781 1075 1850 munifioenoia
1095 1779 1228 1848 minima
1243 1779 1442 1864 uiderentur,

323 1909 386 1974 que
401 1889 444 1956 ad
458 1908 592 1974 presens
608 1889 746 1976 agimus,
765 1897 913 1976 respeotu
922 1908 1032 1956 eorum
1044 1907 1108 1974 que
1122 1886 1230 1956 faeere
1245 1886 1445 1956 intendimus

323 2003 356 2063 et
375 2005 544 2081 merentur,
571 1997 729 2081 quasdam
753 2004 858 2064 terras
875 1996 981 2066 Gastri
1005 1997 1107 2064 nostri
1123 1995 1163 2063 de
1179 1995 1330 2084 Wolltou,
1354 1997 1445 2067 Koos

323 2102 475 2171 videlieet
490 2124 562 2172 eum
577 2104 645 2172 suis
660 2103 878 2190 pertinenciis,
895 2105 1064 2172 Dumbrou
1080 2110 1112 2170 et
1128 2100 1332 2189 Kendohapa
1346 2123 1442 2174 voea-

324 2220 386 2303 tas,
413 2231 485 2280 eum
500 2213 649 2281 omnibus
675 2213 870 2282 utilitatibus
886 2221 919 2278 et
940 2211 1150 2300 pertinenoijs
1167 2214 1248 2300 suis,
1275 2214 1308 2280 in
1328 2211 1446 2284 eodem

325 2321 486 2390 Comitatu
511 2321 698 2404 existentes,
722 2321 781 2391 sub
806 2320 947 2406 hijsdem
972 2319 1066 2388 metis
1091 2327 1124 2388 et
1143 2319 1300 2407 terminis,
1326 2321 1445 2408 quihus

324 2429 436 2497 eedem
461 2437 547 2497 terre
573 2429 617 2496 ed
641 2429 823 2515 prediatum
848 2428 999 2498 (lustrum
1022 2436 1166 2498 nostrum
1191 2430 1446 2500 dinosoebentur

323 2539 495 2624 pertinere,
522 2545 555 2604 et
580 2539 719 2606 limitato
734 2540 862 2606 fuerent
886 2557 924 2604 ao
941 2557 1102 2626 possesse,
1128 2537 1251 2606 eisdem
1275 2539 1445 2624 Ladinlao,

324 2647 472 2734 Philippo
489 2655 522 2714 et
537 2647 705 2734 Gregorio,
732 2655 765 2712 et
780 2667 840 2734 per
856 2668 913 2716 eos
929 2649 996 2716 suis
1015 2646 1198 2733 heredibus,
1224 2647 1446 2736 heredumque

324 2773 453 2822 snorum
469 2755 669 2841 inposterum
680 2756 931 2841 suceessoribus,
948 2754 1107 2842 dedimus,
1123 2755 1317 2826 donauimue
1329 2764 1447 2829 eteoru-

324 2861 465 2946 tulimus,
482 2863 553 2929 iure
569 2871 725 2951 perpetuo
742 2871 774 2930 et
788 2863 1052 2933 inreuooahiliter
1067 2863 1201 2951 paeifioe
1216 2861 1447 2951 possidendas,

325 2969 582 3039 eiurisdioeione
592 2979 624 3039 et
639 2980 800 3060 potestate
816 2973 918 3062 ipsius
928 2972 1037 3041 Oestri
1053 2993 1111 3058 per
1121 2971 1231 3041 omnia
1239 2973 1447 3043 exhimeudo.

324 3079 366 3146 Vt
381 3080 480 3165 igitur
495 3079 591 3146 huius
608 3087 719 3149 nostre
735 3081 926 3150 oollaeiouis
946 3101 1004 3149 seu
1020 3079 1212 3149 doueoionis
1231 3081 1333 3150 series
1349 3081 1449 3152 robur

184 3199 187 3204 ·
326 3187 472 3254 obtineat
486 3195 639 3275 perpetue
654 3189 826 3275 firmitatis,
852 3209 912 3257 neo
927 3191 993 3258 ullo
1009 3210 1162 3276 umquem
1180 3195 1327 3278 tempore
1340 3194 1449 3279 possit

324 3317 383 3381 per
399 3297 583 3384 quempiam
608 3299 640 3364 in
655 3299 782 3368 irritum
799 3301 954 3386 reuooari,
973 3305 1140 3386 presentes
1160 3299 1380 3370 eonoessimus
1395 3301 1449 3368 lit-

324 3413 422 3490 teras‚
449 3405 550 3492 sigilli
575 3405 678 3474 nostri
693 3407 833 3495 dupliois
849 3406 1027 3474 munimine
1047 3407 1225 3482 roboratae.
1252 3407 1375 3477 Datum
1389 3429 1451 3497 per

324 3532 438 3580 manus
455 3513 638 3599 Smaragdy
649 3514 1129 3602 AlbensisEoolesiePrepositi
1145 3515 1219 3583 aule
1235 3521 1344 3584 nostre
1354 3517 1449 3584 Vioe·

325 3619 532 3706 Ganoellarij,
545 3622 648 3690 Ilieoti
665 3625 810 3692 Ecclesie
822 3625 1031 3694 Coloohensis
1047 3623 1199 3692 dileetiet
1213 3622 1319 3692 fidelis
1334 3627 1450 3711 nostri,

324 3729 1452 3824 annoDominiM⁰OC⁰quinquegesimoootauo,oetauoidushugnsti,

325 3837 429 3924 Regni
446 3845 553 3906 eutem
569 3841 670 3908 nostri
689 3861 777 3910 anno
792 3843 946 3909 vicesimo
964 3842 1075 3910 teroio.

325 4032 461 4104 (Eredetie
480 4035 663 4105 btrhhrtydn,
687 4041 814 4110 melynelr
833 4037 1004 4108 etrus-sdrpe
1023 4040 1251 4108 selyemesindrou
1271 4043 1385 4111 turgoti
1404 4061 1452 4114 pe·

497 4127 583 4195 oedtjo
597 4129 736 4195 elreeuett,
755 4147 773 4184 a
785 4131 868 4184 budat
881 4134 933 4184 kir.
947 4133 1070 4185 humaret
1085 4129 1274 4204 lereltlrban.)
