3198 5160
772 303 927 402 „esb-

288 521 347 567 nus
374 499 520 586 predicti,
548 499 734 584 porcionem
760 517 870 564 eorum
895 497 928 560 iu
953 497 1026 562 loco
1052 495 1232 563 molendini
1257 495 1413 561 exstructi

288 629 386 695 super
403 608 500 676 fluuio
516 609 607 690 Zela,
625 610 658 674 in
675 607 747 672 loco
765 608 820 689 qui
837 605 1001 690 wlgariter
1019 603 1260 689 Chaurazygete
1283 603 1413 685 dicitur,

288 735 388 800 quem·
408 714 564 783 videlicet
589 717 695 784 locum
712 715 776 801 ipsi
802 735 873 780 curn
889 715 998 782 Marco
1016 713 1142 781 Comite
1166 712 1313 799 predicto
1329 731 1413 779 coru-

288 824 426 891 munitor
442 822 654 910 possidebant
671 821 775 889 eidem
791 823 900 889 Marco
921 823 1038 890 Comiti
1055 822 1286 888 relaxarerunt
1302 839 1413 906 perpe·

287 937 341 998 tuo
352 929 601 1017 possidendum,
620 938 651 996 et
666 929 842 1014 ipseMarlr
853 929 968 997 Comes
983 929 1106 996 eisdem
1117 926 1253 1013 judicia,
1272 928 1413 1014 scipsas

287 1039 369 1105 duas
395 1058 532 1122 marcas,
558 1045 590 1102 et
606 1037 871 1104 verberacionem
897 1037 983 1105 serui
1004 1038 1064 1120 sni,
1092 1056 1155 1120 qne
1180 1036 1288 1102 omnia
1314 1053 1414 1119 super

288 1147 384 1213 dictis
396 1146 573 1230 junonibus
598 1144 793 1228 requirebat,
823 1145 945 1210 eisdem
962 1145 1125 1210 relaxavit
1140 1146 1196 1229 ita,
1221 1141 1307 1228 quod
1332 1161 1413 1208 nun-

287 1273 384 1338 quam
399 1254 471 1338 ipse
487 1260 596 1339 partes
613 1271 710 1338 super
726 1251 910 1319 huiusmodi
926 1251 1013 1318 lacto
1030 1251 1070 1317 de
1087 1259 1193 1318 cetero
1209 1257 1361 1336 poterunt
1377 1250 1413 1314 in

286 1360 425 1428 inuicem
435 1381 566 1430 mouere
582 1359 799 1446 quesoionem,
813 1360 866 1424 vel
877 1361 905 1426 si
916 1361 1021 1426 ceiam
1031 1359 1163 1443 quescio
1177 1356 1289 1442 aliqua
1298 1361 1413 1424 contra

285 1468 466 1555 predictum
481 1469 630 1534 Markum
648 1467 804 1534 Comitem
822 1468 952 1536 racione
968 1468 1132 1556 porcionis
1150 1467 1182 1532 in
1199 1467 1271 1534 loco
1291 1467 1412 1532 molen-

286 1575 365 1658 dini,
376 1573 479 1659 'quanr
489 1575 636 1662 predicto
646 1576 755 1642 Marco
768 1576 885 1643 Comiti
901 1576 1139 1660 relaxarerunt,
1157 1593 1254 1660 super
1270 1575 1410 1657 veniret,

287 1693 404 1752 extunc
430 1686 536 1769 ipsam
562 1683 767 1768 quescionem
785 1683 862 1750 dicti
875 1685 1014 1768 junencs
1035 1683 1228 1750 tenebuntur
1254 1681 1412 1768 expedire

286 1797 318 1857 et
341 1793 481 1860 saluere.
513 1793 550 1856 ln
576 1793 669 1876 cujus
696 1793 743 1858 rei
769 1791 1006 1860 mestimonium
1031 1787 1118 1877 (tgy)
1145 1791 1189 1857 ad
1213 1789 1413 1876 peticionem

286 1903 433 1985 parcium
459 1906 626 1989 presentes
641 1899 765 1966 littores
783 1901 1001 1967 concessimus
1026 1899 1134 1984 sigillo
1152 1905 1262 1966 nostro
1279 1899 1410 1966 robora-

286 2013 348 2072 tas.
380 2006 501 2070 Datum
525 2023 585 2090 per
616 2025 731 2071 manus
756 2006 906 2090 Magistri
930 2006 1063 2073 Roberli
1089 2005 1235 2073 Rectoris
1263 2006 1411 2073 Ecclesie

285 2117 404 2195 nostre,
431 2133 517 2178 anno
534 2112 665 2178 Domini
686 2113 857 2180 millesimo
879 2115 962 2180 CCffl=⁰
979 2114 1204 2198 sexagesimo;
1229 2113 1410 2181 venerabili

285 2219 320 2284 in
346 2219 474 2285 Christo
500 2225 595 2305 patre
621 2225 732 2287 nostro
757 2221 880 2289 Zlando
906 2222 1078 2308 Episcopo,
1109 2219 1198 2286 Fauo
1226 2221 1410 2309 Preposito,

284 2327 478 2396 Lodomerlo
495 2329 643 2414 Cantore,
661 2329 681 2395 J
684 2330 810 2396 ohanne
827 2332 968 2399 Custode
985 2329 1208 2398 existentibus.

356 2525 405 2592 (Aa
420 2527 520 2580 sredeti
532 2525 598 2578 rrttln
611 2525 682 2581 atuh
698 2526 807 2594 Karoly,
822 2531 908 2582 Hazsi
922 2526 1092 2594 okmtnyttr
1106 2529 1151 2579 IV.
1165 2531 1222 2581 lrdt.
1237 2531 1279 2580 se.
1295 2530 1325 2595 l)

738 2821 921 2834 ,..-.----·----
932 2821 955 2830 -0

806 3271 882 3340 aar.
993 3218 996 3222 ’

284 3449 315 3514 Α
342 3451 431 3516 Boo-i
455 3452 639 3516 lrooocctucb
670 3455 925 3541 blzocpsciplcvelc
950 3457 1060 3520 Maria
1086 3454 1165 3541 Ilyec‘
1196 3455 1283 3540 Upru
1312 3476 1412 3519 comes

573 3561 693 3643 ccjc'nolr
709 3561 1002 3648 veyiutc'zledebdrdl.
1020 3565 1115 3627 1260.

334 3739 335 3744 ’
368 3737 464 3825 (NJos
476 3738 642 3805 Emericns
653 3741 841 3825 Propositus
852 3747 884 3806 et
893 3741 1077 3807 Conuentus
1087 3741 1276 3824 Monasterij
1288 3740 1426 3828 Sancte¹

283 3847 394 3914 Crucis
410 3847 451 3914 dc
461 3849 518 3914 Bw
534 3847 697 3915 uniuersis
707 3848 826 3915 Christi
843 3849 993 3916 fidelibus
1009 3855 1076 3915 tam
1093 3848 1299 3934 presentibus
1309 3867 1411 3930 quam

280 3955 396 4022 futuris
422 3955 561 4022 salutem
578 3957 610 4021 in
637 3957 778 4024 omnium
799 3959 973 4024 saluatore.
1001 3956 1053 4021 Ad
1080 3955 1303 4022 uniuersorum
1326 3956 1411 4024 noti-

282 4062 365 4128 ciam
390 4063 504 4130 harum
530 4065 614 4131 serie
640 4067 789 4132 uolumus
815 4065 995 4151 peruenire,
1022 4063 1108 4148 quod
1131 4063 1250 4130 nobilis
1275 4063 1412 4130 domina

234 4230 239 4238 .
281 4172 410 4240 nominc
427 4171 531 4239 Maria
545 4173 615 4239 filia
630 4174 790 4240 lobannis
807 4172 848 4239 dc
864 4173 975 4256 Barat,
1003 4190 1138 4238 consors
1154 4171 1289 4238 Comitis
1306 4172 1411 4256 Wgra

281 4279 339 4363 tilij
357 4279 467 4365 lpoliti
492 4281 534 4346 de
548 4279 618 4364 Ilye
635 4301 706 4346 curn
731 4280 846 4348 eodem
863 4281 988 4348 Comits
1003 4281 1109 4364 Wgra
1131 4281 1247 4346 marito
1264 4300 1322 4348 suo
1338 4297 1410 4366 por-

281 4386 438 4452 soncliter
454 4385 498 4452 ad
514 4392 658 4454 nostram
684 4388 844 4454 accedens
861 4389 1064 4472 presenciam
1087 4386 1239 4455 confessa
1264 4393 1314 4454 est
1329 4387 1410 4453 uiua

280 4511 370 4573 uoce,
397 4493 483 4575 quod
500 4512 572 4558 cum
588 4493 661 4579 ipsa
686 4495 841 4560 heredum
857 4495 958 4580 prolis
984 4501 1107 4562 careret
1129 4495 1263 4578 solacio,
1290 4499 1410 4560 cuncta

282 4595 493 4682 prospiciens,
521 4599 608 4682 quod
632 4601 698 4668 iam
724 4610 853 4688 tempus
876 4603 940 4669 sibi
958 4603 1144 4690 perueniret
1171 4602 1284 4672 rolens
1308 4619 1409 4684 quam
