3082 5150
71 1051 90 1114 1
98 1051 132 1114 V.
146 1051 227 1115 Be'lo
237 1053 414 1140 hirdipnolr,
425 1053 534 1118 Simon
549 1061 581 1118 e's
596 1057 696 1120 triraai
704 1057 851 1120 ezdmcira
860 1057 949 1120 Kerd
962 1063 992 1121 ἐι
1002 1055 1115 1122 Keszr'u
1124 1065 1202 1122 aevu

70 1159 170 1222 hirtoir
177 1159 302 1244 fejeben
318 1161 491 1248 oserelrdpen
508 1162 622 1228 lineos
639 1169 716 1230 neoni
723 1164 1034 1251 fdidekciteupede'se't
1048 1168 1201 1252 tdrqyaud

494 1269 657 1355 odmrioya.
687 1269 781 1335 1252.

182 1465 265 1532 Bela
280 1465 342 1532 Dei
368 1465 482 1552 grania
500 1466 679 1552 Hungarie,
696 1466 877 1554 Dalmaeie,
902 1466 1069 1553 Groaohie,
1086 1469 1198 1552 Reme,

67 1573 198 1658 Seruio,
217 1571 367 1656 Gallioie,
394 1573 598 1658 Lodomerie,
617 1573 837 1659 Cumanieqne
859 1575 929 1641 Rex
946 1576 1113 1642 uniuersis
1128 1597 1194 1663 pre·

67 1701 148 1746 aens
164 1681 323 1768 seriptum
339 1681 537 1770 inspecturis
553 1683 691 1750 salntem
707 1683 740 1750 in
756 1683 898 1750 omnium
915 1684 1091 1752 saluatore.
1117 1683 1197 1750 (inm

69 1788 202 1855 animen
227 1793 337 1858 nostre
362 1789 478 1858 deneat
493 1789 688 1876 Maiestatis,
716 1811 766 1875 ea,
783 1811 846 1876 qne
862 1811 883 1856 a
902 1789 996 1858 nobis
1022 1799 1098 1859 uota
1122 1800 1197 1860 sunt

67 1897 120 1963 nel
148 1917 320 1982 concessa,
346 1897 393 1965 sio
418 1899 547 1966 effectui
574 1899 785 1988 mancipare,
810 1905 844 1966 ut
865 1919 1017 1986 processu
1040 1900 1196 1987 temporis

66 2007 205 2072 ualeant
220 2004 352 2072 minime
368 2006 536 2092 reuocari5
563 2003 656 2074 duxit
669 2014 783 2076 nostra
798 2007 963 2074 Serenitas
977 2007 1127 2076 omnibus
1143 2007 1196 2074 de·

65 2115 269 2200 alarandum,
295 2115 382 2200 quod
398 2135 471 2182 enm
486 2121 591 2184 terras
607 2113 822 2183 hereditarias
839 2115 1001 2201 Symonis,
1025 2115 1194 2204 Stephani,

66 2233 166 2310 atque
183 2221 283 2307 Petri,
300 2222 439 2290 filiorum
457 2225 583 2308 Tener,
600 2231 634 2292 et
650 2223 840 2310 Alexandrj,
857 2223 918 2310 tilij
935 2225 1047 2308 Pake,
1070 2244 1193 2294 necnon

65 2341 98 2400 et
115 2331 190 2398 Etis
206 2339 326 2398 terram
353 2331 538 2418 emptieiam
556 2332 598 2398 ad
615 2332 679 2399 duro
695 2339 816 2416 aratra,
841 2351 924 2418 quas
940 2331 973 2397 in
990 2337 1078 2398 terra
1093 2333 1192 2417 Kerd,

64 2449 95 2508 et
111 2443 146 2508 in
164 2447 256 2507 terra
271 2441 384 2526 Keayv
400 2439 538 2527 pacifice
553 2441 779 2528 possidebant,
794 2439 917 2507 eisdem
934 2439 1086 2506 duximus
1102 2439 1191 2506 anie·

64 2550 206 2635 rendas;
233 2553 353 2616 terram
369 2549 495 2616 stan
521 2549 680 2616 arabilem
706 2547 748 2615 ad
765 2547 828 2614 tria
853 2553 965 2614 aratra
987 2547 1191 2632 existentem,

62 2678 135 2724 cum
151 2655 239 2724 silua
256 2663 289 2722 et
304 2655 422 2740 saneto,
440 2676 585 2740 nemore,
601 2663 635 2724 et
654 2676 727 2723 oum
751 2656 827 2724 aliis
843 2655 992 2723 omnibns
1011 2655 1079 2721 suis
1095 2653 1190 2742 perti-

63 2763 202 2847 nenciis,
228 2761 387 2850 exemptis
403 2783 424 2829 a
439 2771 547 2830 eastro
564 2763 736 2848 Hnntensi‚
763 2769 927 2830 carentem
942 2761 1191 2848 habitatoribus,

62 2873 95 2938 in
122 2869 422 2959 permutationem,
455 2891 514 2938 sev
539 2873 754 2942 eonoanbiam
779 2871 997 2959 predictarum
1022 2877 1190 2956 terrarum,

62 2999 148 3065 qnos
164 2979 349 3067 hospitibus
375 2979 495 3048 nostris
520 2979 563 3046 do
578 2979 685 3046 Zalkn
699 2977 836 3045 teeimnn
856 2977 1032 3062 assignari,
1058 2979 1190 3046 eontuli-

60 3109 143 3176 mus,
162 3089 322 3175 dedimus,
332 3095 432 3173 atque
447 3087 641 3156 tradidimus
651 3087 982 3175 Symoni,Stephano,
999 3089 1105 3172 Petro,
1117 3089 1189 3156 Ale·

60 3197 189 3266 xandro
205 3203 239 3264 et
253 3195 326 3262 Etie
342 3195 550 3282 supradietis,
577 3195 763 3282 heredibus,
779 3193 977 3262 herednmve
999 3195 1190 3264 sumessori·

59 3304 131 3390 bus,
151 3311 309 3391 perpetuo
326 3302 569 3389 possidendam,
585 3303 788 3387 sedimusque
804 3301 968 3388 predictos
985 3301 1074 3369 uiros
1094 3302 1188 3370 intro·

59 3411 134 3477 dnoi
152 3407 359 3498 perfidelem
384 3415 567 3478 nostrornm
583 3408 694 3476 Baaub
712 3410 904 3494 Magistrum
929 3407 962 3474 in
988 3412 1186 3496 corporalem

59 3517 302 3604 possessionem
326 3525 413 3586 terre
435 3525 623 3585 memorate.
649 3519 734 3584 Mete
751 3516 851 3602 igitur
875 3533 933 3583 sen
950 3515 1078 3582 termini
1103 3517 1189 3586 diota

58 3635 156 3713 terre,
172 3628 258 3694 siant
283 3625 369 3697 idem
385 3625 493 3692 fidelis
518 3633 629 3693 noster
644 3626 803 3711 Magister
818 3624 928 3691 Baaeh
954 3624 1049 3692 nobis
1065 3625 1186 3709 retulit,

60 3737 121 3802 hoe
148 3733 263 3800 ordine
289 3733 528 3818 distinguntur:
555 3733 667 3802 Prima
692 3739 780 3800 meta
803 3733 917 3819 inoipit
942 3755 964 3799 a
987 3731 1105 3812 fluuio,
1131 3733 1186 3816 qni

54 3843 150 3932 poroi-
165 3841 292 3928 dieitur,
311 3848 343 3908 et
359 3841 464 3909 tendit
478 3841 522 3908 ad
538 3842 622 3909 duas
639 3843 774 3909 arbores
789 3841 877 3925 vlmi,
898 3859 961 3924 que
975 3841 1063 3928 zyisa
1078 3837 1187 3908 dieun-

56 3957 119 4033 tnr,
138 3949 235 4017 stibi
262 3955 337 4016 sunt
354 3950 417 4017 due
434 3957 538 4037 'mete;
564 3951 641 4016 inde
656 3950 803 4037 procedit
819 3949 862 4016 ad
878 3947 1006 4035 syluam
1025 3947 1058 4013 in
1075 3947 1184 4012 Onon-

60 4057 184 4145 potok;
213 4055 290 4125 inde
306 4058 408 4126 wadit
423 4057 467 4125 ad
483 4060 600 4143 locum,
628 4059 683 4145 qni
699 4057 904 4126 Harsandinr
919 4055 1046 4140 dieitur,
1063 4061 1096 4122 et
1110 4053 1186 4120 inde

60 4165 101 4232 ad
121 4185 222 4231 vnam
241 4167 390 4234 arborem
412 4165 503 4253 tylie,
531 4169 591 4234 sub
609 4175 740 4252 quaest
759 4173 863 4251 meta;
881 4163 958 4232 inde
977 4161 1185 4250 procedendo

59 4295 115 4361 per
132 4273 263 4358 ailnnm,
281 4275 370 4341 nenit
395 4276 438 4340 ad
464 4297 561 4344 unum
579 4277 700 4361 berch,
726 4275 811 4342 unde
833 4273 1001 4341 deseendit
1020 4270 1064 4338 ad
1082 4273 1184 4358 Kyra-

59 4382 161 4465 titme,
189 4391 221 4448 et
237 4383 283 4448 ibi
299 4389 376 4449 sunt
390 4384 455 4452 dne
470 4392 574 4470 mete,
600 4383 719 4451 deinde
735 4383 824 4450 uenit
847 4381 891 4448 ad
907 4379 1135 4469 Osoewpotok,
1152 4391 1185 4447 et

58 4489 174 4557 transit
201 4511 260 4578 per
275 4491 417 4559 medium
444 4493 543 4580 iilius,
571 4499 604 4560 et
618 4493 673 4560 vbi
690 4491 808 4559 transit
832 4491 913 4558 illud
929 4489 973 4555 ad
992 4491 1109 4574 locum,
1129 4489 1183 4573 qui

58 4595 308 4684 Gyenowtyrtes
325 4599 453 4688 dieitur,
470 4602 562 4668 iuxta
579 4621 676 4668 unam
692 4619 846 4684 quereum
863 4603 938 4666 eunt
952 4597 1015 4664 due
1032 4604 1135 4682 mete;
1152 4603 1184 4661 et
