3082 5150
656 194 723 262 343

121 397 321 474 nostrorum,
339 390 393 474 qui
410 389 505 458 nobis
519 390 552 456 iu
569 393 709 458 seruiclo
725 389 918 457 exercituali
935 395 1092 473 tenentur,
1114 389 1253 457 sociare·

120 518 193 566 mus
220 498 364 567 eosdem.
392 497 486 566 Vnde
505 497 583 582 quia
607 499 642 566 in
669 499 754 566 dieto
779 499 924 564 exercitu
950 517 987 564 se
1011 499 1105 566 nobis
1131 496 1254 564 utiliter

121 607 346 692 ostenderunt,
370 607 455 675 siout
470 607 590 674 dilecto
607 613 640 674 et
655 605 742 675 fideli
758 613 868 676 nesbo
884 607 1042 693 Magistro
1058 605 1123 674 Job
1139 607 1252 674 illecto

123 723 158 784 et
175 716 365 784 confirmato
378 715 415 798 in
431 715 630 804 Episcopum
647 714 1028 800 Quinqueeoolesienscm
1051 715 1127 781 aule
1142 719 1253 780 nostre

122 823 430 892 Uice-Cancellario
455 822 616 891 referente
641 825 866 908 cognocimus,
892 830 924 890 et
939 823 1158 908 promiserunt
1173 841 1251 888 sem-

118 953 182 1018 per
200 933 241 998 de
257 937 366 1000 cetero
381 931 430 999 aic
445 934 588 1016 seruire;
614 932 725 998 taliter
741 938 863 1000 statum
884 931 1045 998 libertatis
1064 951 1174 998 eorum
1194 931 1250 998 du-

116 1040 228 1106 ximus
256 1039 534 1126 promouendum,
562 1045 596 1104 ut
621 1039 661 1106 de
686 1046 796 1106 cetero
822 1041 865 1106 ab
891 1039 997 1108 officio
1022 1041 1250 1108 bucheriorum

119 1150 275 1236 exempti,
302 1145 457 1233 quamdiu
482 1149 517 1214 in
533 1146 802 1234 expedicionibns
827 1148 947 1216 nostris
973 1168 1128 1236 expresso
1153 1149 1249 1218 modo

117 1257 218 1324 nobis
229 1255 398 1340 seruirent,
417 1263 484 1324 tam
499 1256 564 1342 ipsi
576 1275 674 1342 quam
692 1255 733 1320 ab
745 1255 793 1323 eis
809 1255 1043 1324 descendentes
1059 1257 1142 1324 inter
1158 1276 1250 1323 exer·

117 1362 260 1430 cituales
276 1362 397 1447 Regios
423 1361 601 1448 computati
616 1362 806 1430 habeantur.
833 1365 870 1430 ln
886 1365 977 1430 ouius
992 1365 1039 1430 rei
1060 1368 1248 1434 memoriam

115 1479 153 1538 et
168 1471 269 1538 robur
296 1475 465 1556 presentes
490 1471 616 1538 litteras
632 1469 795 1558 duppliois
822 1469 924 1555 sigilli
947 1471 1047 1538 nostri
1073 1473 1248 1542 munimine

116 1581 293 1650 roboratas
319 1579 401 1666 ipsis
425 1579 512 1646 tradi
528 1577 689 1663 iussimus,
716 1576 855 1644 durante
880 1575 1070 1646 condicione
1090 1601 1131 1646 ex
1153 1588 1247 1667 purte

116 1691 267 1776 ipsorum
283 1685 348 1753 sibi
363 1706 424 1772 per
437 1691 619 1770 temporum
635 1685 797 1752 curricula
814 1686 984 1754 ualituras.
1009 1687 1130 1752 Datum
1146 1689 1181 1754 in
1196 1707 1245 1754 ca·

117 1797 198 1865 stris
222 1797 315 1862 iuxta
330 1795 493 1861 Viennam
513 1794 753 1862 castrametatis
779 1803 894 1861 eontra
917 1795 1042 1862 Ducem
1066 1795 1246 1882 predictum

114 1926 203 1973 anno
215 1902 639 1971 Dominieelncarnaoionis
655 1903 830 1970 millesimo
848 1901 1070 1972 ducentesimo
1090 1906 1246 1989 quiuqua-

114 2012 243 2100 gesimo
269 2011 412 2080 eeouudo
436 2012 542 2080 XVII.
570 2011 731 2080 kalendae
755 2013 846 2100 Julij,
878 2012 984 2097 Regni
1010 2020 1119 2081 autem
1142 2015 1246 2080 nostri

114 2142 201 2189 anno
217 2121 351 2188 xvnn.

113 2319 255 2392 (brederio
267 2316 443 2386 btrhlrtyln,
456 2319 568 2385 melyrlll
582 2335 599 2370 a
611 2317 755 2385 kntlynsk
766 2320 855 2372 kettbs
868 2319 989 2386 pecsbtje
1001 2316 1244 2386 stiga-verusne:

267 2409 496 2476 selyemaainbuou
509 2410 586 2476 fllgg,
601 2425 618 2460 a
627 2409 691 2460 bud.
705 2409 756 2460 lrir.
767 2409 890 2460 lamanai
902 2405 1091 2474 levbltdrban.)

544 2715 804 2727 —u———u-—-

643 3238 722 3306 tue.

111 3439 161 3504 Aa
181 3440 250 3524 epti
263 3437 415 3524 luciplalaa
430 3437 504 3500 Pud
518 3459 613 3501 coenes
633 3445 664 3501 e'a
679 3435 789 3523 Epped
814 3435 1000 3521 troppolaszi
1022 3435 1107 3500 lakes
1125 3435 1204 3516 ludet,
1220 3458 1241 3497 o

109 3547 261 3634 Lampert
276 3549 344 3632 eqni
357 3545 477 3632 piiapdlc
486 3546 566 3612 eliel
580 3544 680 3610 boeoti
694 3545 830 3610 ite'letoek
845 3543 1019 3609 eutelmebea
1038 3543 1125 3627 eijcis.
1141 3540 1239 3608 1252.

222 3739 381 3807 Omnibus
397 3738 519 3806 Christi
543 3739 697 3806 fidelibus
713 3759 847 3825 presens
867 3740 1022 3826 scriptum
1043 3735 1239 3822 inspecturis

111 3847 286 3934 Agriensis
311 3847 459 3914 Ecclesie
476 3847 660 3934 Capitulum
687 3849 825 3914 salutem
842 3849 875 3912 iu
895 3846 1045 3913 Domino.
1071 3841 1238 3928 Significa-

112 3977 185 4024 mus
201 3976 262 4024 noe
278 3957 443 4044 recepisse
468 3958 595 4024 litteras
610 3956 810 4025 venerabilis
833 3957 936 4043 patris
952 3959 984 4022 et
1000 3953 1120 4021 domini
1136 3951 1238 4020 nostri

110 4064 281 4150 Lampeuti
296 4065 453 4152 Episcopi
470 4065 641 4150 Agriensis
657 4064 718 4131 sub
734 4065 797 4132 hac
814 4063 935 4130 souma:

218 4175 341 4242 Datum
356 4195 416 4260 pro
434 4175 610 4241 memoria:
627 4173 714 4260 quod
730 4173 915 4242 constitutis
931 4171 965 4237 in
982 4175 1094 4237 nostra
1109 4181 1237 4255 presen-

110 4284 164 4348 cia
188 4281 259 4348 Pud
275 4283 413 4370 Gemite,
439 4289 472 4350 et
496 4285 614 4369 Egidio
631 4285 673 4350 de
692 4285 774 4351 villa
797 4283 963 4370 Nogoloa3
989 4281 1076 4348 idem
1100 4277 1238 4364 Egidius

108 4391 302 4476 proposuit,
334 4388 462 4473 quoda
485 4391 606 4457 Peturd
629 4390 694 4458 filio
724 4387 858 4476 Georgij
883 4391 1014 4458 emisset
1038 4394 1157 4454 terram
1182 4406 1237 4454 eu-

108 4517 167 4586 per
192 4495 398 4566 fideiussoris
423 4499 579 4566 oauoione
604 4496 748 4568 eiusdem
773 4497 844 4564 Pud
862 4497 998 4564 Comitis
1017 4517 1076 4584 pro
1100 4499 1238 4580 utraque
