3112 5148
12 1101 13 1156 t
89 1088 105 1151 I
111 1089 140 1151 Γ.
159 1089 238 1151 Beier
254 1089 420 1174 ddrdlpnod·
447 1089 598 1172 odoratopa
625 1089 767 1172 br'sonpos
782 1087 867 1153 dot-6
892 1109 986 1151 corrues
998 1088 1077 1170 ,tius
1097 1088 1210 1152 Mikros

12 1201 13 1214 ¹
212 1220 307 1260 cornea
322 1204 352 1260 e's
368 1202 494 1261 tratodre
513 1195 613 1281 Tunrp)
629 1196 709 1259 ἐδεῖτ’
726 1195 961 1260 birdod‘rserdrdl.
984 1196 1079 1260 1245.

190 1392 272 1459 Beda
288 1391 350 1457 Dei
376 1391 500 1475 gracia,
518 1391 696 1474 Hungarie,
723 1392 904 1474 Dalmacie,
924 1391 1068 1476 Oroacie,
1096 1395 1209 1475 Rome,

87 1499 205 1580 serris,
225 1499 374 1580 Gallicis,
401 1497 603 1582 Lodomerie,
632 1499 853 1584 comanieque
870 1500 940 1566 Rex
965 1499 1113 1568 omnibus
1139 1520 1209 1586 pre·

88 1615 193 1674 sentes
210 1609 324 1673 literas
341 1607 538 1692 inspecturis
550 1607 687 1673 salutem
705 1608 738 1672 iu
751 1607 899 1674 Domino.
922 1607 972 1672 Ad
988 1607 1210 1674 universorum

85 1717 287 1802 presencium
300 1723 568 1800 posterorumque
579 1716 732 1782 noticiam
748 1716 862 1780 harum
879 1715 962 1780 serie
978 1717 1127 1782 volumus
1142 1735 1210 1801 per·

12 1907 13 1910 ¹
88 1823 207 1908 venire,
227 1824 314 1908 quod
325 1823 439 1890 fideles
456 1824 558 1890 nostri
575 1822 718 1890 Comites
735 1823 875 1889 Michael
892 1831 924 1889 et
934 1825 1031 1909 Mogh
1048 1825 1107 1890 filii
1122 1823 1210 1890 Jako

85 1931 250 2015 quondam
276 1931 413 1999 Comitis
439 1934 472 1998 in
505 1941 616 2000 nostra
642 1933 807 1998 constituti
838 1933 1011 2018 presencia
1041 1933 1210 2020 protestati

12 2103 13 2150 ἢ
86 2051 155 2109 sunt
170 2063 283 2109 coram
293 2043 387 2109 nobis
398 2043 624 2128 personaliter,
637 2040 723 2126 quod
739 2042 780 2107 de
791 2043 883 2109 terris
900 2041 976 2126 illis,
994 2063 1076 2127 quas
1088 2044 1210 2110 eisdem

87 2151 281 2219 dederamus
298 2151 330 2217 in
341 2151 610 2238 pennutationem
627 2159 712 2217 terre
729 2152 872 2236 ipsorum
883 2151 1065 2237 Scepredas
1082 2153 1211 2220 nomine

87 2267 203 2325 terram
232 2267 306 2327 octo
333 2266 534 2343 aratrorum,
560 2259 686 2324 scilicet
711 2258 744 2324 in
767 2258 846 2323 villa
869 2261 976 2323 Ratun
1003 2259 1045 2324 ad
1070 2261 1211 2343 quinque

86 2374 204 2450 aratra,
232 2365 314 2432 etin
330 2365 486 2432 Tolnuach
502 2366 588 2430 ult-ra
604 2365 709 2448 Wagh
730 2364 770 2428 ad
786 2365 849 2429 tria
865 2372 978 2430 aratra
999 2365 1211 2434 sufficientem

12 2469 13 2528 r
87 2475 222 2540 reicolas
240 2471 359 2540 Oomiti
377 2479 408 2537 et
424 2475 529 2558 'Pomp
545 2472 639 2539 fratri
667 2472 814 2558 ejusdem
831 2492 889 2558 pro
904 2474 962 2537 ilia
982 2471 1136 2558 porcione
1150 2477 1211 2538 ter-

85 2603 125 2667 re,
142 2602 246 2665 qnam
262 2580 363 2647 iidem
379 2580 671 2668 intraScepredras
682 2591 862 2649 memorata
878 2601 918 2647 ex
930 2581 1109 2648 donacione
1125 2581 1211 2648 dicto

85 2691 163 2756 Jaeo
181 2687 409 2776 possidebant,
427 2686 595 2754 dedissent
612 2694 643 2754 et
659 2689 880 2772 contulissent,
908 2698 1063 2774 perpetuo
1079 2687 1212 2775 pacifice

86 2796 330 2884 possidendam,
357 2797 403 2862 ita
419 2796 505 2877 quod
525 2797 660 2862 ulterius
677 2816 736 2861 nec
752 2795 816 2881 ipsi
833 2817 892 2862 nee
912 2797 1054 2882 ipsorum
1076 2796 1212 2864 heredes

85 2913 280 2992 prenotatos
297 2905 467 2973 Nicolaum
487 2913 519 2971 et
534 2906 639 2990 'Pomp
654 2927 693 2971 ac
714 2905 857 2990 ipsorum
875 2906 1020 2990 heredes,
1041 2906 1212 2972 heredum-

87 3036 145 3101 que
162 3034 298 3082 suorum
310 3031 516 3080 successoros
534 3014 708 3098 superiam
725 3011 816 3078 dicta
828 3019 915 3079 terra
925 3020 1075 3100 poterunt
1092 3017 1214 3100 aliqua·

83 3135 176 3190 tenus
194 3122 384 3206 molestare,
402 3141 498 3206 quam
515 3123 628 3203 utique
638 3120 852 3188 donacionem
863 3129 895 3187 et
914 3121 1162 3208 ordinacionem,
1180 3129 1214 3189 nt

83 3251 239 3318 processu
257 3237 440 3314 temporum
451 3235 592 3312 nequeat
608 3249 666 3315 per
679 3230 864 3316 quempiam
875 3231 907 3296 in
919 3231 1046 3297 irritum
1057 3232 1213 3319 revocari,
1239 3225 1240 3230 ’

12 3379 13 3390 1
85 3339 290 3425 presentibus
318 3337 468 3404 duximus
494 3337 756 3405 confirmandam.
788 3340 909 3406 Datum
934 3340 967 3404 in
993 3340 1095 3407 Zolim
1128 3362 1213 3408 anno

85 3450 211 3514 Domini
223 3449 273 3514 M⁰
284 3445 351 3512 00⁰
363 3447 435 3514 XL⁰
444 3447 507 3531 V⁰.‚
520 3448 632 3532 quinto
643 3446 804 3519 kalendas
816 3447 975 3531 Octobris,
988 3448 1093 3532 Regni
1105 3453 1212 3515 antem

82 3560 178 3624 unani
195 3576 289 3624 anno
312 3553 493 3622 undecimo.

113 3761 215 3810 Robcrt
229 3753 340 3820 Kirnly
354 3751 444 3821 kirtly
460 3757 570 3808 terail<
583 3753 626 3806 tvi
640 3755 742 3808 eradoti
756 3752 901 3809 r'utiratdbdl
915 3755 986 3806 induli
1001 3757 1081 3823 Nagy
1093 3753 1183 3821 Ivdn.)
