<?xml version="1.0" encoding="UTF-8"?>
<!DOCTYPE html PUBLIC "-//W3C//DTD XHTML 1.0 Transitional//EN"
    "http://www.w3.org/TR/xhtml1/DTD/xhtml1-transitional.dtd">
<html xmlns="http://www.w3.org/1999/xhtml" xml:lang="en" lang="en">
 <head>
  <title>
</title>
<meta http-equiv="Content-Type" content="text/html;charset=utf-8" />
  <meta name='ocr-system' content='tesseract 3.04.00' />
  <meta name='ocr-capabilities' content='ocr_page ocr_carea ocr_par ocr_line ocrx_word'/>
</head>
<body>
  <div class='ocr_page' id='page_1' title='image "./codexdiplomatic15wenzgoog_0505.png"; bbox 0 0 3148 5156; ppageno 0'>
   <div class='ocr_carea' id='block_1_1' title="bbox 813 300 973 400">
    <p class='ocr_par' dir='ltr' id='par_1_1' title="bbox 813 300 973 400">
     <span class='ocr_line' id='line_1_1' title="bbox 813 300 973 400; baseline 0 -37"><span class='ocrx_word' id='word_1_1' title='bbox 813 300 973 400; x_wconf 41' lang='lat' dir='ltr'><strong>gos-</strong></span> 
     </span>
    </p>
   </div>
   <div class='ocr_carea' id='block_1_2' title="bbox 319 491 1470 4702">
    <p class='ocr_par' dir='ltr' id='par_1_2' title="bbox 319 491 1470 4702">
     <span class='ocr_line' id='line_1_2' title="bbox 330 491 1456 584; baseline -0.007 -20"><span class='ocrx_word' id='word_1_2' title='bbox 330 495 414 583; x_wconf 86' lang='lat' dir='ltr'><strong>jnris</strong></span> <span class='ocrx_word' id='word_1_3' title='bbox 439 497 587 582; x_wconf 81' lang='lat' dir='ltr'>Magistri</span> <span class='ocrx_word' id='word_1_4' title='bbox 602 497 749 581; x_wconf 88' lang='lat' dir='ltr'><strong>Mauricij</strong></span> <span class='ocrx_word' id='word_1_5' title='bbox 774 499 875 565; x_wconf 87' lang='lat' dir='ltr'><strong>libere</strong></span> <span class='ocrx_word' id='word_1_6' title='bbox 901 505 933 564; x_wconf 88' lang='lat' dir='ltr'><strong>et</strong></span> <span class='ocrx_word' id='word_1_7' title='bbox 954 495 1089 584; x_wconf 88' lang='lat' dir='ltr'><strong>pacifice</strong></span> <span class='ocrx_word' id='word_1_8' title='bbox 1114 493 1263 580; x_wconf 78' lang='lat' dir='ltr'><strong>permisit</strong></span> <span class='ocrx_word' id='word_1_9' title='bbox 1285 491 1456 580; x_wconf 89' lang='lat' dir='ltr'><strong>possiden-</strong></span> 
     </span>
     <span class='ocr_line' id='line_1_3' title="bbox 334 603 1457 692; baseline -0.003 -22"><span class='ocrx_word' id='word_1_10' title='bbox 334 604 419 692; x_wconf 90' lang='lat' dir='ltr'><strong>dam,</strong></span> <span class='ocrx_word' id='word_1_11' title='bbox 438 613 538 674; x_wconf 90' lang='lat' dir='ltr'><strong>otnos</strong></span> <span class='ocrx_word' id='word_1_12' title='bbox 550 607 663 674; x_wconf 89' lang='lat' dir='ltr'><strong>eodem</strong></span> <span class='ocrx_word' id='word_1_13' title='bbox 673 607 768 676; x_wconf 93' lang='lat' dir='ltr'><strong>modo</strong></span> <span class='ocrx_word' id='word_1_14' title='bbox 780 608 982 676; x_wconf 88' lang='lat' dir='ltr'><strong>decreuimus</strong></span> <span class='ocrx_word' id='word_1_15' title='bbox 992 603 1242 671; x_wconf 88' lang='lat' dir='ltr'><strong>iusticiadobita</strong></span> <span class='ocrx_word' id='word_1_16' title='bbox 1255 603 1457 689; x_wconf 78' lang='lat' dir='ltr'><strong>postulante,</strong></span> 
     </span>
     <span class='ocr_line' id='line_1_4' title="bbox 334 709 1456 802; baseline -0.005 -22"><span class='ocrx_word' id='word_1_17' title='bbox 334 715 420 800; x_wconf 91' lang='lat' dir='ltr'><strong>quod</strong></span> <span class='ocrx_word' id='word_1_18' title='bbox 435 715 508 800; x_wconf 86' lang='lat' dir='ltr'><strong>ipsa</strong></span> <span class='ocrx_word' id='word_1_19' title='bbox 528 715 656 783; x_wconf 89' lang='lat' dir='ltr'><strong>terrain</strong></span> <span class='ocrx_word' id='word_1_20' title='bbox 673 717 722 784; x_wconf 88' lang='lat' dir='ltr'><strong>ius</strong></span> <span class='ocrx_word' id='word_1_21' title='bbox 738 715 887 802; x_wconf 77' lang='lat' dir='ltr'><strong>Magistri</strong></span> <span class='ocrx_word' id='word_1_22' title='bbox 902 713 1050 799; x_wconf 89' lang='lat' dir='ltr'><strong>Mauricij</strong></span> <span class='ocrx_word' id='word_1_23' title='bbox 1070 711 1201 778; x_wconf 89' lang='lat' dir='ltr'><strong>deuolui</strong></span> <span class='ocrx_word' id='word_1_24' title='bbox 1217 711 1334 777; x_wconf 88' lang='lat' dir='ltr'><strong>debeat</strong></span> <span class='ocrx_word' id='word_1_25' title='bbox 1356 709 1456 796; x_wconf 90' lang='lat' dir='ltr'><strong>pleno</strong></span> 
     </span>
     <span class='ocr_line' id='line_1_5' title="bbox 333 818 1457 910; baseline -0.003 -24"><span class='ocrx_word' id='word_1_26' title='bbox 333 823 420 908; x_wconf 89' lang='lat' dir='ltr'><strong>iure;</strong></span> <span class='ocrx_word' id='word_1_27' title='bbox 436 824 598 890; x_wconf 81' lang='lat' dir='ltr'><strong>mittentes</strong></span> <span class='ocrx_word' id='word_1_28' title='bbox 623 825 801 910; x_wconf 86' lang='lat' dir='ltr'><strong>predictum</strong></span> <span class='ocrx_word' id='word_1_29' title='bbox 817 823 1020 910; x_wconf 90' lang='lat' dir='ltr'><strong>pristaldnm,</strong></span> <span class='ocrx_word' id='word_1_30' title='bbox 1038 827 1072 887; x_wconf 89' lang='lat' dir='ltr'><strong>nt</strong></span> <span class='ocrx_word' id='word_1_31' title='bbox 1088 819 1192 906; x_wconf 83' lang='lat' dir='ltr'><strong>ipsam</strong></span> <span class='ocrx_word' id='word_1_32' title='bbox 1214 826 1335 886; x_wconf 84' lang='lat' dir='ltr'><strong>terram</strong></span> <span class='ocrx_word' id='word_1_33' title='bbox 1351 818 1457 902; x_wconf 84' lang='lat' dir='ltr'><strong>Magi-</strong></span> 
     </span>
     <span class='ocr_line' id='line_1_6' title="bbox 335 927 1459 1018; baseline -0.004 -23"><span class='ocrx_word' id='word_1_34' title='bbox 335 937 400 996; x_wconf 90' lang='lat' dir='ltr'><strong>stro</strong></span> <span class='ocrx_word' id='word_1_35' title='bbox 417 931 578 1000; x_wconf 82' lang='lat' dir='ltr'><strong>Mauricio</strong></span> <span class='ocrx_word' id='word_1_36' title='bbox 604 933 723 999; x_wconf 88' lang='lat' dir='ltr'><strong>debeat</strong></span> <span class='ocrx_word' id='word_1_37' title='bbox 738 934 907 1018; x_wconf 83' lang='lat' dir='ltr'><strong>assignare</strong></span> <span class='ocrx_word' id='word_1_38' title='bbox 933 933 1028 998; x_wconf 88' lang='lat' dir='ltr'><strong>certis</strong></span> <span class='ocrx_word' id='word_1_39' title='bbox 1054 930 1148 996; x_wconf 89' lang='lat' dir='ltr'><strong>metis</strong></span> <span class='ocrx_word' id='word_1_40' title='bbox 1167 927 1308 1010; x_wconf 80' lang='lat' dir='ltr'><strong>undique</strong></span> <span class='ocrx_word' id='word_1_41' title='bbox 1324 927 1459 994; x_wconf 89' lang='lat' dir='ltr'><strong>circum-</strong></span> 
     </span>
     <span class='ocr_line' id='line_1_7' title="bbox 336 1032 1459 1128; baseline -0.006 -21"><span class='ocrx_word' id='word_1_42' title='bbox 336 1040 463 1127; x_wconf 77' lang='lat' dir='ltr'><strong>positis.</strong></span> <span class='ocrx_word' id='word_1_43' title='bbox 489 1040 588 1108; x_wconf 84' lang='lat' dir='ltr'><strong>Cuius</strong></span> <span class='ocrx_word' id='word_1_44' title='bbox 604 1048 689 1108; x_wconf 90' lang='lat' dir='ltr'><strong>terre</strong></span> <span class='ocrx_word' id='word_1_45' title='bbox 704 1047 800 1127; x_wconf 90' lang='lat' dir='ltr'><strong>mete,</strong></span> <span class='ocrx_word' id='word_1_46' title='bbox 826 1047 921 1128; x_wconf 91' lang='lat' dir='ltr'><strong>prout</strong></span> <span class='ocrx_word' id='word_1_47' title='bbox 936 1061 996 1127; x_wconf 92' lang='lat' dir='ltr'><strong>per</strong></span> <span class='ocrx_word' id='word_1_48' title='bbox 1011 1039 1148 1106; x_wconf 88' lang='lat' dir='ltr'><strong>eundem</strong></span> <span class='ocrx_word' id='word_1_49' title='bbox 1167 1037 1360 1125; x_wconf 88' lang='lat' dir='ltr'><strong>pristaldum</strong></span> <span class='ocrx_word' id='word_1_50' title='bbox 1375 1032 1459 1100; x_wconf 90' lang='lat' dir='ltr'><strong>didi-</strong></span> 
     </span>
     <span class='ocr_line' id='line_1_8' title="bbox 337 1141 1458 1234; baseline -0.007 -22"><span class='ocrx_word' id='word_1_51' title='bbox 337 1151 448 1232; x_wconf 85' lang='lat' dir='ltr'><strong>cimus,</strong></span> <span class='ocrx_word' id='word_1_52' title='bbox 480 1149 540 1216; x_wconf 89' lang='lat' dir='ltr'><strong>hoc</strong></span> <span class='ocrx_word' id='word_1_53' title='bbox 565 1148 677 1218; x_wconf 83' lang='lat' dir='ltr'><strong>ordine</strong></span> <span class='ocrx_word' id='word_1_54' title='bbox 701 1149 941 1234; x_wconf 83' lang='lat' dir='ltr'><strong>distinguntur:</strong></span> <span class='ocrx_word' id='word_1_55' title='bbox 968 1149 1078 1214; x_wconf 88' lang='lat' dir='ltr'><strong>Prima</strong></span> <span class='ocrx_word' id='word_1_56' title='bbox 1108 1153 1196 1213; x_wconf 89' lang='lat' dir='ltr'><strong>meta</strong></span> <span class='ocrx_word' id='word_1_57' title='bbox 1217 1143 1333 1230; x_wconf 88' lang='lat' dir='ltr'><strong>incipit</strong></span> <span class='ocrx_word' id='word_1_58' title='bbox 1362 1141 1458 1206; x_wconf 85' lang='lat' dir='ltr'><strong>iuxta</strong></span> 
     </span>
     <span class='ocr_line' id='line_1_9' title="bbox 338 1250 1457 1344; baseline -0.007 -23"><span class='ocrx_word' id='word_1_59' title='bbox 338 1256 501 1340; x_wconf 88' lang='lat' dir='ltr'><strong>quandam</strong></span> <span class='ocrx_word' id='word_1_60' title='bbox 525 1257 613 1324; x_wconf 88' lang='lat' dir='ltr'><strong>uiam</strong></span> <span class='ocrx_word' id='word_1_61' title='bbox 637 1277 734 1344; x_wconf 89' lang='lat' dir='ltr'><strong>super</strong></span> <span class='ocrx_word' id='word_1_62' title='bbox 750 1256 877 1324; x_wconf 91' lang='lat' dir='ltr'><strong>duabus</strong></span> <span class='ocrx_word' id='word_1_63' title='bbox 901 1257 1072 1325; x_wconf 81' lang='lat' dir='ltr'><strong>arboribus</strong></span> <span class='ocrx_word' id='word_1_64' title='bbox 1095 1255 1190 1341; x_wconf 87' lang='lat' dir='ltr'><strong>ilicis,</strong></span> <span class='ocrx_word' id='word_1_65' title='bbox 1216 1273 1313 1340; x_wconf 89' lang='lat' dir='ltr'><strong>snper</strong></span> <span class='ocrx_word' id='word_1_66' title='bbox 1336 1250 1457 1334; x_wconf 86' lang='lat' dir='ltr'><strong>quibus</strong></span> 
     </span>
     <span class='ocr_line' id='line_1_10' title="bbox 336 1357 1457 1452; baseline -0.009 -22"><span class='ocrx_word' id='word_1_67' title='bbox 336 1370 411 1430; x_wconf 90' lang='lat' dir='ltr'><strong>sunt</strong></span> <span class='ocrx_word' id='word_1_68' title='bbox 434 1361 529 1448; x_wconf 87' lang='lat' dir='ltr'><strong>signa</strong></span> <span class='ocrx_word' id='word_1_69' title='bbox 553 1365 658 1432; x_wconf 88' lang='lat' dir='ltr'><strong>crucis</strong></span> <span class='ocrx_word' id='word_1_70' title='bbox 684 1366 810 1452; x_wconf 81' lang='lat' dir='ltr'><strong>posita3</strong></span> <span class='ocrx_word' id='word_1_71' title='bbox 838 1365 963 1432; x_wconf 85' lang='lat' dir='ltr'><strong>atinde</strong></span> <span class='ocrx_word' id='word_1_72' title='bbox 987 1363 1134 1450; x_wconf 85' lang='lat' dir='ltr'><strong>procedit</strong></span> <span class='ocrx_word' id='word_1_73' title='bbox 1157 1381 1272 1428; x_wconf 87' lang='lat' dir='ltr'><strong>uersus</strong></span> <span class='ocrx_word' id='word_1_74' title='bbox 1297 1357 1457 1426; x_wconf 83' lang='lat' dir='ltr'><strong>orientem</strong></span> 
     </span>
     <span class='ocr_line' id='line_1_11' title="bbox 337 1469 1457 1560; baseline -0.008 -21"><span class='ocrx_word' id='word_1_75' title='bbox 337 1474 429 1540; x_wconf 86' lang='lat' dir='ltr'><strong>iuxta</strong></span> <span class='ocrx_word' id='word_1_76' title='bbox 444 1475 581 1540; x_wconf 89' lang='lat' dir='ltr'><strong>eandem</strong></span> <span class='ocrx_word' id='word_1_77' title='bbox 596 1475 693 1560; x_wconf 88' lang='lat' dir='ltr'><strong>uiam,</strong></span> <span class='ocrx_word' id='word_1_78' title='bbox 720 1483 752 1540; x_wconf 89' lang='lat' dir='ltr'><strong>et</strong></span> <span class='ocrx_word' id='word_1_79' title='bbox 766 1478 874 1543; x_wconf 88' lang='lat' dir='ltr'><strong>ueniet</strong></span> <span class='ocrx_word' id='word_1_80' title='bbox 889 1475 1045 1540; x_wconf 89' lang='lat' dir='ltr'><strong>adunam</strong></span> <span class='ocrx_word' id='word_1_81' title='bbox 1061 1473 1209 1539; x_wconf 88' lang='lat' dir='ltr'><strong>arborem</strong></span> <span class='ocrx_word' id='word_1_82' title='bbox 1226 1469 1328 1552; x_wconf 79' lang='lat' dir='ltr'><strong>ilicis,</strong></span> <span class='ocrx_word' id='word_1_83' title='bbox 1353 1472 1386 1532; x_wconf 90' lang='lat' dir='ltr'><strong>et</strong></span> <span class='ocrx_word' id='word_1_84' title='bbox 1401 1485 1457 1530; x_wconf 86' lang='lat' dir='ltr'><strong>ex-</strong></span> 
     </span>
     <span class='ocr_line' id='line_1_12' title="bbox 336 1575 1455 1666; baseline -0.008 -17"><span class='ocrx_word' id='word_1_85' title='bbox 336 1583 411 1649; x_wconf 88' lang='lat' dir='ltr'><strong>hinc</strong></span> <span class='ocrx_word' id='word_1_86' title='bbox 426 1581 576 1648; x_wconf 90' lang='lat' dir='ltr'><strong>similiter</strong></span> <span class='ocrx_word' id='word_1_87' title='bbox 601 1580 644 1648; x_wconf 89' lang='lat' dir='ltr'><strong>ad</strong></span> <span class='ocrx_word' id='word_1_88' title='bbox 661 1583 810 1650; x_wconf 85' lang='lat' dir='ltr'><strong>arborem</strong></span> <span class='ocrx_word' id='word_1_89' title='bbox 825 1583 910 1650; x_wconf 84' lang='lat' dir='ltr'><strong>ilicis</strong></span> <span class='ocrx_word' id='word_1_90' title='bbox 927 1582 1142 1666; x_wconf 64' lang='lat' dir='ltr'><strong>antedictam</strong></span> <span class='ocrx_word' id='word_1_91' title='bbox 1169 1587 1200 1647; x_wconf 88' lang='lat' dir='ltr'><strong>et</strong></span> <span class='ocrx_word' id='word_1_92' title='bbox 1216 1579 1333 1646; x_wconf 89' lang='lat' dir='ltr'><strong>abhinc</strong></span> <span class='ocrx_word' id='word_1_93' title='bbox 1349 1575 1455 1643; x_wconf 86' lang='lat' dir='ltr'><strong>eciam</strong></span> 
     </span>
     <span class='ocr_line' id='line_1_13' title="bbox 338 1685 1456 1778; baseline -0.006 -22"><span class='ocrx_word' id='word_1_94' title='bbox 338 1690 382 1756; x_wconf 89' lang='lat' dir='ltr'><strong>ad</strong></span> <span class='ocrx_word' id='word_1_95' title='bbox 397 1691 530 1757; x_wconf 85' lang='lat' dir='ltr'><strong>arbores</strong></span> <span class='ocrx_word' id='word_1_96' title='bbox 544 1688 639 1776; x_wconf 84' lang='lat' dir='ltr'><strong>ilicis,</strong></span> <span class='ocrx_word' id='word_1_97' title='bbox 656 1692 710 1758; x_wconf 91' lang='lat' dir='ltr'><strong>ubi</strong></span> <span class='ocrx_word' id='word_1_98' title='bbox 727 1702 778 1759; x_wconf 87' lang='lat' dir='ltr'><strong>est</strong></span> <span class='ocrx_word' id='word_1_99' title='bbox 791 1698 918 1778; x_wconf 89' lang='lat' dir='ltr'><strong>pratum</strong></span> <span class='ocrx_word' id='word_1_100' title='bbox 935 1691 1098 1777; x_wconf 79' lang='lat' dir='ltr'><strong>quoddam</strong></span> <span class='ocrx_word' id='word_1_101' title='bbox 1113 1709 1267 1776; x_wconf 87' lang='lat' dir='ltr'><strong>paruum;</strong></span> <span class='ocrx_word' id='word_1_102' title='bbox 1284 1685 1362 1752; x_wconf 88' lang='lat' dir='ltr'><strong>inde</strong></span> <span class='ocrx_word' id='word_1_103' title='bbox 1377 1703 1456 1751; x_wconf 90' lang='lat' dir='ltr'><strong>nero</strong></span> 
     </span>
     <span class='ocr_line' id='line_1_14' title="bbox 339 1792 1456 1886; baseline -0.006 -22"><span class='ocrx_word' id='word_1_104' title='bbox 339 1795 382 1864; x_wconf 87' lang='lat' dir='ltr'><strong>ad</strong></span> <span class='ocrx_word' id='word_1_105' title='bbox 397 1799 530 1866; x_wconf 89' lang='lat' dir='ltr'><strong>arbores</strong></span> <span class='ocrx_word' id='word_1_106' title='bbox 540 1798 625 1864; x_wconf 89' lang='lat' dir='ltr'><strong>ilicis</strong></span> <span class='ocrx_word' id='word_1_107' title='bbox 635 1819 783 1886; x_wconf 84' lang='lat' dir='ltr'><strong>magnas,</strong></span> <span class='ocrx_word' id='word_1_108' title='bbox 800 1807 945 1884; x_wconf 88' lang='lat' dir='ltr'><strong>qnesunt</strong></span> <span class='ocrx_word' id='word_1_109' title='bbox 959 1805 1047 1868; x_wconf 86' lang='lat' dir='ltr'><strong>recte</strong></span> <span class='ocrx_word' id='word_1_110' title='bbox 1063 1802 1098 1866; x_wconf 92' lang='lat' dir='ltr'><strong>in</strong></span> <span class='ocrx_word' id='word_1_111' title='bbox 1110 1819 1197 1884; x_wconf 88' lang='lat' dir='ltr'><strong>aqua</strong></span> <span class='ocrx_word' id='word_1_112' title='bbox 1209 1792 1456 1874; x_wconf 85' lang='lat' dir='ltr'><strong>Ohomernioha,</strong></span> 
     </span>
     <span class='ocr_line' id='line_1_15' title="bbox 319 1902 1458 1999; baseline -0.004 -27"><span class='ocrx_word' id='word_1_113' title='bbox 319 1913 370 1999; x_wconf 82' lang='lat' dir='ltr'><strong>¹et</strong></span> <span class='ocrx_word' id='word_1_114' title='bbox 386 1925 426 1971; x_wconf 88' lang='lat' dir='ltr'><strong>ex</strong></span> <span class='ocrx_word' id='word_1_115' title='bbox 451 1907 510 1973; x_wconf 89' lang='lat' dir='ltr'><strong>illa</strong></span> <span class='ocrx_word' id='word_1_116' title='bbox 525 1927 613 1991; x_wconf 88' lang='lat' dir='ltr'><strong>aqua</strong></span> <span class='ocrx_word' id='word_1_117' title='bbox 637 1910 808 1975; x_wconf 90' lang='lat' dir='ltr'><strong>reuertitur</strong></span> <span class='ocrx_word' id='word_1_118' title='bbox 834 1909 876 1974; x_wconf 87' lang='lat' dir='ltr'><strong>ad</strong></span> <span class='ocrx_word' id='word_1_119' title='bbox 891 1907 1031 1994; x_wconf 86' lang='lat' dir='ltr'><strong>priorem</strong></span> <span class='ocrx_word' id='word_1_120' title='bbox 1047 1909 1146 1992; x_wconf 88' lang='lat' dir='ltr'><strong>uiam,</strong></span> <span class='ocrx_word' id='word_1_121' title='bbox 1174 1905 1229 1972; x_wconf 89' lang='lat' dir='ltr'><strong>ubi</strong></span> <span class='ocrx_word' id='word_1_122' title='bbox 1252 1911 1340 1971; x_wconf 85' lang='lat' dir='ltr'><strong>recte</strong></span> <span class='ocrx_word' id='word_1_123' title='bbox 1363 1902 1458 1968; x_wconf 81' lang='lat' dir='ltr'><strong>iuxta</strong></span> 
     </span>
     <span class='ocr_line' id='line_1_16' title="bbox 338 2011 1457 2102; baseline -0.002 -24"><span class='ocrx_word' id='word_1_124' title='bbox 338 2013 426 2078; x_wconf 86' lang='lat' dir='ltr'><strong>uiam</strong></span> <span class='ocrx_word' id='word_1_125' title='bbox 442 2017 517 2080; x_wconf 85' lang='lat' dir='ltr'><strong>aunt</strong></span> <span class='ocrx_word' id='word_1_126' title='bbox 532 2014 595 2080; x_wconf 91' lang='lat' dir='ltr'><strong>due</strong></span> <span class='ocrx_word' id='word_1_127' title='bbox 611 2017 744 2082; x_wconf 88' lang='lat' dir='ltr'><strong>arbores</strong></span> <span class='ocrx_word' id='word_1_128' title='bbox 759 2015 865 2102; x_wconf 79' lang='lat' dir='ltr'><strong>ilicis3</strong></span> <span class='ocrx_word' id='word_1_129' title='bbox 881 2017 959 2084; x_wconf 91' lang='lat' dir='ltr'><strong>inde</strong></span> <span class='ocrx_word' id='word_1_130' title='bbox 974 2037 1051 2085; x_wconf 91' lang='lat' dir='ltr'><strong>uero</strong></span> <span class='ocrx_word' id='word_1_131' title='bbox 1068 2017 1190 2082; x_wconf 85' lang='lat' dir='ltr'><strong>directe</strong></span> <span class='ocrx_word' id='word_1_132' title='bbox 1206 2033 1302 2101; x_wconf 86' lang='lat' dir='ltr'><strong>super</strong></span> <span class='ocrx_word' id='word_1_133' title='bbox 1318 2011 1457 2079; x_wconf 90' lang='lat' dir='ltr'><strong>eandem</strong></span> 
     </span>
     <span class='ocr_line' id='line_1_17' title="bbox 339 2119 1457 2210; baseline -0.002 -23"><span class='ocrx_word' id='word_1_134' title='bbox 339 2123 426 2189; x_wconf 89' lang='lat' dir='ltr'><strong>niam</strong></span> <span class='ocrx_word' id='word_1_135' title='bbox 440 2120 546 2189; x_wconf 87' lang='lat' dir='ltr'><strong>tendit</strong></span> <span class='ocrx_word' id='word_1_136' title='bbox 558 2143 673 2191; x_wconf 88' lang='lat' dir='ltr'><strong>uersus</strong></span> <span class='ocrx_word' id='word_1_137' title='bbox 688 2124 866 2210; x_wconf 86' lang='lat' dir='ltr'><strong>meridiem,</strong></span> <span class='ocrx_word' id='word_1_138' title='bbox 883 2134 916 2193; x_wconf 90' lang='lat' dir='ltr'><strong>et</strong></span> <span class='ocrx_word' id='word_1_139' title='bbox 931 2127 1021 2194; x_wconf 90' lang='lat' dir='ltr'><strong>uenit</strong></span> <span class='ocrx_word' id='word_1_140' title='bbox 1037 2125 1080 2192; x_wconf 88' lang='lat' dir='ltr'><strong>ad</strong></span> <span class='ocrx_word' id='word_1_141' title='bbox 1094 2131 1214 2192; x_wconf 90' lang='lat' dir='ltr'><strong>metam</strong></span> <span class='ocrx_word' id='word_1_142' title='bbox 1229 2129 1378 2204; x_wconf 89' lang='lat' dir='ltr'><strong>terream,</strong></span> <span class='ocrx_word' id='word_1_143' title='bbox 1399 2119 1457 2186; x_wconf 91' lang='lat' dir='ltr'><strong>ubi</strong></span> 
     </span>
     <span class='ocr_line' id='line_1_18' title="bbox 338 2229 1459 2319; baseline -0.003 -24"><span class='ocrx_word' id='word_1_144' title='bbox 338 2231 430 2296; x_wconf 84' lang='lat' dir='ltr'><strong>iuxta</strong></span> <span class='ocrx_word' id='word_1_145' title='bbox 445 2237 588 2298; x_wconf 87' lang='lat' dir='ltr'><strong>ueterem</strong></span> <span class='ocrx_word' id='word_1_146' title='bbox 604 2239 732 2319; x_wconf 88' lang='lat' dir='ltr'><strong>metam,</strong></span> <span class='ocrx_word' id='word_1_147' title='bbox 751 2253 812 2316; x_wconf 89' lang='lat' dir='ltr'><strong>quo</strong></span> <span class='ocrx_word' id='word_1_148' title='bbox 829 2239 879 2300; x_wconf 90' lang='lat' dir='ltr'><strong>est</strong></span> <span class='ocrx_word' id='word_1_149' title='bbox 894 2236 954 2301; x_wconf 86' lang='lat' dir='ltr'><strong>sub</strong></span> <span class='ocrx_word' id='word_1_150' title='bbox 969 2235 1093 2300; x_wconf 88' lang='lat' dir='ltr'><strong>duabus</strong></span> <span class='ocrx_word' id='word_1_151' title='bbox 1109 2233 1280 2298; x_wconf 86' lang='lat' dir='ltr'><strong>arboribus</strong></span> <span class='ocrx_word' id='word_1_152' title='bbox 1294 2229 1391 2312; x_wconf 91' lang='lat' dir='ltr'><strong>ilicis,</strong></span> <span class='ocrx_word' id='word_1_153' title='bbox 1407 2235 1459 2296; x_wconf 89' lang='lat' dir='ltr'><strong>est</strong></span> 
     </span>
     <span class='ocr_line' id='line_1_19' title="bbox 338 2337 1458 2428; baseline -0.002 -24"><span class='ocrx_word' id='word_1_154' title='bbox 338 2359 425 2404; x_wconf 91' lang='lat' dir='ltr'><strong>noua</strong></span> <span class='ocrx_word' id='word_1_155' title='bbox 439 2344 526 2406; x_wconf 87' lang='lat' dir='ltr'><strong>meta</strong></span> <span class='ocrx_word' id='word_1_156' title='bbox 540 2339 632 2406; x_wconf 86' lang='lat' dir='ltr'><strong>iuxta</strong></span> <span class='ocrx_word' id='word_1_157' title='bbox 655 2342 791 2408; x_wconf 86' lang='lat' dir='ltr'><strong>eandem</strong></span> <span class='ocrx_word' id='word_1_158' title='bbox 806 2343 903 2427; x_wconf 89' lang='lat' dir='ltr'><strong>uiam,</strong></span> <span class='ocrx_word' id='word_1_159' title='bbox 929 2362 991 2428; x_wconf 87' lang='lat' dir='ltr'><strong>que</strong></span> <span class='ocrx_word' id='word_1_160' title='bbox 1007 2343 1048 2408; x_wconf 91' lang='lat' dir='ltr'><strong>de</strong></span> <span class='ocrx_word' id='word_1_161' title='bbox 1063 2343 1182 2409; x_wconf 87' lang='lat' dir='ltr'><strong>Sancto</strong></span> <span class='ocrx_word' id='word_1_162' title='bbox 1202 2339 1342 2423; x_wconf 85' lang='lat' dir='ltr'><strong>Georgia</strong></span> <span class='ocrx_word' id='word_1_163' title='bbox 1367 2337 1458 2403; x_wconf 89' lang='lat' dir='ltr'><strong>ducit</strong></span> 
     </span>
     <span class='ocr_line' id='line_1_20' title="bbox 340 2445 1458 2532; baseline -0.002 -20"><span class='ocrx_word' id='word_1_164' title='bbox 340 2446 382 2512; x_wconf 90' lang='lat' dir='ltr'><strong>ad</strong></span> <span class='ocrx_word' id='word_1_165' title='bbox 398 2446 569 2514; x_wconf 85' lang='lat' dir='ltr'><strong>ecclesiam</strong></span> <span class='ocrx_word' id='word_1_166' title='bbox 580 2447 691 2515; x_wconf 84' lang='lat' dir='ltr'><strong>Sancti</strong></span> <span class='ocrx_word' id='word_1_167' title='bbox 700 2449 838 2532; x_wconf 82' lang='lat' dir='ltr'><strong>Andree,</strong></span> <span class='ocrx_word' id='word_1_168' title='bbox 855 2457 887 2515; x_wconf 90' lang='lat' dir='ltr'><strong>et</strong></span> <span class='ocrx_word' id='word_1_169' title='bbox 903 2449 948 2515; x_wconf 90' lang='lat' dir='ltr'><strong>ibi</strong></span> <span class='ocrx_word' id='word_1_170' title='bbox 958 2449 1016 2516; x_wconf 91' lang='lat' dir='ltr'><strong>illa</strong></span> <span class='ocrx_word' id='word_1_171' title='bbox 1032 2450 1088 2515; x_wconf 92' lang='lat' dir='ltr'><strong>uia</strong></span> <span class='ocrx_word' id='word_1_172' title='bbox 1097 2449 1212 2514; x_wconf 83' lang='lat' dir='ltr'><strong>relicta</strong></span> <span class='ocrx_word' id='word_1_173' title='bbox 1227 2445 1330 2512; x_wconf 88' lang='lat' dir='ltr'><strong>tendit</strong></span> <span class='ocrx_word' id='word_1_174' title='bbox 1341 2462 1458 2511; x_wconf 86' lang='lat' dir='ltr'><strong>uersus</strong></span> 
     </span>
     <span class='ocr_line' id='line_1_21' title="bbox 339 2555 1459 2644; baseline -0.004 -22"><span class='ocrx_word' id='word_1_175' title='bbox 339 2555 548 2643; x_wconf 86' lang='lat' dir='ltr'><strong>occidentem,</strong></span> <span class='ocrx_word' id='word_1_176' title='bbox 573 2563 606 2621; x_wconf 88' lang='lat' dir='ltr'><strong>et</strong></span> <span class='ocrx_word' id='word_1_177' title='bbox 629 2557 718 2623; x_wconf 87' lang='lat' dir='ltr'><strong>uenit</strong></span> <span class='ocrx_word' id='word_1_178' title='bbox 734 2555 778 2623; x_wconf 90' lang='lat' dir='ltr'><strong>ad</strong></span> <span class='ocrx_word' id='word_1_179' title='bbox 802 2559 962 2644; x_wconf 88' lang='lat' dir='ltr'><strong>arborem,</strong></span> <span class='ocrx_word' id='word_1_180' title='bbox 988 2577 1050 2642; x_wconf 83' lang='lat' dir='ltr'><strong>que</strong></span> <span class='ocrx_word' id='word_1_181' title='bbox 1065 2561 1122 2622; x_wconf 81' lang='lat' dir='ltr'><strong>tas</strong></span> <span class='ocrx_word' id='word_1_182' title='bbox 1137 2563 1282 2640; x_wconf 89' lang='lat' dir='ltr'><strong>uocatur,</strong></span> <span class='ocrx_word' id='word_1_183' title='bbox 1307 2555 1367 2621; x_wconf 85' lang='lat' dir='ltr'><strong>sub</strong></span> <span class='ocrx_word' id='word_1_184' title='bbox 1392 2573 1459 2636; x_wconf 87' lang='lat' dir='ltr'><strong>qua</strong></span> 
     </span>
     <span class='ocr_line' id='line_1_22' title="bbox 340 2662 1457 2753; baseline -0.004 -22"><span class='ocrx_word' id='word_1_185' title='bbox 340 2673 390 2731; x_wconf 84' lang='lat' dir='ltr'><strong>eet</strong></span> <span class='ocrx_word' id='word_1_186' title='bbox 405 2669 509 2748; x_wconf 74' lang='lat' dir='ltr'><strong>meta,</strong></span> <span class='ocrx_word' id='word_1_187' title='bbox 527 2671 559 2730; x_wconf 89' lang='lat' dir='ltr'><strong>et</strong></span> <span class='ocrx_word' id='word_1_188' title='bbox 575 2664 691 2731; x_wconf 84' lang='lat' dir='ltr'><strong>exinde</strong></span> <span class='ocrx_word' id='word_1_189' title='bbox 701 2683 760 2753; x_wconf 87' lang='lat' dir='ltr'><strong>per</strong></span> <span class='ocrx_word' id='word_1_190' title='bbox 775 2664 922 2732; x_wconf 89' lang='lat' dir='ltr'><strong>arborem</strong></span> <span class='ocrx_word' id='word_1_191' title='bbox 936 2666 1024 2732; x_wconf 87' lang='lat' dir='ltr'><strong>ilicis</strong></span> <span class='ocrx_word' id='word_1_192' title='bbox 1038 2665 1128 2730; x_wconf 90' lang='lat' dir='ltr'><strong>uenit</strong></span> <span class='ocrx_word' id='word_1_193' title='bbox 1141 2663 1257 2730; x_wconf 89' lang='lat' dir='ltr'><strong>iterum</strong></span> <span class='ocrx_word' id='word_1_194' title='bbox 1277 2662 1322 2728; x_wconf 89' lang='lat' dir='ltr'><strong>ad</strong></span> <span class='ocrx_word' id='word_1_195' title='bbox 1337 2681 1457 2746; x_wconf 85' lang='lat' dir='ltr'><strong>aquam</strong></span> 
     </span>
     <span class='ocr_line' id='line_1_23' title="bbox 340 2772 1458 2861; baseline 0 -23"><span class='ocrx_word' id='word_1_196' title='bbox 340 2772 581 2859; x_wconf 83' lang='lat' dir='ltr'><strong>Chemcrnicha,</strong></span> <span class='ocrx_word' id='word_1_197' title='bbox 607 2781 640 2840; x_wconf 94' lang='lat' dir='ltr'><strong>et</strong></span> <span class='ocrx_word' id='word_1_198' title='bbox 656 2774 773 2842; x_wconf 88' lang='lat' dir='ltr'><strong>transit</strong></span> <span class='ocrx_word' id='word_1_199' title='bbox 797 2775 888 2842; x_wconf 89' lang='lat' dir='ltr'><strong>illarn</strong></span> <span class='ocrx_word' id='word_1_200' title='bbox 913 2795 1042 2861; x_wconf 88' lang='lat' dir='ltr'><strong>aquam,</strong></span> <span class='ocrx_word' id='word_1_201' title='bbox 1070 2781 1103 2840; x_wconf 89' lang='lat' dir='ltr'><strong>et</strong></span> <span class='ocrx_word' id='word_1_202' title='bbox 1125 2773 1216 2840; x_wconf 87' lang='lat' dir='ltr'><strong>uenit</strong></span> <span class='ocrx_word' id='word_1_203' title='bbox 1238 2773 1283 2838; x_wconf 90' lang='lat' dir='ltr'><strong>ad</strong></span> <span class='ocrx_word' id='word_1_204' title='bbox 1306 2773 1458 2838; x_wconf 88' lang='lat' dir='ltr'><strong>arborem</strong></span> 
     </span>
     <span class='ocr_line' id='line_1_24' title="bbox 339 2881 1459 2966; baseline -0.001 -20"><span class='ocrx_word' id='word_1_205' title='bbox 339 2881 434 2965; x_wconf 76' lang='lat' dir='ltr'><strong>ilicis,</strong></span> <span class='ocrx_word' id='word_1_206' title='bbox 459 2881 550 2946; x_wconf 83' lang='lat' dir='ltr'><strong>iuxta</strong></span> <span class='ocrx_word' id='word_1_207' title='bbox 564 2901 660 2964; x_wconf 87' lang='lat' dir='ltr'><strong>qnam</strong></span> <span class='ocrx_word' id='word_1_208' title='bbox 684 2890 734 2950; x_wconf 86' lang='lat' dir='ltr'><strong>est</strong></span> <span class='ocrx_word' id='word_1_209' title='bbox 758 2903 844 2951; x_wconf 90' lang='lat' dir='ltr'><strong>noua</strong></span> <span class='ocrx_word' id='word_1_210' title='bbox 860 2890 946 2950; x_wconf 87' lang='lat' dir='ltr'><strong>meta</strong></span> <span class='ocrx_word' id='word_1_211' title='bbox 961 2883 1052 2949; x_wconf 82' lang='lat' dir='ltr'><strong>iuxta</strong></span> <span class='ocrx_word' id='word_1_212' title='bbox 1076 2887 1218 2948; x_wconf 89' lang='lat' dir='ltr'><strong>ueterem</strong></span> <span class='ocrx_word' id='word_1_213' title='bbox 1240 2886 1370 2966; x_wconf 88' lang='lat' dir='ltr'><strong>metam,</strong></span> <span class='ocrx_word' id='word_1_214' title='bbox 1395 2899 1459 2964; x_wconf 89' lang='lat' dir='ltr'><strong>que</strong></span> 
     </span>
     <span class='ocr_line' id='line_1_25' title="bbox 341 2987 1460 3078; baseline -0.004 -21"><span class='ocrx_word' id='word_1_215' title='bbox 341 2995 415 3057; x_wconf 90' lang='lat' dir='ltr'><strong>sunt</strong></span> <span class='ocrx_word' id='word_1_216' title='bbox 428 2989 520 3054; x_wconf 83' lang='lat' dir='ltr'><strong>iuxta</strong></span> <span class='ocrx_word' id='word_1_217' title='bbox 535 2989 699 3073; x_wconf 87' lang='lat' dir='ltr'><strong>quoddam</strong></span> <span class='ocrx_word' id='word_1_218' title='bbox 715 2997 876 3078; x_wconf 76' lang='lat' dir='ltr'><strong>stagnum,</strong></span> <span class='ocrx_word' id='word_1_219' title='bbox 893 3000 927 3060; x_wconf 87' lang='lat' dir='ltr'><strong>et</strong></span> <span class='ocrx_word' id='word_1_220' title='bbox 941 2992 1032 3058; x_wconf 83' lang='lat' dir='ltr'><strong>iuxta</strong></span> <span class='ocrx_word' id='word_1_221' title='bbox 1046 2989 1127 3057; x_wconf 84' lang='lat' dir='ltr'><strong>iliud</strong></span> <span class='ocrx_word' id='word_1_222' title='bbox 1143 2997 1295 3076; x_wconf 80' lang='lat' dir='ltr'><strong>stagnum</strong></span> <span class='ocrx_word' id='word_1_223' title='bbox 1308 2989 1401 3056; x_wconf 88' lang='lat' dir='ltr'><strong>uenit</strong></span> <span class='ocrx_word' id='word_1_224' title='bbox 1416 2987 1460 3054; x_wconf 88' lang='lat' dir='ltr'><strong>ad</strong></span> 
     </span>
     <span class='ocr_line' id='line_1_26' title="bbox 343 3098 1460 3186; baseline -0.001 -23"><span class='ocrx_word' id='word_1_225' title='bbox 343 3098 500 3182; x_wconf 87' lang='lat' dir='ltr'><strong>arborem,</strong></span> <span class='ocrx_word' id='word_1_226' title='bbox 518 3117 580 3182; x_wconf 88' lang='lat' dir='ltr'><strong>que</strong></span> <span class='ocrx_word' id='word_1_227' title='bbox 595 3102 652 3164; x_wconf 81' lang='lat' dir='ltr'><strong>baa</strong></span> <span class='ocrx_word' id='word_1_228' title='bbox 662 3107 812 3186; x_wconf 80' lang='lat' dir='ltr'><strong>uocatur3</strong></span> <span class='ocrx_word' id='word_1_229' title='bbox 830 3109 862 3168; x_wconf 93' lang='lat' dir='ltr'><strong>ot</strong></span> <span class='ocrx_word' id='word_1_230' title='bbox 877 3101 995 3168; x_wconf 87' lang='lat' dir='ltr'><strong>abhinc</strong></span> <span class='ocrx_word' id='word_1_231' title='bbox 1009 3101 1144 3168; x_wconf 88' lang='lat' dir='ltr'><strong>ueniens</strong></span> <span class='ocrx_word' id='word_1_232' title='bbox 1154 3107 1229 3167; x_wconf 91' lang='lat' dir='ltr'><strong>sunt</strong></span> <span class='ocrx_word' id='word_1_233' title='bbox 1244 3099 1341 3184; x_wconf 80' lang='lat' dir='ltr'><strong>signa</strong></span> <span class='ocrx_word' id='word_1_234' title='bbox 1359 3099 1460 3164; x_wconf 89' lang='lat' dir='ltr'><strong>inme-</strong></span> 
     </span>
     <span class='ocr_line' id='line_1_27' title="bbox 342 3205 1461 3294; baseline 0.001 -24"><span class='ocrx_word' id='word_1_235' title='bbox 342 3205 430 3271; x_wconf 88' lang='lat' dir='ltr'><strong>diate</strong></span> <span class='ocrx_word' id='word_1_236' title='bbox 454 3225 551 3292; x_wconf 87' lang='lat' dir='ltr'><strong>super</strong></span> <span class='ocrx_word' id='word_1_237' title='bbox 566 3206 692 3294; x_wconf 87' lang='lat' dir='ltr'><strong>arbore,</strong></span> <span class='ocrx_word' id='word_1_238' title='bbox 718 3215 750 3274; x_wconf 87' lang='lat' dir='ltr'><strong>et</strong></span> <span class='ocrx_word' id='word_1_239' title='bbox 764 3208 853 3276; x_wconf 93' lang='lat' dir='ltr'><strong>uenit</strong></span> <span class='ocrx_word' id='word_1_240' title='bbox 877 3209 920 3275; x_wconf 88' lang='lat' dir='ltr'><strong>ad</strong></span> <span class='ocrx_word' id='word_1_241' title='bbox 936 3218 1053 3277; x_wconf 86' lang='lat' dir='ltr'><strong>metam</strong></span> <span class='ocrx_word' id='word_1_242' title='bbox 1069 3217 1230 3294; x_wconf 83' lang='lat' dir='ltr'><strong>terream,</strong></span> <span class='ocrx_word' id='word_1_243' title='bbox 1245 3227 1308 3292; x_wconf 85' lang='lat' dir='ltr'><strong>que</strong></span> <span class='ocrx_word' id='word_1_244' title='bbox 1325 3213 1376 3273; x_wconf 89' lang='lat' dir='ltr'><strong>est</strong></span> <span class='ocrx_word' id='word_1_245' title='bbox 1400 3205 1461 3274; x_wconf 89' lang='lat' dir='ltr'><strong>sub</strong></span> 
     </span>
     <span class='ocr_line' id='line_1_28' title="bbox 344 3313 1461 3403; baseline 0.003 -25"><span class='ocrx_word' id='word_1_246' title='bbox 344 3313 466 3399; x_wconf 87' lang='lat' dir='ltr'><strong>arbore,</strong></span> <span class='ocrx_word' id='word_1_247' title='bbox 484 3333 546 3398; x_wconf 86' lang='lat' dir='ltr'><strong>que</strong></span> <span class='ocrx_word' id='word_1_248' title='bbox 562 3317 619 3380; x_wconf 80' lang='lat' dir='ltr'><strong>has</strong></span> <span class='ocrx_word' id='word_1_249' title='bbox 634 3322 788 3403; x_wconf 86' lang='lat' dir='ltr'><strong>nocatur;</strong></span> <span class='ocrx_word' id='word_1_250' title='bbox 815 3323 846 3384; x_wconf 89' lang='lat' dir='ltr'><strong>et</strong></span> <span class='ocrx_word' id='word_1_251' title='bbox 862 3317 997 3383; x_wconf 81' lang='lat' dir='ltr'><strong>indeed</strong></span> <span class='ocrx_word' id='word_1_252' title='bbox 1013 3337 1166 3402; x_wconf 79' lang='lat' dir='ltr'><strong>magnam</strong></span> <span class='ocrx_word' id='word_1_253' title='bbox 1191 3315 1340 3382; x_wconf 90' lang='lat' dir='ltr'><strong>arborem</strong></span> <span class='ocrx_word' id='word_1_254' title='bbox 1363 3314 1461 3397; x_wconf 89' lang='lat' dir='ltr'><strong>ilicis,</strong></span> 
     </span>
     <span class='ocr_line' id='line_1_29' title="bbox 343 3423 1463 3512; baseline 0 -24"><span class='ocrx_word' id='word_1_255' title='bbox 343 3423 435 3488; x_wconf 86' lang='lat' dir='ltr'><strong>iuxta</strong></span> <span class='ocrx_word' id='word_1_256' title='bbox 451 3441 547 3505; x_wconf 86' lang='lat' dir='ltr'><strong>quarn</strong></span> <span class='ocrx_word' id='word_1_257' title='bbox 564 3431 613 3490; x_wconf 90' lang='lat' dir='ltr'><strong>est</strong></span> <span class='ocrx_word' id='word_1_258' title='bbox 638 3433 725 3491; x_wconf 90' lang='lat' dir='ltr'><strong>meta</strong></span> <span class='ocrx_word' id='word_1_259' title='bbox 739 3430 844 3492; x_wconf 90' lang='lat' dir='ltr'><strong>terrea</strong></span> <span class='ocrx_word' id='word_1_260' title='bbox 860 3425 918 3493; x_wconf 87' lang='lat' dir='ltr'><strong>sub</strong></span> <span class='ocrx_word' id='word_1_261' title='bbox 935 3427 1060 3511; x_wconf 91' lang='lat' dir='ltr'><strong>arbore,</strong></span> <span class='ocrx_word' id='word_1_262' title='bbox 1086 3445 1149 3512; x_wconf 84' lang='lat' dir='ltr'><strong>que</strong></span> <span class='ocrx_word' id='word_1_263' title='bbox 1165 3425 1268 3491; x_wconf 89' lang='lat' dir='ltr'><strong>eciam</strong></span> <span class='ocrx_word' id='word_1_264' title='bbox 1291 3427 1349 3489; x_wconf 84' lang='lat' dir='ltr'><strong>hos</strong></span> <span class='ocrx_word' id='word_1_265' title='bbox 1368 3441 1463 3490; x_wconf 81' lang='lat' dir='ltr'><strong>voca-</strong></span> 
     </span>
     <span class='ocr_line' id='line_1_30' title="bbox 343 3531 1462 3621; baseline 0 -25"><span class='ocrx_word' id='word_1_266' title='bbox 343 3537 395 3598; x_wconf 89' lang='lat' dir='ltr'><strong>tur</strong></span> <span class='ocrx_word' id='word_1_267' title='bbox 409 3551 513 3620; x_wconf 91' lang='lat' dir='ltr'><strong>prope</strong></span> <span class='ocrx_word' id='word_1_268' title='bbox 527 3533 656 3602; x_wconf 91' lang='lat' dir='ltr'><strong>domum</strong></span> <span class='ocrx_word' id='word_1_269' title='bbox 666 3535 766 3621; x_wconf 86' lang='lat' dir='ltr'><strong>Moyk</strong></span> <span class='ocrx_word' id='word_1_270' title='bbox 783 3533 919 3621; x_wconf 89' lang='lat' dir='ltr'><strong>predicti</strong></span> <span class='ocrx_word' id='word_1_271' title='bbox 932 3561 939 3621; x_wconf 89' lang='lat'>;</span> <span class='ocrx_word' id='word_1_272' title='bbox 957 3545 989 3603; x_wconf 91' lang='lat' dir='ltr'><strong>et</strong></span> <span class='ocrx_word' id='word_1_273' title='bbox 998 3536 1117 3603; x_wconf 89' lang='lat' dir='ltr'><strong>abhinc</strong></span> <span class='ocrx_word' id='word_1_274' title='bbox 1132 3535 1175 3602; x_wconf 86' lang='lat' dir='ltr'><strong>ad</strong></span> <span class='ocrx_word' id='word_1_275' title='bbox 1191 3534 1339 3602; x_wconf 88' lang='lat' dir='ltr'><strong>arborem</strong></span> <span class='ocrx_word' id='word_1_276' title='bbox 1355 3531 1462 3617; x_wconf 85' lang='lat' dir='ltr'><strong>ilicis;</strong></span> 
     </span>
     <span class='ocr_line' id='line_1_31' title="bbox 344 3639 1463 3729; baseline -0.003 -22"><span class='ocrx_word' id='word_1_277' title='bbox 344 3649 377 3707; x_wconf 89' lang='lat' dir='ltr'><strong>et</strong></span> <span class='ocrx_word' id='word_1_278' title='bbox 401 3639 476 3708; x_wconf 91' lang='lat' dir='ltr'><strong>inde</strong></span> <span class='ocrx_word' id='word_1_279' title='bbox 492 3640 535 3706; x_wconf 89' lang='lat' dir='ltr'><strong>ad</strong></span> <span class='ocrx_word' id='word_1_280' title='bbox 560 3641 707 3710; x_wconf 87' lang='lat' dir='ltr'><strong>arborem</strong></span> <span class='ocrx_word' id='word_1_281' title='bbox 722 3643 803 3729; x_wconf 87' lang='lat' dir='ltr'><strong>piri;</strong></span> <span class='ocrx_word' id='word_1_282' title='bbox 829 3643 904 3709; x_wconf 89' lang='lat' dir='ltr'><strong>inde</strong></span> <span class='ocrx_word' id='word_1_283' title='bbox 920 3661 997 3709; x_wconf 92' lang='lat' dir='ltr'><strong>nero</strong></span> <span class='ocrx_word' id='word_1_284' title='bbox 1014 3643 1057 3711; x_wconf 90' lang='lat' dir='ltr'><strong>ad</strong></span> <span class='ocrx_word' id='word_1_285' title='bbox 1083 3649 1202 3709; x_wconf 85' lang='lat' dir='ltr'><strong>metam</strong></span> <span class='ocrx_word' id='word_1_286' title='bbox 1225 3649 1375 3724; x_wconf 85' lang='lat' dir='ltr'><strong>terream,</strong></span> <span class='ocrx_word' id='word_1_287' title='bbox 1400 3659 1463 3722; x_wconf 89' lang='lat' dir='ltr'><strong>qno</strong></span> 
     </span>
     <span class='ocr_line' id='line_1_32' title="bbox 344 3751 1463 3837; baseline -0.002 -21"><span class='ocrx_word' id='word_1_288' title='bbox 344 3755 394 3817; x_wconf 87' lang='lat' dir='ltr'><strong>eat</strong></span> <span class='ocrx_word' id='word_1_289' title='bbox 407 3751 501 3816; x_wconf 84' lang='lat' dir='ltr'><strong>iuxta</strong></span> <span class='ocrx_word' id='word_1_290' title='bbox 524 3756 597 3816; x_wconf 87' lang='lat' dir='ltr'><strong>sata</strong></span> <span class='ocrx_word' id='word_1_291' title='bbox 612 3759 644 3818; x_wconf 89' lang='lat' dir='ltr'><strong>et</strong></span> <span class='ocrx_word' id='word_1_292' title='bbox 659 3757 763 3818; x_wconf 89' lang='lat' dir='ltr'><strong>ortum</strong></span> <span class='ocrx_word' id='word_1_293' title='bbox 778 3752 917 3837; x_wconf 85' lang='lat' dir='ltr'><strong>predicti</strong></span> <span class='ocrx_word' id='word_1_294' title='bbox 934 3753 1052 3836; x_wconf 90' lang='lat' dir='ltr'><strong>Moyk;</strong></span> <span class='ocrx_word' id='word_1_295' title='bbox 1079 3759 1112 3820; x_wconf 88' lang='lat' dir='ltr'><strong>et</strong></span> <span class='ocrx_word' id='word_1_296' title='bbox 1127 3751 1245 3818; x_wconf 83' lang='lat' dir='ltr'><strong>exhinc</strong></span> <span class='ocrx_word' id='word_1_297' title='bbox 1263 3767 1360 3837; x_wconf 88' lang='lat' dir='ltr'><strong>snper</strong></span> <span class='ocrx_word' id='word_1_298' title='bbox 1385 3767 1463 3834; x_wconf 88' lang='lat' dir='ltr'><strong>quu-</strong></span> 
     </span>
     <span class='ocr_line' id='line_1_33' title="bbox 344 3856 1463 3946; baseline 0 -22"><span class='ocrx_word' id='word_1_299' title='bbox 344 3858 419 3924; x_wconf 88' lang='lat' dir='ltr'><strong>dam</strong></span> <span class='ocrx_word' id='word_1_300' title='bbox 429 3858 484 3924; x_wconf 87' lang='lat' dir='ltr'><strong>uia</strong></span> <span class='ocrx_word' id='word_1_301' title='bbox 493 3857 582 3925; x_wconf 90' lang='lat' dir='ltr'><strong>uenit</strong></span> <span class='ocrx_word' id='word_1_302' title='bbox 591 3857 635 3925; x_wconf 87' lang='lat' dir='ltr'><strong>ad</strong></span> <span class='ocrx_word' id='word_1_303' title='bbox 645 3860 794 3926; x_wconf 86' lang='lat' dir='ltr'><strong>arborem</strong></span> <span class='ocrx_word' id='word_1_304' title='bbox 804 3858 953 3944; x_wconf 86' lang='lat' dir='ltr'><strong>pomiferi</strong></span> <span class='ocrx_word' id='word_1_305' title='bbox 970 3856 1067 3946; x_wconf 81' lang='lat' dir='ltr'><strong>(tgy),</strong></span> <span class='ocrx_word' id='word_1_306' title='bbox 1082 3878 1145 3943; x_wconf 91' lang='lat' dir='ltr'><strong>que</strong></span> <span class='ocrx_word' id='word_1_307' title='bbox 1155 3866 1204 3925; x_wconf 88' lang='lat' dir='ltr'><strong>est</strong></span> <span class='ocrx_word' id='word_1_308' title='bbox 1214 3859 1308 3924; x_wconf 82' lang='lat' dir='ltr'><strong>iuxta</strong></span> <span class='ocrx_word' id='word_1_309' title='bbox 1324 3858 1463 3924; x_wconf 87' lang='lat' dir='ltr'><strong>eandem</strong></span> 
     </span>
     <span class='ocr_line' id='line_1_34' title="bbox 344 3965 1464 4053; baseline -0.002 -21"><span class='ocrx_word' id='word_1_310' title='bbox 344 3966 451 4052; x_wconf 71' lang='lat' dir='ltr'><strong>uiam,</strong></span> <span class='ocrx_word' id='word_1_311' title='bbox 478 3966 599 4032; x_wconf 85' lang='lat' dir='ltr'><strong>atinde</strong></span> <span class='ocrx_word' id='word_1_312' title='bbox 614 3967 772 4033; x_wconf 89' lang='lat' dir='ltr'><strong>ueniendo</strong></span> <span class='ocrx_word' id='word_1_313' title='bbox 797 3987 911 4053; x_wconf 86' lang='lat' dir='ltr'><strong>parum</strong></span> <span class='ocrx_word' id='word_1_314' title='bbox 926 3969 1043 4034; x_wconf 88' lang='lat' dir='ltr'><strong>transit</strong></span> <span class='ocrx_word' id='word_1_315' title='bbox 1058 3967 1149 4033; x_wconf 90' lang='lat' dir='ltr'><strong>illam</strong></span> <span class='ocrx_word' id='word_1_316' title='bbox 1164 3967 1263 4050; x_wconf 87' lang='lat' dir='ltr'><strong>uiam,</strong></span> <span class='ocrx_word' id='word_1_317' title='bbox 1289 3972 1322 4032; x_wconf 92' lang='lat' dir='ltr'><strong>et</strong></span> <span class='ocrx_word' id='word_1_318' title='bbox 1336 3965 1380 4032; x_wconf 90' lang='lat' dir='ltr'><strong>ad</strong></span> <span class='ocrx_word' id='word_1_319' title='bbox 1399 3984 1464 4031; x_wconf 92' lang='lat' dir='ltr'><strong>me·</strong></span> 
     </span>
     <span class='ocr_line' id='line_1_35' title="bbox 343 4072 1464 4159; baseline -0.003 -18"><span class='ocrx_word' id='word_1_320' title='bbox 343 4083 412 4141; x_wconf 86' lang='lat' dir='ltr'><strong>tam</strong></span> <span class='ocrx_word' id='word_1_321' title='bbox 425 4079 563 4140; x_wconf 88' lang='lat' dir='ltr'><strong>terream</strong></span> <span class='ocrx_word' id='word_1_322' title='bbox 579 4073 677 4159; x_wconf 89' lang='lat' dir='ltr'><strong>uenit,</strong></span> <span class='ocrx_word' id='word_1_323' title='bbox 700 4074 734 4140; x_wconf 93' lang='lat' dir='ltr'><strong>in</strong></span> <span class='ocrx_word' id='word_1_324' title='bbox 750 4076 884 4157; x_wconf 82' lang='lat' dir='ltr'><strong>quauta</strong></span> <span class='ocrx_word' id='word_1_325' title='bbox 899 4083 949 4142; x_wconf 89' lang='lat' dir='ltr'><strong>est</strong></span> <span class='ocrx_word' id='word_1_326' title='bbox 964 4081 1137 4142; x_wconf 87' lang='lat' dir='ltr'><strong>mactatum</strong></span> <span class='ocrx_word' id='word_1_327' title='bbox 1153 4074 1278 4157; x_wconf 80' lang='lat' dir='ltr'><strong>lignum</strong></span> <span class='ocrx_word' id='word_1_328' title='bbox 1299 4072 1403 4158; x_wconf 75' lang='lat' dir='ltr'><strong>ilicis,</strong></span> <span class='ocrx_word' id='word_1_329' title='bbox 1431 4081 1464 4138; x_wconf 86' lang='lat' dir='ltr'><strong>et</strong></span> 
     </span>
     <span class='ocr_line' id='line_1_36' title="bbox 345 4181 1467 4268; baseline -0.002 -20"><span class='ocrx_word' id='word_1_330' title='bbox 345 4181 462 4248; x_wconf 82' lang='lat' dir='ltr'><strong>exhinc</strong></span> <span class='ocrx_word' id='word_1_331' title='bbox 484 4182 528 4248; x_wconf 86' lang='lat' dir='ltr'><strong>ad</strong></span> <span class='ocrx_word' id='word_1_332' title='bbox 555 4189 674 4248; x_wconf 90' lang='lat' dir='ltr'><strong>metam</strong></span> <span class='ocrx_word' id='word_1_333' title='bbox 700 4187 859 4267; x_wconf 88' lang='lat' dir='ltr'><strong>terream,</strong></span> <span class='ocrx_word' id='word_1_334' title='bbox 886 4201 950 4264; x_wconf 88' lang='lat' dir='ltr'><strong>que</strong></span> <span class='ocrx_word' id='word_1_335' title='bbox 975 4183 1082 4251; x_wconf 87' lang='lat' dir='ltr'><strong>estin</strong></span> <span class='ocrx_word' id='word_1_336' title='bbox 1106 4203 1198 4268; x_wconf 75' lang='lat' dir='ltr'><strong>rure,</strong></span> <span class='ocrx_word' id='word_1_337' title='bbox 1224 4183 1300 4250; x_wconf 91' lang='lat' dir='ltr'><strong>inde</strong></span> <span class='ocrx_word' id='word_1_338' title='bbox 1324 4201 1402 4250; x_wconf 86' lang='lat' dir='ltr'><strong>nero</strong></span> <span class='ocrx_word' id='word_1_339' title='bbox 1423 4181 1467 4246; x_wconf 88' lang='lat' dir='ltr'><strong>ad</strong></span> 
     </span>
     <span class='ocr_line' id='line_1_37' title="bbox 345 4289 1466 4374; baseline -0.002 -18"><span class='ocrx_word' id='word_1_340' title='bbox 345 4291 444 4358; x_wconf 87' lang='lat' dir='ltr'><strong>aliam</strong></span> <span class='ocrx_word' id='word_1_341' title='bbox 460 4295 578 4356; x_wconf 86' lang='lat' dir='ltr'><strong>metam</strong></span> <span class='ocrx_word' id='word_1_342' title='bbox 603 4297 754 4374; x_wconf 89' lang='lat' dir='ltr'><strong>terream,</strong></span> <span class='ocrx_word' id='word_1_343' title='bbox 781 4309 842 4374; x_wconf 91' lang='lat' dir='ltr'><strong>que</strong></span> <span class='ocrx_word' id='word_1_344' title='bbox 859 4297 908 4358; x_wconf 89' lang='lat' dir='ltr'><strong>est</strong></span> <span class='ocrx_word' id='word_1_345' title='bbox 923 4291 1015 4358; x_wconf 83' lang='lat' dir='ltr'><strong>iuxta</strong></span> <span class='ocrx_word' id='word_1_346' title='bbox 1030 4297 1103 4358; x_wconf 88' lang='lat' dir='ltr'><strong>sata</strong></span> <span class='ocrx_word' id='word_1_347' title='bbox 1119 4300 1151 4358; x_wconf 89' lang='lat' dir='ltr'><strong>et</strong></span> <span class='ocrx_word' id='word_1_348' title='bbox 1167 4292 1318 4359; x_wconf 90' lang='lat' dir='ltr'><strong>arborem</strong></span> <span class='ocrx_word' id='word_1_349' title='bbox 1337 4289 1466 4372; x_wconf 80' lang='lat' dir='ltr'><strong>cerasi3</strong></span> 
     </span>
     <span class='ocr_line' id='line_1_38' title="bbox 346 4397 1467 4486; baseline 0.005 -24"><span class='ocrx_word' id='word_1_350' title='bbox 346 4397 465 4465; x_wconf 85' lang='lat' dir='ltr'><strong>abhinc</strong></span> <span class='ocrx_word' id='word_1_351' title='bbox 490 4403 598 4465; x_wconf 90' lang='lat' dir='ltr'><strong>autem</strong></span> <span class='ocrx_word' id='word_1_352' title='bbox 623 4421 683 4485; x_wconf 93' lang='lat' dir='ltr'><strong>per</strong></span> <span class='ocrx_word' id='word_1_353' title='bbox 699 4399 862 4483; x_wconf 89' lang='lat' dir='ltr'><strong>quandam</strong></span> <span class='ocrx_word' id='word_1_354' title='bbox 887 4399 1063 4486; x_wconf 87' lang='lat' dir='ltr'><strong>planiciem</strong></span> <span class='ocrx_word' id='word_1_355' title='bbox 1079 4400 1168 4467; x_wconf 90' lang='lat' dir='ltr'><strong>uenit</strong></span> <span class='ocrx_word' id='word_1_356' title='bbox 1190 4401 1234 4467; x_wconf 91' lang='lat' dir='ltr'><strong>ad</strong></span> <span class='ocrx_word' id='word_1_357' title='bbox 1260 4410 1379 4469; x_wconf 85' lang='lat' dir='ltr'><strong>metam</strong></span> <span class='ocrx_word' id='word_1_358' title='bbox 1404 4411 1467 4470; x_wconf 85' lang='lat' dir='ltr'><strong>ter·</strong></span> 
     </span>
     <span class='ocr_line' id='line_1_39' title="bbox 346 4507 1470 4594; baseline 0.007 -25"><span class='ocrx_word' id='word_1_359' title='bbox 346 4523 448 4588; x_wconf 87' lang='lat' dir='ltr'><strong>ream,</strong></span> <span class='ocrx_word' id='word_1_360' title='bbox 475 4513 602 4588; x_wconf 82' lang='lat' dir='ltr'><strong>queant</strong></span> <span class='ocrx_word' id='word_1_361' title='bbox 626 4512 713 4573; x_wconf 89' lang='lat' dir='ltr'><strong>recte</strong></span> <span class='ocrx_word' id='word_1_362' title='bbox 737 4507 830 4572; x_wconf 82' lang='lat' dir='ltr'><strong>iuxta</strong></span> <span class='ocrx_word' id='word_1_363' title='bbox 844 4507 977 4575; x_wconf 88' lang='lat' dir='ltr'><strong>fluuium</strong></span> <span class='ocrx_word' id='word_1_364' title='bbox 996 4509 1160 4594; x_wconf 85' lang='lat' dir='ltr'><strong>Luchuna,</strong></span> <span class='ocrx_word' id='word_1_365' title='bbox 1186 4517 1219 4576; x_wconf 87' lang='lat' dir='ltr'><strong>et</strong></span> <span class='ocrx_word' id='word_1_366' title='bbox 1233 4509 1280 4576; x_wconf 93' lang='lat' dir='ltr'><strong>ibi</strong></span> <span class='ocrx_word' id='word_1_367' title='bbox 1305 4511 1470 4578; x_wconf 87' lang='lat' dir='ltr'><strong>adunatur</strong></span> 
     </span>
     <span class='ocr_line' id='line_1_40' title="bbox 345 4611 1470 4702; baseline 0.009 -26"><span class='ocrx_word' id='word_1_368' title='bbox 345 4619 432 4677; x_wconf 87' lang='lat' dir='ltr'><strong>terre</strong></span> <span class='ocrx_word' id='word_1_369' title='bbox 447 4611 590 4678; x_wconf 89' lang='lat' dir='ltr'><strong>eiusdem</strong></span> <span class='ocrx_word' id='word_1_370' title='bbox 606 4613 753 4697; x_wconf 82' lang='lat' dir='ltr'><strong>Magistri</strong></span> <span class='ocrx_word' id='word_1_371' title='bbox 768 4616 937 4702; x_wconf 86' lang='lat' dir='ltr'><strong>Mawricij,</strong></span> <span class='ocrx_word' id='word_1_372' title='bbox 964 4624 996 4684; x_wconf 87' lang='lat' dir='ltr'><strong>et</strong></span> <span class='ocrx_word' id='word_1_373' title='bbox 1012 4621 1059 4686; x_wconf 88' lang='lat' dir='ltr'><strong>sie</strong></span> <span class='ocrx_word' id='word_1_374' title='bbox 1075 4619 1276 4686; x_wconf 87' lang='lat' dir='ltr'><strong>terminatur.</strong></span> <span class='ocrx_word' id='word_1_375' title='bbox 1300 4621 1342 4686; x_wconf 90' lang='lat' dir='ltr'><strong>Vt</strong></span> <span class='ocrx_word' id='word_1_376' title='bbox 1357 4627 1470 4688; x_wconf 85' lang='lat' dir='ltr'><strong>entem</strong></span> 
     </span>
    </p>
   </div>
   <div class='ocr_carea' id='block_1_3' title="bbox 0 0 1593 5156">
    <p class='ocr_par' dir='ltr' id='par_1_3' title="bbox 0 0 1593 5156">
     <span class='ocr_line' id='line_1_41' title="bbox 0 0 1593 5156; baseline 0 0"><span class='ocrx_word' id='word_1_377' title='bbox 0 0 1593 5156; x_wconf 95' lang='lat' dir='ltr'><strong> </strong></span> 
     </span>
    </p>
   </div>
  </div>
 </body>
</html>
