3122 5154
827 210 871 274 56

777 305 884 314 ..α-η...-
897 304 918 312 -

285 417 403 478 extunc
420 407 629 494 solempniter
644 407 817 493 publicari.
847 407 887 474 st
902 408 980 490 quia
995 406 1028 472 in
1044 413 1135 474 tanto
1159 409 1293 491 negotio
1310 407 1416 476 arduo

284 519 394 602 utique
420 523 454 582 et
469 515 626 601 implicito
652 523 721 582 tam
737 535 796 582 nos
813 535 911 598 quam
928 515 1001 600 ipse
1027 512 1212 598 indigemus
1228 515 1356 582 meritis
1382 523 1418 582 et

282 624 485 692 orationibus
502 621 662 707 adiuvari,
689 621 935 689 universitatem
953 627 1097 688 vestram
1113 643 1279 708 rogamus,
1305 643 1418 692 mone-

282 755 353 801 mus
371 739 403 799 et
413 733 580 824 hortamur
593 735 727 815 attente,
746 750 785 796 ao
800 750 859 815 per
870 729 1061 815 Apostolica
1076 731 1171 797 vobis
1191 733 1315 818 scripta
1324 752 1417 798 mau-

282 843 409 922 damus,
435 839 646 904 obsecrantes
672 836 883 922 perviscera
909 835 1131 904 misericordie
1153 837 1216 904 Dei
1239 841 1354 926 nostri,
1381 839 1418 905 in

282 969 347 1034 qua
362 945 509 1013 visitavit
534 965 594 1010 nos
610 945 719 1010 oriens
736 963 777 1009 ex
794 945 872 1028 alto,
898 949 1059 1028 quatenus
1084 945 1192 1012 eidem
1208 946 1292 1032 Regi
1308 947 1341 1012 in
1358 948 1416 1014 hu-

282 1054 422 1123 iusmodi
434 1053 610 1120 certamine
626 1053 790 1147 laboranti
806 1052 952 1120 caritatis
962 1059 1068 1119 vestre
1084 1053 1277 1138 suffragium
1287 1055 1410 1140 impen-

283 1163 380 1245 datis,
398 1169 431 1227 et
446 1166 620 1248 postquam
636 1159 723 1226 idem
739 1161 808 1225 Rex
824 1179 896 1225 cum
912 1161 1058 1226 exercitu
1082 1181 1141 1226 suo
1156 1161 1277 1227 Assani
1292 1169 1416 1228 terram

284 1269 462 1340 intraverit.
489 1267 648 1334 iacientes
674 1265 917 1353 processionem
933 1266 1134 1352 solempnem
1155 1267 1302 1350 qualibet
1318 1277 1419 1336 sexta

283 1377 366 1456 feria
380 1376 519 1460 singulis
544 1375 744 1462 septimanis,
770 1373 943 1442 devotione
970 1373 1086 1441 sedula
1108 1374 1212 1462 illum,
1237 1375 1417 1460 quiveritis

284 1495 317 1553 et
333 1485 415 1552 mari
431 1484 581 1571 imperat,
606 1481 797 1569 suppliciter
812 1481 964 1565 exoretis,
992 1489 1027 1549 ut
1039 1502 1098 1568 per
1115 1502 1208 1549 suam
1232 1483 1417 1552 miscricor-

285 1592 373 1658 diam
398 1591 557 1657 infinitam
583 1608 680 1676 super
695 1589 834 1656 eundem
855 1589 978 1674 Regem
993 1595 1026 1655 ct
1050 1607 1127 1657 suos
1141 1589 1330 1658 illuminans
1345 1593 1416 1659 rul-

285 1707 353 1767 tum
369 1720 472 1784 suum,
499 1700 644 1786 ipsorum
660 1715 869 1785 progressum
893 1696 1044 1782 dignetur
1062 1697 1316 1766 misericorditer
1341 1720 1417 1786 pro·

284 1827 436 1895 sperare;
453 1827 493 1874 ac
508 1805 631 1890 singuli
648 1802 834 1872 sacerdotes
859 1805 961 1871 semel
977 1806 1122 1890 qualibet
1145 1806 1330 1894 septimana
1351 1829 1416 1893 pro

284 1916 371 1982 leliei
386 1922 474 1982 statu
490 1913 651 1980 exereitus
667 1913 788 1980 munde
812 1913 1012 1981 conscientia
1023 1919 1057 1981 et
1071 1914 1162 2000 puris
1173 1915 1324 1982 manibus
1336 1915 1417 1982 olie-

287 2027 362 2088 rant
377 2021 571 2088 sacrificium
587 2023 726 2118 Domino
742 2023 813 2090 Deo
829 2027 951 2108 nostro,
978 2029 1011 2088 et
1027 2023 1216 2091 commissos
1232 2024 1294 2091 sibi
1310 2045 1415 2111 popu-

287 2131 338 2197 los
354 2129 398 2195 ad
423 2129 674 2216 supplicandum
690 2131 760 2197 Deo
786 2152 845 2216 pro
862 2130 936 2218 ipso
951 2133 1095 2199 exercitu
1115 2134 1237 2218 crebris
1262 2133 1416 2200 exhorta·

286 2237 430 2306 tionibus
446 2246 597 2308 moneant
622 2238 798 2306 efficaciter
813 2246 845 2306 et
859 2239 1024 2308 inducant.
1050 2243 1091 2308 llt
1106 2249 1142 2308 ut
1157 2243 1271 2310 fideles
1290 2239 1415 2308 Obristi

285 2345 401 2414 lortius
426 2345 609 2413 animentur
633 2346 678 2412 ad
700 2345 840 2432 prelium
855 2347 988 2414 Domini
1013 2348 1227 2435 preliandum,
1251 2348 1417 2416 universis

285 2453 551 2540 Archiepiscopis
574 2459 608 2520 et
622 2453 817 2540 Episcopis,
844 2454 900 2540 qui
917 2455 1097 2524 intererunt
1120 2457 1275 2526 exercitui
1301 2476 1405 2543 supra

286 2559 392 2648 dicto,
418 2562 645 2647 concedimus,
671 2563 765 2630 utin
790 2564 1014 2650 solempnibus
1038 2564 1316 2650 predicationibus
1344 2565 1418 2632 suis

287 2666 487 2736 moderatam
513 2667 638 2754 aliquot
661 2667 786 2736 dierum
811 2670 1049 2756 indulgentiam
1080 2672 1275 2740 auctoritate
1300 2677 1420 2741 nostra

286 2793 363 2840 vere
387 2773 609 2860 penitentibus
633 2783 666 2842 et
681 2776 851 2861 confessis,
875 2786 973 2864 prout
997 2780 1153 2866 expedire
1173 2781 1324 2865 viderint,
1350 2780 1420 2848 lar-

287 2880 427 2965 giantur.
444 2880 567 2947 Datum
576 2882 727 2966 Anagnia
738 2884 793 2950 VL
811 2882 884 2952 idus
894 2886 1036 2970 Augusti
1051 2883 1281 2973 (Pontificatus
1295 2888 1421 2978 nostri)

286 3008 372 3054 anno
388 2987 589 3058 duodecimo.

323 3201 459 3268 (Theium,
468 3205 569 3258 Vetera
576 3208 753 3262 Monumenta
761 3209 902 3262 Historiae
910 3210 1083 3278 Hungariam
1091 3210 1201 3264 Sumam
1211 3211 1379 3266 illustrantia

742 3301 764 3351 1.
778 3301 835 3352 not.
850 3300 910 3352 res.
923 3299 953 3368 r.)
