3122 5154
21 4651 23 4744 l

654 339 695 407 73

116 536 311 618 Τὴονποὶοτ,
330 555 430 621 quam
448 535 699 603 scilicetvenam
709 535 898 603 ‘l'nevrekcr
916 534 1037 602 ibidem
1053 538 1230 622 pertransit

112 644 244 734 quedam
268 644 334 729 uia,
361 663 426 730 que
452 641 542 710 ducit
560 643 602 710 de
626 643 708 711 villa
723 643 829 730 Olaay
854 643 888 710 in
914 644 1015 712 aliam
1038 645 1152 711 villam
1169 646 1229 714 Ke-

113 755 249 841 lcanew3
266 752 343 820 inde
358 772 420 839 per
436 751 574 818 eandem
585 751 672 818 uiam
688 753 786 820 currit
800 771 914 820 narsus
929 754 1063 840 plagam
1080 751 1229 822 meridie

111 862 211 929 nalem
227 881 332 946 usque
348 862 383 927 in
400 861 613 929 monticulum
622 860 838 946 Paphomoka
855 865 1093 949 nuncupatum3
1111 860 1230 927 abhinc

112 973 218 1038 iterum
235 971 270 1036 in
287 969 404 1036 eadem
420 969 539 1035 transit
555 968 598 1034 ad
614 968 733 1036 dictam
752 969 885 1056 plagam
903 967 1151 1037 meridionalem
1163 971 1231 1039 iere

112 1080 278 1147 adiectum
296 1077 434 1146 duarum
450 1077 659 1163 sagittarum
677 1075 792 1161 dequa
803 1077 927 1144 scilicet
943 1078 998 1144 ria
1012 1087 1129 1167 postea
1140 1087 1228 1168 eryt,

113 1195 139 1253 et
152 1185 328 1254 reflectitur
342 1184 504 1251 modicum
518 1183 561 1250 ad
578 1191 704 1270 partem
717 1183 963 1268 occidentalem,
982 1187 1035 1252 vbi
1052 1187 1232 1256 circumdat

111 1295 266 1381 quasdam
276 1299 382 1358 terras
400 1291 542 1358 arabiles
559 1311 659 1378 supra
675 1289 838 1375 quendam
857 1293 964 1357 lacum
979 1293 1160 1378 Paptbowa
1177 1315 1230 1363 uo-

114 1409 236 1486 catum3
262 1399 359 1467 wnde
375 1400 492 1466 iterum
516 1402 602 1483 girat
626 1399 669 1464 ad
686 1399 863 1484 meridiem,
881 1405 913 1465 et
930 1400 1021 1466 vadit
1038 1421 1097 1486 per
1113 1403 1232 1470 bonum

115 1511 254 1598 spacium
271 1508 486 1592 quoadusque
502 1509 633 1592 attingit
649 1509 733 1576 latus
759 1509 928 1576 cuiusdam
945 1511 1112 1578 monticuli
1128 1509 1232 1578 Akan-

114 1615 250 1703 thohegh
267 1614 387 1698 vocati,
406 1621 535 1700 aparte
550 1614 704 1682 videlicet
714 1614 890 1682 occidentis
906 1616 1096 1701 existentis3
1114 1615 1232 1684 deinde

114 1725 211 1793 tendit
226 1725 259 1791 in
279 1723 380 1790 alium
396 1723 604 1791 monticulum
620 1722 852 1808 Hegesbomok
873 1724 1093 1812 appellatum
1112 1725 1231 1794 abinde

115 1833 199 1900 uadit
215 1832 259 1899 ad
276 1837 406 1918 portum
433 1830 580 1916 Kytbcue
606 1831 736 1918 dictum,
759 1831 815 1898 vbi
840 1833 933 1898 iuxta
949 1831 1087 1899 eundem
1103 1839 1231 1919 portum

115 1943 261 2010 continuo
278 1939 438 2008 currendo
456 1938 543 2005 cadit
557 1939 591 2006 in
617 1937 782 2023 quandam
808 1960 925 2006 venam
940 1959 1024 2025 aquo
1043 1941 1164 2008 Oldere
1180 1959 1232 2009 uo-

116 2057 226 2134 catam,
245 2068 341 2134 qnam
352 2048 475 2115 ibidem
486 2047 663 2134 pertransit
680 2047 820 2132 quedam
836 2048 899 2133 via,
926 2068 991 2133 qua
1005 2049 1069 2116 itur
1088 2049 1232 2116 dedicta

114 2158 188 2242 llys
204 2158 240 2224 in
256 2156 400 2240 Zaboch,
427 2175 486 2242 per
510 2175 610 2240 quam
634 2155 759 2224 scilicet
782 2175 900 2223 uenam
916 2155 1035 2224 Oldere
1060 2156 1159 2226 currit
1174 2177 1232 2244 per

116 2267 242 2350 longum
259 2264 406 2351 spacium
422 2283 525 2348 nsque
541 2263 584 2330 ad
594 2264 763 2348 Herkuth;
781 2263 899 2332 abhinc
915 2263 1089 2332 reflectitur
1105 2265 1148 2332 ad
1163 2266 1232 2351 pla·

115 2395 185 2457 gam
199 2371 508 2460 septemtrionalem,
537 2378 569 2438 et
586 2377 672 2438 meat
688 2369 731 2437 ad
746 2371 909 2455 quendam
925 2372 1030 2438 locum
1048 2371 1233 2457 Keregded-

115 2481 218 2548 zecbel
234 2480 378 2564 dictum;
397 2478 473 2545 inde
493 2479 610 2547 transit
624 2478 668 2544 ad
678 2478 842 2566 quendam
859 2480 960 2546 alium
975 2479 1083 2547 locum
1098 2479 1232 2546 Kelecb-

114 2591 237 2674 kauegh
254 2593 498 2674 nuncupatum
521 2587 640 2654 deinde
664 2585 769 2656 tendit
783 2586 930 2654 similiter
947 2587 989 2654 ad
1005 2587 1111 2654 locum
1127 2585 1233 2654 (ibur-

113 2699 281 2784 lrefyzere;
310 2695 385 2762 inde
401 2695 519 2764 iterum
545 2695 633 2762 cadit
649 2696 692 2762 ad
708 2694 913 2783 Poscgher03
940 2693 1058 2762 debinc
1085 2694 1175 2761 vadit
1191 2695 1234 2762 ad

112 2807 260 2889 Arostbo,
287 2825 310 2872 a
332 2825 397 2888 quo
415 2803 531 2870 iterum
548 2803 666 2872 transit
688 2805 732 2870 ad
748 2805 854 2871 locum
871 2803 957 2891 (lgy)
973 2805 1117 2872 Asowan
1132 2803 1232 2871 nomi·

112 2923 228 3000 numm,
246 2933 308 3002 per
324 2913 411 2997 quod
428 2912 593 2999 egreditur
613 2934 700 2999 aqua
716 2915 757 2982 de
772 2915 872 2982 fluuio
888 2913 1060 3000 Bodrogb3
1085 2913 1162 2981 inde
1177 2933 1236 2999 per

113 3023 246 3091 eundem
258 3021 393 3089 fluuium
404 3021 558 3108 Bcdrogh
569 3021 718 3088 ascendit
728 3041 830 3105 usque
842 3021 887 3088 ad
902 3028 1007 3090 metas
1022 3021 1178 3089 nobilium
1194 3019 1236 3088 do

113 3132 232 3217 Sadan,
251 3131 308 3198 rbi
323 3131 505 3217 prescripta
525 3137 609 3198 mete
625 3129 712 3198 dicte
729 3130 948 3218 possessionis
964 3131 1046 3216 Wys
1061 3129 1235 3196 terminan-

111 3251 170 3310 tur.
197 3242 241 3308 Vt
257 3247 367 3306 antem
391 3240 452 3307 hec
478 3260 499 3306 a
522 3240 616 3306 nobis
632 3238 723 3305 facta
739 3239 873 3308 donacio
890 3240 989 3306 robur
1005 3237 1151 3306 obtineat
1166 3257 1235 3324 per·

108 3358 205 3437 petua
219 3348 394 3433 firmitatis,
420 3367 481 3414 nac
505 3347 611 3435 possit
625 3348 667 3413 ab
685 3347 795 3430 aliquo
818 3355 999 3434 temporum
1023 3385 1061 3395 -
1080 3385 1123 3396 —
1137 3383 1181 3396 -·
1197 3345 1236 3412 ir-

109 3459 205 3525 ritum
231 3457 393 3540 reuocari,
417 3456 506 3524 fideli
531 3462 642 3523 nostm
668 3457 825 3540 magistro
851 3456 1032 3523 Laurencio
1059 3453 1178 3522 domiti
1194 3452 1237 3520 de

109 3567 244 3634 Zaboeh
274 3565 396 3633 nosris
421 3565 540 3631 litteris
567 3563 762 3630 dederamus
778 3565 811 3630 in
828 3561 1002 3647 mandatis,
1029 3561 1116 3648 quod
1130 3561 1235 3649 prefa-

110 3680 175 3742 tam
191 3673 307 3740 villam
324 3673 405 3757 Wys
421 3679 453 3738 et
469 3679 589 3738 terram
614 3671 749 3738 Ghenlre
774 3669 959 3738 memoratis
974 3670 1109 3756 Symoni
1124 3689 1164 3736 ac
1181 3669 1237 3738 Jo-

111 3779 211 3848 banui
225 3779 324 3867 patri,
341 3785 374 3845 et
387 3777 452 3846 lob
469 3778 536 3844 lilio
552 3778 697 3846 eiusdem
714 3777 876 3866 symonis,
895 3797 1021 3846 necnon
1036 3777 1188 3844 Zwbualo
1205 3779 1238 3840 et

112 3888 205 3956 alteri
221 3887 376 3970 Jobanni,
403 3885 611 3973 ipsorumque
636 3893 788 3974 posterys
814 3892 970 3954 statueret
996 3903 1105 3951 coram
1121 3881 1237 3949 ricinis

113 4003 142 4062 et
156 3995 391 4064 commetancis
403 4019 416 4078 3,
439 3995 495 4080 qui
511 3995 627 4064 Comes
647 3995 849 4064 Laurentius
864 3997 958 4063 nobis
975 3994 1105 4062 demum
1119 3993 1236 4085 ¹rescri-

113 4104 175 4187 psit
190 4103 226 4170 in
241 4103 327 4170 buno
342 4101 486 4186 modum,
504 4111 538 4170 ut
553 4103 716 4188 prefatam
727 4104 809 4188 Wys
819 4102 987 4169 simuloum
1004 4109 1089 4168 terra
1099 4099 1236 4169 Obenlre

113 4211 170 4276 sub
193 4209 415 4298 predictarum
431 4216 588 4276 metarum
614 4210 762 4279 cursibus
778 4211 981 4296 existentem,
1000 4229 1071 4276 oum
1088 4208 1237 4279 omnibus

115 4319 307 4396 ru'litatibus
324 4324 357 4385 et
372 4317 585 4404 pertinenciis
597 4319 798 4404 quibuslibet
810 4339 849 4386 ac
860 4319 945 4386 rado
956 4317 1142 4405 supradicto
1153 4318 1237 4407 ipsis

117 4427 293 4511 statuisset,
306 4427 512 4514 presentibus
538 4427 654 4495 vicinis
671 4433 704 4495 et
727 4428 960 4496 commetaneis
976 4427 1153 4500 earundem
1171 4428 1237 4495 vni-

119 4533 222 4602 uersis
236 4534 323 4604 nullo
348 4533 481 4622 penitus
505 4535 740 4606 contradictore
765 4534 845 4604 inibi
869 4544 1057 4623 apparente.
1085 4537 1124 4603 In
1140 4535 1232 4602 ouius

122 4639 168 4708 rei
189 4643 375 4734 memoriam
401 4641 650 4730 firmitatemque
676 4651 868 4732 perpetuam
887 4651 1057 4730 presen'es
1077 4640 1235 4708 concessi·
