3122 5154
74 1055 189 1140 dptcoi
201 1059 424 1146 tdptolouauk
440 1061 699 1148 bizooyadoleeele
718 1085 739 1128 a
754 1062 915 1151 Seboatye‘n
934 1073 1117 1156 aemzototqe
1132 1093 1148 1135 a
1163 1094 1185 1134 a

71 1165 208 1234 otilodtori
222 1169 365 1234 totostor
381 1175 413 1236 do
427 1169 508 1235 titali
514 1169 696 1257 jobbotqyolo
707 1171 791 1238 lebeti
801 1177 1062 1263 poroyyeoaeqrdl.
1083 1179 1182 1246 1240.

162 1361 343 1428 Farkasius
359 1361 549 1445 Propositus
560 1361 921 1446 Quinqueeoolesiensis
937 1375 1104 1456 totumque
1121 1372 1180 1439 Oa-

68 1468 190 1552 pitnlum
206 1469 352 1535 eiusdem
370 1468 444 1552 looi,
471 1469 619 1538 omnibus
635 1491 771 1556 presens
793 1473 948 1560 seriptum
974 1477 1180 1545 cernentibus

67 1577 192 1644 salutem
207 1579 242 1643 in
259 1577 409 1645 Domino.
437 1575 613 1644 Constituti
628 1578 663 1644 in
676 1581 792 1648 nostri
804 1583 978 1669 presencia
993 1585 1099 1652 Doma
1115 1589 1180 1652 Mo-

66 1683 173 1751 nachus
188 1685 380 1768 Monasterij
396 1685 592 1772 Sebastiam,
609 1687 768 1755 Nioolaus
793 1689 879 1757 filius
895 1691 1034 1777 Nioolai,
1052 1699 1086 1758 et
1100 1694 1175 1759 Ber·

66 1793 172 1860 nardus
197 1793 284 1860 lilius
301 1792 482 1879 Laurenoii,
510 1793 565 1877 qui
581 1814 640 1880 pro
655 1813 690 1861 se
716 1801 748 1860 et
762 1817 823 1881 pro
839 1798 1054 1880 generatione
1078 1800 1177 1866 Seba-

66 1901 150 1966 stiani
175 1906 336 1968 venerant
360 1921 402 1967 ex
418 1921 483 1968 vna
499 1908 611 1988 parte,
628 1922 669 1969 ex
686 1904 792 1970 altera
813 1923 891 1973 uero
908 1907 1035 1992 Heymo
1060 1907 1177 1975 custos

65 2011 227 2076 nonachus
252 2009 294 2076 de
311 2008 499 2095 Ghylrador,
526 2012 581 2094 qui
596 2032 656 2097 pro
680 2010 766 2080 dioto
783 2013 854 2080 loeo
874 2023 1014 2101 venerat,
1041 2023 1075 2082 et
1083 2016 1176 2102 joba-

63 2119 161 2198 giones
176 2117 369 2203 'l'ytulensis
396 2117 552 2204 Euolesie,
568 2119 686 2203 Micho,
706 2120 859 2208 Balasen,
886 2129 919 2188 et
934 2123 1093 2208 Andreas,
1119 2125 1174 2209 qui

62 2225 209 2308 prodicta
224 2225 375 2290 Ecclesia
390 2231 556 2309 venerant,
583 2225 639 2309 qui
658 2225 778 2293 diotam
802 2230 1048 2312 generacionem
1065 2250 1174 2297 eoram

62 2333 183 2400 Nicolao
210 2333 297 2398 Aule
319 2332 424 2416 Regie
449 2330 565 2398 Judioe
589 2334 622 2399 in
647 2353 781 2402 oausam
805 2343 990 2423 traxerant,
1016 2338 1174 2422 pristaldo

62 2441 190 2524 ipsorum
214 2441 377 2508 Siluestro
394 2439 519 2508 Glerioo
546 2440 625 2506 Bele
640 2442 740 2526 Regis
757 2443 927 2527 existente,
946 2465 1006 2529 pro
1031 2443 1174 2527 quadam

13 2591 14 2596 κ
60 2555 143 2632 terra,
169 2549 394 2615 mediantibus
418 2547 512 2616 bonis
537 2548 617 2614 viris
633 2549 676 2614 ad
691 2549 810 2616 bonam
836 2569 951 2636 paoem
974 2550 1174 2618 deuenerunt

59 2657 107 2720 tali
121 2657 236 2724 modo:
255 2656 343 2741 quod
357 2656 442 2723 diote
468 2657 699 2739 generationes
725 2657 888 2725 Dominioi
912 2657 1061 2744 eoolesijs
1086 2655 1173 2745 (igy)

13 2779 14 2784 ’
58 2765 158 2831 darent
182 2764 395 2850 septuaginta
420 2771 452 2830 et
478 2784 537 2831 sex
561 2764 676 2849 iugera
700 2771 799 2851 terre,
824 2766 996 2850 sexaginta
1020 2765 1171 2834 infertili

58 2875 134 2938 iuxta
156 2873 271 2938 uillam
288 2871 454 2956 Kezteloh,
480 2871 591 2938 deoem
616 2878 649 2937 et
665 2893 723 2938 sex
739 2873 773 2938 iu
794 2871 937 2940 siluestri
961 2881 1059 2958 terra,
1085 2893 1168 2957 quas

57 2979 120 3044 dieti
135 2977 253 3047 Gustus
278 2978 518 3062 etjobagiones
537 2978 726 3063 Tytuleusis
751 2979 899 3046 Eoolesio
924 2980 1066 3048 ooniessi
1090 2988 1168 3058 sunt

58 3107 83 3152 se
95 3107 203 3154 eoram
217 3086 311 3154 nobis
326 3085 531 3169 integraliter
545 3085 687 3172 habere;
714 3090 839 3153 ceteras
854 3106 930 3154 vero
946 3093 1063 3173 terras,
1081 3107 1165 3174 quas

57 3195 129 3262 dicte
152 3195 386 3281 generaciones
410 3193 503 3261 iuxta
524 3213 645 3278 aquarn
661 3195 842 3280 Soeretohe,
866 3195 922 3262 vbi
942 3195 1117 3263 Keztelohe
1132 3197 1167 3263 iu

56 3303 162 3370 dietam
178 3323 300 3387 aquam
316 3303 416 3388 cadit,
441 3301 550 3387 ibique
566 3303 717 3370 Eoolesia
732 3300 893 3370 diotarunr
914 3303 1165 3390 generaoionum

56 3421 94 3478 ost
113 3413 260 3496 fundata,
283 3413 356 3496 jure
381 3411 579 3478 hereditario
605 3412 692 3477 diote
718 3411 951 3494 generaoiones
976 3410 1164 3479 Sebastiani

54 3522 141 3588 libere
156 3520 380 3608 possidebunt.
406 3521 448 3587 Et
463 3539 503 3586 ue
519 3539 617 3606 super
632 3521 694 3586 hoo
707 3519 881 3606 dubitetur,
897 3541 957 3588 nos
972 3521 1016 3586 ad
1033 3518 1168 3607 petitio-

56 3650 115 3697 nem
129 3631 296 3714 ntriusque
321 3627 424 3714 partis
440 3646 576 3714 presens
592 3627 747 3713 seriptum
770 3627 965 3694 contulimus
982 3627 1084 3712 sigilli
1110 3647 1165 3694 no-

55 3739 101 3804 stri
123 3737 308 3805 munimine.
341 3738 436 3802 Anno
461 3733 593 3802 Domini
620 3735 663 3800 M.
690 3732 754 3800 00.
770 3733 852 3818 XL,
880 3752 991 3800 mense
1017 3733 1166 3802 Ootobris

57 3845 187 3915 latrone
204 3843 357 3930 (lantone,
374 3842 546 3911 Theodora
562 3840 715 3929 Custode,
734 3841 907 3909 Salomone
916 3843 1062 3926 Deoano,
1083 3849 1166 3908 oete-

54 3955 143 4039 nmue
158 3973 258 4038 quam
274 3951 420 4040 pluribus
436 3950 558 4018 ibidem
582 3949 806 4018 existentibus.
823 3951 944 4017 Datum
960 3969 1019 4036 por
1047 3967 1163 4015 manus

54 4063 183 4147 Magistri
200 4063 327 4132 Tharne
341 4059 489 4128 Lectoris
509 4057 877 4144 Quinqueeoolesiensis.

53 4263 153 4331 &epesi
171 4263 267 4316 Jnlrab
286 4257 451 4328 Orsadgblrd
472 4259 550 4311 taut.
570 4253 674 4311 dtirata
692 4255 769 4324 utdn,
791 4253 864 4310 Rath
882 4251 986 4322 Karoly
998 4253 1087 4310 Heaai
1107 4255 1163 4308 ok·

419 4347 773 4418 mmmmmm

77 4753 172 4793 notun.
188 4748 275 4788 ΗΰΙῦ.
291 4744 365 4784 RISU·
380 4752 414 4763 ““
428 4744 500 4782 burn.
516 4735 548 4773 12-
