3198 5160
621 335 779 446 ...bb-b-

138 533 306 619 gressione
322 533 411 619 belli,
430 537 464 600 ut
481 531 608 618 dieitur,
628 555 692 601 non
708 535 878 620 sagittant,
897 531 956 600 sed
972 533 1068 620 quasi
1084 533 1198 622 pluere
1213 554 1265 602 sa-

138 643 239 726 gittas
265 641 427 708 videnter.
454 641 585 709 Gladiis
610 647 644 708 et
667 641 791 708 lanceis
819 640 926 707 minus
951 641 1022 728 apti
1047 640 1197 708 dicuntur
1222 641 1266 709 ad

137 749 268 824 bellurn.
294 747 421 816 Taliter
435 753 543 815 antem
569 768 707 816 cuneum
733 767 826 815 suum
850 746 1015 834 ordinant,
1039 748 1126 832 quod
1153 739 1265 816 decem

137 855 322 924 bominibus
337 875 422 924 unus
438 859 558 924 Tartar
573 863 692 944 preest,
709 855 824 922 iterum
838 861 965 923 centum
979 855 1166 924 bominibus
1182 875 1266 925 unus

137 965 292 1032 centurio.
316 965 386 1030 Hoc
411 963 485 1031 ideo
501 963 561 1030 tali
587 963 716 1030 astucia
739 963 860 1031 factum
887 971 946 1048 cst,
973 983 1014 1032 ne
1040 965 1265 1053 exploratores

136 1073 404 1159 supervenientes
420 1071 548 1158 possint
563 1073 648 1140 inter
659 1091 715 1140 eos
732 1073 939 1158 aliquatenus
957 1075 1070 1141 latere.
1087 1073 1167 1141 Etsi
1182 1075 1265 1141 forte

138 1180 343 1266 contingeret
368 1199 535 1248 numerum
563 1179 738 1248 eorundem
763 1181 898 1247 diminui
922 1201 981 1268 per
998 1181 1131 1266 bellum,
1155 1187 1267 1270 posset

136 1288 265 1355 restitui
281 1287 352 1355 sine
368 1308 469 1374 mora,
487 1295 519 1355 et
535 1287 674 1374 populus
690 1287 848 1356 collectus
864 1307 905 1355 ex
922 1285 1070 1372 diversis,
1089 1287 1265 1357 infidelita-

137 1403 202 1462 tem
219 1396 365 1481 aliquam
375 1416 440 1464 non
456 1394 561 1481 possit
572 1395 691 1462 faeere.
705 1395 891 1476 Quamlibet
905 1396 1074 1463 denarium
1085 1417 1126 1464 ex
1140 1397 1264 1482 linguis

138 1503 279 1573 diversis
290 1502 502 1588 collegerunt.
519 1501 669 1570 Omnium
685 1505 880 1590 Regnorum,
900 1523 963 1589 que
975 1503 1129 1591 obtinent,
1146 1507 1265 1592 Reges,

138 1617 171 1679 et
189 1613 309 1696 Duces,
336 1630 376 1677 ac
392 1617 574 1698 magnates,
601 1609 776 1695 dequibus
801 1619 851 1679 est
867 1633 952 1700 spes,
976 1613 1064 1701 quod
1087 1611 1265 1699 aliquando

136 1719 265 1808 possint
286 1718 396 1788 lacere
420 1719 564 1804 aliquam
590 1719 824 1805 resistentiam,
851 1721 1046 1789 interficiunt
1069 1721 1140 1790 sine
1164 1741 1264 1789 mora.

137 1825 262 1894 Milites
288 1832 399 1894 autem
423 1825 524 1894 fortes
550 1831 582 1892 et
597 1825 734 1894 rusticos
760 1825 804 1892 ad
819 1827 957 1914 prelium
983 1837 1060 1896 ante
1083 1847 1120 1896 se
1136 1828 1267 1896 mittunt

137 1941 283 2003 armatos
298 1935 342 2002 ad
367 1933 574 2022 preliandum
599 1934 671 2003 sine
695 1942 821 2021 sponte.
848 1937 940 2005 Alios
965 1957 1043 2008 vero
1060 1937 1197 2007 rusticos
1222 1937 1266 2005 ad

137 2043 345 2130 preliandum
370 2043 475 2111 minus
500 2050 597 2131 aptos
613 2043 802 2126 relinquunt
816 2043 859 2111 ad
884 2043 1053 2114 colendam
1069 2051 1203 2135 terram,
1234 2053 1266 2114 et

136 2153 281 2220 omnium
291 2157 359 2220 tam
369 2151 413 2218 ad
428 2151 565 2238 prelium
576 2151 827 2239 compulsorum,
838 2173 935 2237 quam
947 2155 1127 2223 occisorum
1137 2173 1265 2240 uxores,

136 2263 221 2329 tiliae
238 2265 272 2329 et
287 2267 445 2347 cognatas
472 2259 622 2329 dividunt
638 2259 682 2328 ad
706 2261 854 2347 singulos
870 2263 959 2330 viros
983 2269 1069 2330 terre
1088 2263 1190 2332 cultui
1214 2283 1264 2332 re-

137 2371 245 2456 lictos,
272 2370 405 2438 cuilibet
429 2367 542 2438 decem
567 2371 620 2437 vel
646 2371 757 2457 plures
783 2371 1009 2456 assignantes,
1038 2377 1070 2437 et
1096 2371 1267 2459 imponunt

138 2478 274 2564 eisdem,
291 2486 327 2546 ut
342 2477 383 2546 de
400 2485 506 2547 cetero
516 2479 648 2545 Tartari
664 2487 896 2566 nuncupentur.
914 2479 1032 2547 lliliter
1043 2499 1131 2566 vero,
1149 2481 1204 2564 qui
1221 2478 1265 2546 ad

1 2635 2 2644 ,
137 2589 278 2674 prelium
303 2587 550 2675 compelluntur,
576 2595 608 2655 et
623 2585 652 2654 si
667 2588 750 2655 bene
775 2595 924 2674 pugnant
939 2594 971 2655 et
991 2587 1135 2674 vincum,
1161 2608 1266 2675 parva

138 2693 323 2780 graciaeis.
340 2695 375 2762 Si
385 2715 463 2764 vero
474 2695 506 2762 in
518 2695 622 2782 prelio
638 2695 827 2780 moriuntur,
844 2697 935 2763 nulla
947 2717 1025 2764 eura
1036 2695 1092 2764 eis.
1109 2695 1145 2764 Si
1156 2701 1264 2762 autem

136 2805 170 2869 in
187 2801 292 2889 prelio
307 2801 524 2889 retrocedunt,
542 2803 613 2870 sinc
629 2801 854 2872 misericordia
870 2803 1048 2872 a'l'artaris
1063 2803 1264 2872 occiduntur.

137 2911 292 2995 Pugnant
307 2930 386 2997 ergo
402 2909 528 2998 lortius,
546 2917 581 2979 ut
597 2911 631 2978 in
647 2917 812 2998 porterum
824 2931 889 2978 non
904 2911 1028 2999 vivant,
1044 2911 1103 2981 sed
1119 2920 1155 2980 ut
1169 2903 1265 2978 citius

137 3018 327 3087 moriantur.
344 3017 462 3086 Castra
477 3019 601 3086 munita
615 3040 680 3087 non
691 3028 892 3107 expugnant,
909 3019 969 3089 sed
984 3019 1075 3108 prius
1093 3021 1267 3088 devastant

137 3131 272 3209 terram,
298 3130 332 3192 et
346 3126 502 3212 populum
530 3122 760 3213 depredantur,
789 3132 821 3193 et
836 3125 981 3194 eiusdem
1006 3135 1091 3196 terre
1109 3126 1265 3214 populum

1 3257 2 3262 ¹
137 3239 375 3319 congregatum
392 3233 590 3320 compellunt
605 3233 648 3300 ad
664 3254 807 3321 pugnam
824 3235 867 3303 ad
884 3235 1138 3323 expugnandum
1158 3236 1265 3323 ipsum

137 3349 294 3411 castrum.
320 3343 370 3410 De
386 3343 593 3410 multitudine
608 3351 717 3410 autem
733 3343 838 3429 ipsius
854 3344 1015 3413 exercitus
1029 3345 1125 3413 vobis
1140 3344 1265 3430 aliquid

1 3529 2 3554 Χ
136 3471 203 3517 non
220 3451 339 3536 scribo,
356 3449 420 3517 nisi
436 3451 675 3536 quodomnium
692 3452 886 3538 Regnomm,
902 3474 966 3538 que
975 3453 1131 3541 obtinent,
1147 3453 1266 3522 milites

1 3557 2 3564 ’
137 3559 182 3626 ad
198 3577 342 3647 pugnam
359 3565 455 3646 aptos
471 3559 670 3646 compellunt
686 3564 763 3627 ante
779 3581 816 3628 se
831 3561 973 3648 preliari.
999 3563 1116 3628 Fertur
1130 3581 1151 3628 a
1166 3561 1265 3649 pluri·

136 3669 201 3735 bus
217 3687 253 3734 re
268 3674 369 3755 certa,
396 3673 428 3734 et
443 3669 518 3736 Dux
535 3668 576 3736 de
592 3667 694 3736 Sudal
709 3667 878 3738 mandavit
893 3688 952 3756 per
968 3690 1019 3736 me
1034 3670 1116 3754 Regi
1132 3671 1265 3756 Hunga-

136 3775 259 3844 riorum
277 3775 352 3842 viva
363 3795 452 3862 voce,
470 3776 557 3862 quod
572 3783 666 3845 noete
676 3776 794 3862 dieque
804 3778 974 3847 consilium
990 3777 1112 3846 babent
1121 3777 1264 3862 Tartari,

137 3885 281 3971 qualiter
296 3887 429 3954 vincant
454 3892 486 3954 et
501 3885 670 3956 obtineant
684 3889 834 3972 Regnum
850 3885 1091 3972 Hungariorum
1108 3886 1264 3955 Christia-

137 4015 264 4060 norum.
291 3995 497 4081 Propositum
522 3995 608 4062 enim
633 3995 774 4082 babent,
803 4001 840 4061 ut
863 3995 998 4062 veniant
1022 4001 1055 4062 et
1079 4003 1265 4082 expugnent

136 4103 285 4187 Romam,
310 4109 344 4168 et
359 4101 443 4170 ultra
459 4104 606 4170 Romam.
632 4103 722 4171 illisit
736 4123 816 4190 ergo
832 4103 960 4188 legatos
978 4102 1022 4168 ad
1036 4105 1158 4186 Regem
1174 4101 1263 4169 ilun-

137 4211 313 4294 gariornm,
332 4209 387 4295 qui
398 4211 565 4279 venientes
580 4231 639 4298 per
654 4215 774 4278 terram
785 4210 886 4278 Ducis
902 4207 943 4278 de
958 4207 1070 4296 Sudal,
1090 4213 1124 4276 et
1138 4208 1264 4276 litteras

137 4317 222 4402 Regi
238 4317 479 4402 Hungariorum
505 4317 624 4386 missas
639 4319 715 4385 Dux
731 4317 787 4384 ille
803 4317 926 4406 recepit
945 4317 987 4384 ab
1004 4317 1063 4405 eis,
1089 4324 1122 4385 et
1135 4317 1264 4402 legatos

138 4426 230 4511 ipsos
247 4445 319 4493 cum
336 4425 435 4494 sociis
451 4425 529 4494 mibi
547 4425 713 4512 deputatis
730 4425 829 4493 etiam
844 4423 922 4491 vidi.
948 4425 1118 4492 Predictas
1137 4424 1265 4493 litteras

141 4553 163 4598 a
176 4533 249 4599 Noe
264 4533 356 4600 Duce
374 4533 415 4601 de
429 4532 531 4601 Sndal
548 4533 628 4600 mihi
643 4533 740 4602 datas
756 4535 799 4601 ad
814 4535 937 4620 Regem
953 4531 1194 4618 Hungariorum
1210 4533 1265 4600 de·

122 4637 279 4731 portavi.
306 4641 429 4712 Littere
444 4649 553 4711 autem
570 4641 690 4732 scripte
706 4651 781 4712 sunt
796 4641 915 4711 litteris
939 4641 1080 4731 paganis
1096 4647 1129 4710 et
1150 4641 1266 4730 lingua
