3148 5156
896 430 917 434 ,-
935 339 1016 440 45¹9.

363 532 496 620 guasset
511 546 583 591 enm
609 525 758 594 omnibus
774 529 971 598 utilitatibus
996 539 1028 599 et
1043 526 1253 620 portineuoijs
1273 522 1344 591 suis
1360 521 1487 608 quibus-

362 635 452 715 libet,
469 632 565 698 terris
581 632 773 718 arabilibus,
797 636 900 724 siluis,
915 639 1030 726 pratis,
1056 636 1167 723 flouijs
1184 643 1216 702 et
1235 631 1316 702 loeis
1333 627 1489 698 molendi·

361 760 485 824 norum,
511 741 544 804 in
561 749 751 826 perpetuum
767 748 800 808 et
825 743 1081 814 irreuoeabiliter
1103 738 1349 834 possidendam,
1376 745 1487 804 teuen-

362 849 438 915 dam
463 846 585 933 pariter
599 855 632 914 et
655 847 850 937 habendam,
876 854 1138 922 contradiooione
1161 847 1381 938 quorumlibet
1403 863 1487 912 oom-

362 963 583 1023 metoneornm
600 961 632 1021 et
650 955 826 1025 vicinorum
848 958 934 1026 dieto
959 960 1188 1048 possessionis,
1212 966 1248 1025 rt
1267 952 1486 1042 premisimus,

361 1064 604 1149 nonobstante,
621 1063 736 1132 Oomiti
754 1066 897 1135 Pertlino
922 1075 955 1134 et
971 1067 1218 1156 posteritatibus
1236 1060 1489 1130 desoedeutibus

363 1172 406 1238 ab
423 1170 545 1237 eodem.
575 1170 612 1236 ln
631 1172 721 1239 ouius
746 1173 792 1240 rei
817 1176 1005 1243 memoriam
1029 1181 1063 1242 et
1086 1181 1276 1263 perpetuam
1302 1169 1488 1238 firmitatem

361 1287 530 1366 presentes
545 1281 745 1348 oouoesimus
768 1281 896 1350 litteras
911 1283 1013 1368 sigilli
1037 1283 1139 1351 nostri
1159 1276 1336 1349 monimine
1354 1278 1486 1348 robora·

362 1397 424 1456 tas.
452 1391 572 1457 Datum
597 1391 632 1458 in
657 1389 829 1475 quindenis
853 1393 974 1459 Posses
1000 1391 1133 1458 Domini
1157 1410 1243 1461 anno
1271 1387 1419 1456 eiusdem
1443 1388 1488 1453 lll⁰

362 1499 583 1567 ducentesimo
599 1499 869 1583 quiuquagesimo
887 1505 990 1567 serto.

363 1697 499 1762 (Eredetie
518 1695 712 1762 bdrhertyriue
730 1692 915 1764 lrriptslannalr
935 1697 994 1749 ubld
1013 1695 1240 1764 selysmzsiudron
1259 1696 1345 1764 idggb'
1365 1696 1487 1764 peesdtjo

362 1787 432 1838 ulutt
444 1801 461 1837 a
474 1787 557 1838 budai
572 1788 622 1839 lrir.
636 1788 759 1838 lramnrei
778 1783 956 1839 levdlts'trban.
968 1789 1108 1854 Ugyauott
1121 1788 1247 1840 driztetilr
1267 1803 1298 1838 su
1312 1786 1487 1854 okmtnynsk

362 1874 622 1927 aszbkesfehtrrr'rri
644 1874 772 1942 kriptulan
795 1873 862 1927 tlral
885 1875 993 1929 lrdsolilt
1015 1881 1083 1929 1330
1106 1877 1242 1939 „seeundo
1265 1877 1309 1928 die
1329 1877 1487 1929 festivitatis

362 1965 445 2016 Beate
458 1966 544 2015 Murio
557 1967 756 2031 nlogrlalsnao‘
771 1966 829 2016 lrslt
843 1963 942 2018 dtiratu
953 1968 985 2029 is,
999 1965 1098 2032 molyot
1111 1964 1172 2017 lrdrt
1185 1966 1341 2031 „Georgius
1351 1965 1487 2017 officialis

362 2057 486 2120 Magistri
501 2055 606 2106 Andros
619 2055 667 2120 lilij
682 2056 797 2121 Morlyn,
816 2055 964 2107 castellani
978 2056 1011 2106 de
1024 2055 1235 2121 Symunturnya,
1254 2057 1317 2106 viee
1330 2061 1359 2105 et
1378 2056 1487 2105 nomino

362 2145 487 2208 Magistri
499 2143 633 2196 Johannis
646 2144 694 2209 diij
709 2146 805 2196 Honcb
818 2147 941 2198 Reetoris
956 2147 1027 2198 Noui
1039 2146 1141 2198 Montis
1152 2145 1313 2205 Pestierrsis,
1331 2151 1360 2196 et
1373 2144 1487 2210 prodisti

691 2236 816 2301 Magistri
828 2235 934 2288 Andree
947 2237 1056 2287 Domini
1069 2231 1151 2302 sui.“)

888 3025 966 3094 sle.

362 3228 393 3291 A
408 3226 538 3311 rdprdbi
552 3223 764 3312 lrdptolunnulo
779 3247 799 3288 α
819 3219 908 3288 Gork
923 3221 1039 3288 anad
1062 3224 1124 3289 boto
1132 3223 1181 3307 fio
1197 3228 1228 3287 e's
1245 3222 1374 3309 Mttslp
1391 3247 1487 3290 comm

361 3356 468 3418 eppa-n
486 3333 598 3396 Boeoti
614 3334 675 3398 boin
692 3337 813 3396 testsdre
828 3330 910 3395 bristi
924 3331 1022 3395 birtok
1037 3337 1128 3396 osere't
1144 3332 1292 3418 tdrpyuzd
1306 3333 1486 3419 bironysdp-

819 3437 917 3503 tenete.
937 3436 1033 3502 1256.

469 3634 653 3722 Capitulum
670 3632 1060 3718 zagrabiensisssolesie
1075 3631 1225 3702 omnibns
1236 3653 1372 3720 presens
1388 3633 1486 3722 serip-

359 3751 427 3812 tum
444 3741 642 3827 inspecturis
657 3743 796 3808 salutern
814 3742 847 3810 in
857 3743 1006 3812 Domino.
1023 3739 1076 3807 Ad
1091 3739 1317 3808 uniuersorum
1331 3742 1487 3810 noticiam

360 3852 474 3918 herum
501 3849 586 3918 serie
612 3848 760 3916 uolumus
785 3849 966 3935 peruenire,
994 3847 1081 3932 quod
1105 3847 1288 3926 eonstitutis
1313 3847 1349 3914 in
1373 3857 1487 3917 nostra

360 3957 531 4042 presencie
556 3957 600 4022 ab
617 3976 683 4022 unu
707 3963 800 4043 perte
816 3955 908 4024 Gnrk
934 3955 1000 4024 filio
1020 3953 1130 4022 Oehuz
1154 3954 1319 4038 quondum
1334 3955 1430 4040 Beni,
1456 3962 1488 4022 et

359 4067 402 4132 ab
428 4065 533 4132 altera
559 4061 678 4148 ligidio
710 4063 844 4130 oltieiali
870 4061 1006 4131 Comitis
1034 4061 1206 4130 Michaelis
1232 4062 1342 4129 fratris
1374 4063 1487 4149 magni

359 4171 471 4238 Buzsd
495 4191 554 4257 pro
581 4170 653 4257 ipso
680 4172 806 4239 Gemite
831 4169 1011 4256 bliebaele3
1036 4170 1122 4237 idem
1146 4169 1284 4256 Egidins
1309 4171 1487 4238 seeundum

359 4279 447 4362 quod
457 4278 559 4346 eniam
576 4278 685 4344 littere
701 4278 825 4347 domini
841 4278 902 4364 sui,
918 4297 1002 4363 quas
1019 4278 1115 4346 nobis
1125 4277 1282 4364 exhibuit,
1301 4275 1362 4346 sub
1377 4277 1488 4362 sigillo

360 4385 487 4452 notorio
504 4386 705 4469 astruebant,
722 4385 888 4454 dominum
906 4405 1010 4470 sunm,
1032 4383 1191 4452 Comitem
1205 4383 1330 4451 soilieet
1346 4383 1489 4452 Michae

360 4491 434 4574 lem,
459 4499 580 4559 terram
605 4495 751 4560 Zebusee
776 4514 848 4562 oum
875 4501 947 4562 ooto
971 4494 1072 4580 uillis,
1097 4512 1195 4579 quam
1219 4499 1341 4561 terram
1363 4493 1487 4560 ibidem

361 4595 501 4660 lliobael
526 4597 641 4665 Comes
667 4609 835 4686 receperat
850 4599 892 4667 de
917 4620 1037 4686 genero
1062 4619 1121 4668 suo
1146 4598 1238 4667 Gurk
1264 4599 1430 4670 antedicto
1456 4601 1487 4666 in
