3148 5156
918 357 983 424 412

939 447 1027 456 -ι--ι-

385 557 426 620 bt
441 557 469 620 si
495 553 614 638 aliquis
631 556 737 640 ipsum
762 553 892 619 Nonam
917 551 1086 636 Comitem,
1115 551 1168 618 uel
1194 551 1265 616 eius
1292 548 1431 617 heredes
1457 555 1515 616 aut

385 668 541 747 cognatos
558 682 657 749 snper
682 662 868 730 memoratis
893 661 1049 728 infestare
1068 665 1277 746 presumeret,
1305 658 1368 744 ipsi
1393 658 1514 726 fratres

385 770 584 839 Laureneius
600 777 631 836 et
641 771 784 838 lacobus
800 775 949 837 tenentur
965 768 1098 835 eosdem
1114 768 1157 834 ab
1174 767 1351 853 impetente
1367 767 1515 852 quolibet

386 882 539 947 liberare.
564 878 659 957 Quod
674 867 709 944 ut
724 884 830 944 ratum
847 883 880 944 et
896 879 1021 944 firmum
1040 883 1238 963 permaneat,
1258 877 1301 942 ad
1317 873 1517 942 instanciam

386 1007 518 1076 precum
542 987 718 1054 eorundem
744 985 880 1052 fratrum
903 989 1088 1071 presentem
1105 985 1262 1069 paginam
1289 983 1393 1051 nostri
1412 982 1521 1066 sigilli

388 1095 589 1182 appensione
605 1095 791 1162 roboratam
816 1093 979 1160 conscribi
996 1091 1133 1158 lenimus
1148 1093 1195 1158 rei
1214 1099 1307 1177 geste
1324 1089 1520 1158 memoriam

388 1203 617 1286 continentem,
642 1221 730 1269 anno
755 1200 888 1266 Domini
913 1195 1085 1266 bl⁰CC⁰L⁰
1101 1199 1233 1283 quinto,
1260 1215 1371 1264 mense
1396 1199 1520 1282 blay03

387 1311 539 1378 'l'ristano
556 1311 707 1396 Contere,
734 1307 905 1376 Theodoro
921 1305 1073 1387 Custode,
1090 1307 1284 1374 Wenoezlao
1301 1308 1449 1391 Deeano,
1470 1325 1522 1372 ee-

387 1419 530 1503 terisque
546 1417 791 1504 quampluribus
807 1415 928 1482 ibidem
944 1414 1170 1484 existentibus.
1190 1416 1309 1482 Datum
1329 1433 1389 1502 per
1398 1435 1520 1482 manna

386 1525 537 1610 Magistri
552 1525 640 1592 Petri
656 1523 801 1592 Leetoris
818 1521 1189 1606 Quinqueeoelesiensis.

387 1723 526 1794 (Erodetie
536 1721 711 1790 bdrlrdrtyaim
722 1723 833 1788 melyrtil
843 1737 861 1772 a
873 1719 1004 1787 katptalan
1016 1717 1137 1786 poesdtje
1145 1716 1393 1786 sarge-violassinti
1403 1719 1521 1784 selyem-

585 1811 711 1865 asindrorr
725 1812 802 1881 lttgg,
816 1810 925 1863 abudai
941 1811 991 1860 kir.
1002 1809 1124 1864 kamarai
1138 1805 1326 1875 levdltarban.)

920 2645 998 2713 293.

392 2845 521 2932 Ape'csu'
543 2847 756 2933 triptolonuak
782 2845 1050 2932 bizonynoiyteoole,
1077 2847 1159 2929 kopp
1177 2843 1257 2906 Pocb
1278 2865 1375 2907 comos
1405 2841 1525 2904 larcia't

394 2952 490 3018 Pensa
508 2954 659 3019 comesset
683 2955 808 3039 lecinrjcit
822 2977 861 3017 oz
877 2953 973 3039 arrpja
989 2951 1135 3016 Erszebot
1168 2953 1245 3013 aaron
1262 2950 1331 3014 aeli
1338 2950 1419 3033 joi-rai
1436 2948 1526 3012 drot·-

695 3067 793 3146 aejqe'ro
808 3065 897 3124 adano
912 3059 1093 3146 kiele'pltotte.
1113 3055 1210 3128 1255.

498 3258 600 3325 Jurko
615 3260 801 3344 Propositus
812 3256 1200 3344 Quinque-Eeelesiensis
1219 3257 1432 3342 ejusdemque
1450 3257 1520 3324 loni

392 3365 590 3450 Capitulum,
605 3365 754 3434 omnibns
769 3385 902 3451 presens
918 3354 1073 3450 seriptum
1089 3364 1297 3431 sernentibus
1320 3365 1465 3431 salutern
1488 3365 1524 3430 in

393 3472 542 3540 Domino.
559 3472 611 3538 Ad
622 3473 845 3541 uniuersorum
855 3471 1008 3538 notieiam
1025 3480 1136 3540 tenore
1151 3470 1354 3558 presencium
1364 3472 1524 3539 volumus

393 3581 583 3668 pervenire:
607 3581 693 3664 qnod
710 3580 855 3648 seeunda
869 3578 953 3646 seria
978 3581 1128 3666 proxima
1144 3587 1220 3666 post
1239 3579 1448 3647 Dominieam
1467 3579 1526 3647 Ju-

393 3689 476 3776 dioa,
504 3687 636 3756 domina
652 3688 752 3755 Lucia
779 3689 846 3754 tilia
871 3689 1034 3773 quondam
1050 3691 1157 3758 Pouse
1173 3689 1309 3758 Comitis
1337 3691 1395 3777 filij
1413 3691 1528 3774 Naue,

393 3806 471 3866 nota
486 3795 580 3864 nobis
597 3809 747 3884 persona,
773 3817 831 3882 per
846 3796 1004 3881 quosdam
1030 3801 1175 3866 homines
1199 3805 1339 3887 nostros,
1365 3797 1527 3866 videlicet

393 3925 452 3992 per
468 3907 682 3973 Veneeslanm
706 3907 874 3973 Deeannm
900 3913 1054 3992 nostrum,
1074 3915 1107 3976 et
1121 3909 1215 3996 alios,
1239 3908 1357 3974 relicta
1378 3907 1527 3974 Weobsb

391 4015 448 4100 filij
475 4013 590 4082 Weioh
616 4015 800 4100 degenere
825 4015 968 4102 Csanad‚
996 4037 1059 4083 una
1085 4037 1157 4083 oum
1182 4017 1332 4083 Jobanne
1357 4015 1425 4084 lilio
1454 4037 1529 4100 sno,

394 4141 504 4190 eoram
529 4128 653 4188 statuta
668 4123 702 4189 in
728 4129 841 4190 nostra
866 4125 1037 4210 presencia
1062 4123 1215 4193 contessa
1239 4131 1298 4209 ost,
1325 4144 1425 4212 snper
1447 4123 1530 4192 dote

392 4227 507 4297 matris
523 4249 581 4297 sne
606 4229 736 4298 domine
752 4229 923 4298 Elisabeth
945 4232 1015 4298 lilia
1031 4233 1194 4317 quondam
1210 4233 1298 4301 Poolr
1315 4231 1470 4318 Comitia,
1497 4243 1529 4302 et

392 4357 498 4404 rerum
515 4339 655 4405 omnium
667 4359 775 4406 seeum
792 4337 956 4408 addietum
967 4341 1054 4408 Poeh
1065 4340 1222 4408 Comitem
1243 4346 1529 4428 transponamur,

391 4465 451 4512 neo
466 4465 532 4512 non
547 4453 580 4512 et
595 4466 693 4533 super
707 4453 826 4530 quarta
841 4446 988 4532 ejusdem
1004 4447 1134 4514 domine
1151 4449 1262 4533 Luoie,
1287 4469 1310 4514 a
1324 4447 1431 4524 nobili
1455 4454 1530 4522 viro

392 4551 491 4616 Narra
505 4551 630 4620 Cornite
648 4555 714 4623 lilio
730 4556 868 4623 nondam
883 4558 989 4624 Pouse
1004 4555 1139 4624 Comitis
1156 4557 1275 4624 ibidem
1301 4559 1450 4644 presenti
1468 4581 1529 4638 un·

393 4659 499 4722 deoim
515 4661 636 4730 mareis
653 4661 694 4726 de
709 4667 846 4750 argento
858 4664 926 4754 jam
942 4665 1083 4759 receptis
1102 4665 1149 4731 ita
1163 4665 1312 4750 plenarie
1338 4663 1446 4733 tuisse
1465 4671 1532 4740 sibi
