3148 5156
789 295 954 398 „Q

306 499 412 586 posite
431 496 600 584 ospitales,
620 513 681 580 que
698 493 877 578 distingunt
898 498 931 559 et
946 495 1103 578 separant
1115 497 1235 558 terram
1252 491 1380 559 Messes
1395 490 1440 557 de

305 615 395 676 terra
410 605 554 684 Chenlre,
581 609 615 670 et
631 601 672 670 de
689 611 778 670 terra
794 601 942 687 Zolkod5
959 601 1096 688 postheo
1111 599 1204 666 vadit
1223 619 1338 668 versus
1354 601 1439 667 eooi-

306 713 447 797 deniem,
464 711 634 798 perueniat
650 709 694 776 ad
711 709 877 794 quandam
893 727 1011 775 venam
1027 721 1106 776 veter·
1121 714 1354 794 nuncupatam,
1373 727 1438 791 que

307 823 374 889 exit
390 819 432 888 de
437 822 615 907 feqoetetoo
630 824 663 886 et
679 817 770 886 vadit
785 837 901 885 versus
918 815 1096 912 meridiem,
1123 836 1186 902 que
1206 816 1332 886 seilicet
1350 836 1439 884 vena

308 951 373 998 non
389 935 512 995 remote
537 923 643 994 eundo
660 925 701 992 de
717 923 791 1012 ipsa
797 926 974 1012 fepoewmo
989 923 1145 991 diuiditur
1160 924 1194 991 in
1213 925 1295 992 duaa
1313 929 1436 1010 parles,

306 1057 372 1104 vna
396 1055 507 1103 earum
523 1033 616 1102 vadit
631 1053 745 1102 versos
762 1032 940 1118 meridiem,
967 1032 1080 1098 etalio
1096 1052 1210 1100 versus
1233 1033 1437 1100 oeoidentem

305 1179 349 1194 -
364 1179 409 1194 «-
424 1182 469 1193 -
483 1181 527 1192 --
544 1140 689 1210 eiusdem
705 1161 788 1208 vene
804 1147 856 1208 est
870 1147 958 1209 meta
973 1147 1100 1225 terrea,
1118 1140 1235 1208 exinde
1254 1139 1361 1208 eundo
1377 1161 1436 1226 per

306 1274 405 1320 vnum
422 1272 546 1320 ramum
571 1250 698 1338 prefate
713 1268 795 1316 vene
812 1249 854 1316 ad
879 1248 1079 1317 ooeidentem
1095 1269 1154 1336 per
1178 1249 1317 1334 spinam,
1345 1249 1436 1316 etde

307 1361 382 1448 ipsa
397 1360 494 1446 syloa
509 1357 649 1427 exiendo
666 1357 710 1426 ad
727 1377 876 1444 eampum
892 1356 1086 1442 perbonam
1102 1357 1250 1444 spacium
1267 1357 1386 1442 eundo,
1402 1365 1436 1426 et

307 1469 423 1536 eadem
447 1487 531 1536 vene
556 1467 636 1536 salit
650 1471 744 1534 extra
768 1466 812 1532 ad
837 1465 1047 1550 decidentem,
1074 1467 1242 1553 perueniet
1266 1465 1311 1534 ad
1337 1485 1436 1534 vnam

307 1582 425 1646 metam
449 1573 615 1662 lapideam
635 1573 828 1662 eapitalem,
853 1591 918 1656 que
942 1581 1077 1660 separat
1100 1581 1220 1642 terram
1245 1576 1374 1644 Mesees
1394 1572 1436 1640 de

307 1692 395 1756 terra
420 1684 595 1766 Koresios,
629 1679 749 1748 deinde
774 1679 866 1748 vadit
891 1700 1004 1749 versus
1031 1683 1233 1750 ooeidentom
1258 1683 1292 1750 in
1318 1683 1436 1751 eodem

308 1811 424 1876 eampo
439 1789 608 1876 perueniet
622 1786 667 1854 nd
681 1787 815 1861 fluuium
825 1786 969 1874 Budrug,
986 1795 1019 1854 et
1034 1788 1126 1856 iuxta
1139 1789 1272 1856 flnrrinm
1284 1809 1325 1855 ex
1341 1797 1436 1875 perte

308 1896 514 1966 meridionali
530 1903 582 1963 est
597 1903 685 1963 meta
708 1915 808 1982 snper·
822 1897 971 1964 arborem
992 1897 1104 1982 populi
1129 1898 1240 1964 innota
1259 1897 1320 1964 sibi
1347 1905 1436 1964 meta

307 2015 433 2090 terrea,
461 2003 580 2072 deinde
594 2004 682 2090 salyt
697 2004 783 2072 vltra
807 2003 930 2072 direete
954 2023 1013 2090 per
1037 2004 1143 2092 ipsum
1168 2005 1313 2092 fluuium,
1339 2013 1373 2073 et
1388 2006 1435 2072 ibi

309 2136 412 2202 prope
427 2115 532 2202 ipsum
548 2112 682 2180 fluuium
707 2117 859 2199 exparte
875 2112 1072 2181 oeeidentali
1088 2119 1138 2180 est
1154 2121 1242 2181 meta
1266 2133 1365 2200 super
1383 2136 1435 2181 ar·

309 2223 421 2290 horem
438 2220 524 2288 ilieis
539 2241 612 2288 eum
628 2219 723 2304 signo
740 2219 845 2287 erneis
860 2221 1001 2306 signata,
1018 2221 1079 2308 sub
1096 2239 1163 2305 qua
1178 2241 1220 2288 ex
1235 2229 1329 2308 perte
1348 2222 1435 2290 oeei-

309 2329 434 2397 dontali
459 2335 510 2397 est
525 2335 613 2396 mete
628 2333 755 2412 terree3
782 2327 900 2394 deinde
924 2329 1042 2396 transit
1061 2349 1119 2416 per
1135 2329 1263 2416 syluam
1288 2328 1331 2397 ad
1351 2331 1434 2398 oeoi-

308 2437 448 2522 dentem,
474 2443 506 2504 et
521 2435 691 2524 perueniet
715 2433 758 2500 ad
774 2457 934 2522 eampum,
961 2443 993 2504 et
1009 2439 1043 2505 in
1068 2437 1174 2504 medio
1199 2436 1302 2524 ipsius
1326 2439 1435 2522 campi

308 2551 359 2612 ert
377 2551 463 2612 meta
479 2545 612 2633 lapidea
638 2545 790 2632 ospitalis
807 2545 866 2611 snb
883 2543 1025 2629 quadam
1049 2547 1166 2613 arbore
1182 2545 1267 2613 ilieis
1283 2565 1325 2613 ex
1341 2551 1436 2632 parte

308 2652 502 2722 ooeidentali
528 2653 639 2719 innota
665 2651 729 2718 sibi
753 2657 840 2718 meta
864 2657 970 2718 terrea
981 2702 990 2735 ,
1027 2671 1090 2736 qne
1115 2651 1286 2736 distinguit
1313 2659 1435 2718 terram

308 2761 417 2826 Mones
435 2759 476 2826 de
489 2759 760 2844 perroderetur,
781 2757 916 2844 postheo
930 2757 1023 2824 vadit
1038 2755 1161 2824 directe
1176 2757 1220 2824 ad
1236 2758 1435 2825 oeoidentem

309 2886 368 2952 per
392 2867 466 2933 loea
482 2865 627 2950 sylnosa,
655 2863 825 2951 perueniet
840 2863 884 2930 ad
901 2864 997 2950 viam,
1024 2886 1088 2950 que
1103 2867 1213 2934 veniet
1233 2866 1274 2933 de
1291 2867 1383 2952 Zegy
1402 2872 1436 2932 et

308 2973 401 3040 vadit
417 2973 461 3040 ad
476 2974 611 3059 Messes,
629 2979 661 3038 et
676 2973 710 3040 in
726 2973 801 3060 ipsa
814 2975 868 3041 via
883 2974 989 3042 eundo
1005 2975 1049 3042 ad
1065 2977 1326 3062 septemtrionem
1346 2975 1436 3042 eadit

308 3081 343 3146 in
359 3079 522 3164 quendam
536 3079 676 3147 rinnlnm
692 3082 963 3170 Derezneipotaka
979 3089 1211 3172 nuncupatum,
1236 3083 1269 3150 in
1286 3103 1350 3168 quo
1365 3082 1435 3169 qni-

309 3187 384 3255 dem
399 3187 504 3255 riuulo
520 3188 626 3254 eundo
650 3188 693 3255 ad
709 3188 910 3257 oeeidentem
927 3209 1028 3274 voque
1044 3190 1087 3256 ad
1108 3191 1268 3275 originem
1287 3191 1436 3258 eiusdem

310 3293 417 3378 rinnli,
442 3300 475 3360 et
487 3291 692 3364 aseendendo
709 3295 902 3380 pervellem
919 3294 1057 3364 eandem
1074 3297 1118 3364 ad
1133 3296 1298 3364 excelsum
1315 3297 1436 3365 montis

309 3403 478 3490 perueniet
492 3401 535 3468 ad
551 3403 639 3468 viam
656 3401 832 3487 quandam,
858 3423 920 3488 qne
937 3405 1046 3472 veniet
1062 3405 1103 3472 de
1118 3404 1195 3472 Mad
1212 3413 1246 3473 et
1260 3405 1353 3473 vadit
1366 3427 1435 3472 ver·

309 3529 366 3578 sos
381 3509 499 3593 lienes,
524 3509 618 3576 iuxta
633 3528 731 3592 quem
748 3529 788 3576 ex
804 3517 899 3598 parte
921 3512 1128 3580 meridionali
1145 3519 1196 3580 est
1212 3520 1298 3582 mete
1317 3521 1434 3595 terrea,

310 3623 343 3684 et
357 3638 397 3685 ex
423 3622 517 3704 parte
540 3617 798 3704 septemtrionali
823 3627 874 3686 est
898 3629 986 3688 mete
1000 3621 1133 3707 lapidee
1156 3642 1259 3708 prope
1284 3622 1436 3690 arborem

309 3723 395 3791 ilieis
420 3745 492 3792 enm
519 3724 615 3810 signo
641 3727 745 3794 erneis
769 3727 951 3813 signatam
978 3728 1096 3795 deinde
1122 3728 1296 3796 reflectitur
1320 3747 1437 3796 versus

310 3833 584 3920 septemtrionem,
600 3839 633 3900 et
645 3833 733 3900 eadit
747 3835 791 3901 ad
806 3835 926 3903 vollem
942 3855 1001 3903 seu
1017 3836 1176 3922 originem
1190 3837 1326 3904 alterius
1343 3837 1437 3922 ilnuij

310 3941 600 4029 Feooenyespatoko
614 3941 804 4030 nuncupati,
828 3943 862 4010 in
882 3961 946 4026 quo
963 3943 1117 4012 videlieet
1139 3944 1245 4012 muulo
1260 3947 1437 4034 Feouenpes

310 4047 479 4116 deseendit
494 4049 535 4116 de
560 4051 722 4119 montibus
738 4057 770 4118 et
786 4052 875 4119 eadit
890 4052 934 4118 ad
960 4051 1093 4120 fluuium
1112 4055 1377 4142 Messespatoka‚
1403 4063 1437 4121 et

310 4153 344 4220 in
359 4154 431 4241 ipso
442 4155 541 4224 fluuio
557 4158 663 4226 eundo
673 4157 717 4226 ad
733 4167 844 4247 partes
860 4161 1089 4229 meridionales
1100 4162 1269 4249 perueniet
1284 4163 1328 4229 ad
1338 4182 1436 4247 quen·

310 4259 386 4328 dam
401 4262 517 4346 losum,
534 4264 589 4332 vbi
604 4266 737 4350 qnidam
754 4268 878 4338 riuulos
893 4270 1024 4337 nomine
1034 4271 1283 4356 Magitapatake
1299 4272 1434 4338 veniens

311 4388 352 4433 ex
367 4376 459 4455 parte
473 4375 729 4460 septemtrionali
747 4377 836 4444 eadit
850 4377 884 4445 in
901 4377 1007 4465 ipsum
1024 4378 1157 4446 fluuium
1168 4381 1304 4467 Messes,
1320 4379 1354 4446 in
1370 4401 1434 4464 quo

310 4475 440 4557 quidem
458 4479 529 4548 loeo
554 4485 643 4568 salpi
657 4490 751 4552 extra
766 4487 808 4552 de
823 4485 922 4556 fluuio
938 4490 1063 4558 Messes
1080 4488 1123 4556 ad
1143 4497 1270 4574 partem
1294 4489 1432 4556 orienta-
1484 4573 1489 4582 ὓ

310 4584 385 4668 lem,
411 4591 444 4650 et
458 4585 547 4655 eadit
561 4589 603 4655 ad
620 4591 717 4675 viam,
743 4613 807 4676 que
822 4595 931 4663 veniet
957 4595 998 4662 de
1014 4597 1126 4682 Benye
1152 4604 1185 4664 et
1203 4598 1294 4666 vadit
1318 4617 1433 4666 versus
