3112 5148
888 310 954 376 124

361 511 394 573 et
410 506 513 572 maior
529 506 661 574 tristitia
686 527 741 575 cor
755 513 901 575 nostrum
924 507 1080 595 implevit,
1106 527 1169 591 quo
1192 511 1226 574 in
1251 504 1323 592 ipso
1342 499 1489 588 purioris

359 633 438 697 erga
449 616 553 680 Deum
572 620 604 680 et
613 616 837 701 Apostolicam
847 616 965 684 Sedem
981 617 1079 700 signa
1093 614 1277 683 devotronis
1292 610 1488 689 invenimus,

360 739 424 803 quo
440 724 528 790 clare
549 724 702 792 memorie
725 726 832 809 Reges
857 724 1004 810 Ungarie
1027 730 1059 790 et
1083 721 1328 789 Excellenoiam
1349 718 1491 802 Regiam

358 831 391 896 in
418 829 618 916 exequendis
634 832 781 899 Ecclesia
806 832 1022 919 beneplacitis
1047 850 1121 898 esse
1136 831 1285 897 novimus
1310 823 1490 914 promptio-

360 958 422 1006 res.
439 938 584 1005 Firmam
600 940 699 1024 igitur
715 941 856 1026 spemin
872 940 929 1008 illo
946 947 1116 1026 ponentes,
1132 939 1188 1023 qui
1209 936 1271 1003 etsi
1286 935 1369 1019 Regi
1385 933 1491 1016 Assy-

359 1046 479 1112 riorum
495 1049 694 1115 Senacherib
718 1050 855 1116 liberum
872 1050 906 1114 in
932 1057 1052 1117 terram
1067 1047 1201 1115 Israelis
1229 1047 1415 1132 ingressum
1435 1062 1489 1110 ex-

359 1152 472 1238 hibuit,
489 1175 586 1240 super
602 1157 740 1223 Ezechie
764 1163 872 1223 tamen
888 1155 1081 1224 contritione
1105 1158 1294 1236 commotus,
1321 1149 1489 1217 adversio·

360 1281 430 1326 rum
446 1263 681 1331 multitudinem
697 1271 790 1331 nocte
801 1285 866 1330 una
876 1263 1014 1348 delevit,
1034 1261 1232 1330 fraternitati
1242 1267 1296 1326 tue
1312 1260 1346 1326 in
1362 1259 1487 1324 virtute

360 1368 546 1438 obedientie
563 1371 708 1440 districte
724 1371 935 1460 precipiendo
953 1371 1154 1454 mandamus,
1172 1376 1407 1453 quatenusper
1424 1365 1491 1431 Un-

360 1480 487 1560 gariam
505 1485 536 1546 et
552 1480 677 1547 vicinas
693 1479 885 1548 Provincias
901 1479 1033 1546 verbum
1060 1478 1164 1546 crucis
1180 1479 1273 1544 iuxta
1295 1476 1408 1542 datam
1427 1475 1491 1540 tibi

361 1605 381 1650 a
397 1587 468 1653 Deo
484 1587 690 1672 prudentiam
707 1593 806 1672 perte
822 1607 862 1652 ac
878 1585 970 1670 alios,
993 1605 1075 1670 quos
1084 1585 1128 1650 ad
1138 1585 1198 1650 hoc
1214 1583 1348 1650 idoneos
1367 1600 1491 1664 cogno-

360 1691 446 1758 veris
457 1712 540 1779 esse,
551 1713 747 1784 proponens,
766 1693 854 1760 viros
866 1691 1062 1776 Catholicos,
1080 1699 1114 1758 ut
1127 1689 1382 1772 considerantes,
1400 1689 1493 1771 quod

361 1799 445 1865 siout
465 1821 486 1866 a
503 1801 597 1868 dictis
614 1801 761 1868 Tartaris
777 1800 877 1868 totins
894 1799 1008 1886 populi
1023 1797 1201 1864 Christiani
1217 1794 1356 1883 perditio
1382 1796 1491 1879 queri-

360 1913 422 1992 tur,
441 1907 538 1973 sicin
554 1928 664 1975 eorum
680 1908 921 1995 expugnatione
944 1907 1035 1974 salus
1049 1904 1191 1973 omnium
1215 1909 1432 1990 procuratnr;
1459 1909 1493 1969 et

362 2013 561 2082 confidentes
577 2016 611 2082 in
626 2018 692 2102 illo,
710 2018 765 2100 qni
782 2017 909 2082 salvom
926 2013 1007 2081 iacit
1022 2014 1178 2100 populum
1194 2011 1349 2078 humilem
1368 2016 1401 2076 et
1418 2031 1495 2078 ocu-

362 2121 427 2186 lum
454 2120 603 2189 humiliat
628 2130 853 2210 arrogantem,
885 2121 928 2188 ad
955 2120 1177 2188 defensionem
1201 2117 1306 2204 Regni
1336 2117 1494 2204 predicti,

363 2238 530 2316 assumpto
547 2233 651 2297 crucis
677 2232 848 2316 signaculo
864 2237 1014 2316 potenter
1039 2239 1071 2296 et
1087 2227 1226 2294 viriliter
1242 2245 1279 2292 se
1303 2226 1496 2312 accingant,

364 2337 564 2405 salutaribus
590 2338 720 2407 monitis
740 2339 893 2406 inducere
908 2358 972 2406 non
988 2343 1178 2424 postponas.
1203 2335 1271 2402 Nos
1287 2333 1374 2399 enim
1389 2333 1497 2400 omni·

363 2445 433 2530 bus,
460 2447 515 2529 qui
533 2445 641 2514 taliter
666 2453 780 2515 contra
803 2445 946 2534 prefatos
962 2447 1120 2512 Tartaros
1145 2441 1371 2530 processerint,
1397 2442 1497 2509 illam

362 2554 597 2621 immunitatem
609 2554 815 2623 concedimus
826 2571 963 2638 eamque
973 2549 1210 2636 indulgentiam
1220 2549 1411 2634 elargimur,
1432 2570 1499 2632 que

362 2668 447 2729 terre
463 2663 599 2731 Sanctes
616 2665 856 2732 occurrentibus
870 2665 904 2730 in
921 2662 1076 2730 Generali
1092 2659 1237 2727 Concilio
1260 2657 1498 2726 conceduntur.

364 2769 399 2833 Si
416 2771 558 2853 quivero
575 2770 870 2857 exOruoesignatis
890 2767 1077 2836 huiusmodi
1087 2788 1145 2854 pro
1162 2767 1307 2834 violenta
1315 2764 1500 2836 iniectione

363 2897 516 2944 manuum
532 2879 566 2944 in
581 2897 738 2966 personas
754 2879 1005 2962 ecclesiasticas,
1023 2897 1080 2944 seu
1096 2897 1156 2962 pro
1171 2876 1337 2960 incendio,
1358 2875 1497 2946 vinculo

364 2985 483 3052 luerint
498 2989 839 3057 excommunicationis
860 2987 1003 3072 astricti,
1030 2986 1088 3070 eis,
1115 2984 1288 3054 dummodo
1312 2984 1442 3052 iniuria
1468 2993 1502 3052 et

365 3093 508 3181 dampna
523 3097 632 3183 passis
657 3096 748 3162 iuxta
767 3093 1007 3182 providentiam
1032 3100 1123 3160 tuam
1139 3092 1344 3160 satisfaciant
1368 3112 1504 3180 compe·

364 3208 480 3289 tenter,
507 3210 540 3270 et
565 3226 629 3272 non
655 3205 698 3270 sit
722 3223 833 3270 eorum
858 3203 942 3270 adeo
969 3201 1083 3287 gravis
1108 3207 1140 3268 et
1159 3201 1298 3268 enormis
1326 3220 1504 3284 excessus,

366 3311 453 3396 quod
478 3321 611 3399 propter
634 3312 695 3380 hoc
722 3313 836 3380 merito
861 3311 926 3378 sint
941 3311 984 3376 ad
1008 3309 1127 3377 Sedem
1147 3309 1373 3396 Apostolicam
1401 3309 1507 3378 desti-

365 3419 477 3506 nandi,
493 3420 671 3488 seeundum
687 3421 824 3489 formam
839 3419 989 3487 Ecclesia
999 3416 1215 3486 absolutionis
1234 3417 1434 3485 beneficium
1447 3421 1507 3486 im·

364 3531 529 3614 pendendi
545 3530 682 3597 liberam
707 3529 769 3596 tibi
785 3527 956 3595 tribuimus
972 3527 1173 3593 facultatem.
1200 3527 1320 3592 Datum
1337 3525 1507 3596 Laterani

365 3638 452 3706 XVI.
470 3637 631 3706 kalendas
648 3639 668 3705 J
671 3638 739 3723 ulii,
757 3637 983 3725 (Pontificatus
999 3633 1117 3724 nostri)
1135 3656 1220 3702 anno
1235 3636 1308 3702 XV.

699 3835 828 3902 (Tlreiner
840 3835 876 3888 td.
890 3851 924 3886 nr.
939 3837 960 3886 1.
974 3837 1031 3888 ket.
1047 3835 1107 3885 184.
1120 3834 1150 3902 1.)
