3148 5156
543 321 695 422 ...aa

69 517 274 604 satisfactum,
292 518 379 602 quod
397 537 458 587 ncc
473 518 547 604 ipsa
562 516 697 584 domina
712 516 824 602 Lucia,
840 535 900 583 uec
920 515 1089 582 lohannes
1105 515 1191 584 filius

70 629 133 694 cius
147 633 351 714 prenotatur,
376 645 437 694 nec
452 625 538 692 alins
555 624 596 692 de
622 623 838 709 generacione
853 620 1041 706 eorundem,
1068 621 1190 709 dotem,

69 742 219 822 quartam,
237 742 272 802 et
286 753 339 802 res
355 733 563 822 supradictas
579 738 731 820 poterunt
747 731 788 798 de
804 737 912 798 cetero
926 729 1099 814 requirere.
1121 732 1190 799 Nos

70 851 169 910 summ
186 841 439 910 adinstanciam
449 839 537 909 dicte
553 841 682 906 dominc
693 840 792 908 anie
802 847 835 907 et
850 839 910 926 lilij
921 839 1070 924 ejusdem
1080 859 1191 924 supra-

68 951 148 1037 dicti,
164 951 293 1020 litteras
303 958 473 1038 presentes
485 951 586 1042 nostri
596 949 809 1035 apposicicne
820 947 923 1034 sigilli
934 948 1106 1016 roboratas
1116 968 1191 1017 con-

67 1059 161 1127 scribi
185 1057 323 1146 dignum
349 1057 501 1126 duximus
526 1058 561 1126 in
575 1043 763 1144 'supradicte
787 1055 1029 1126 satisfaccionis
1048 1057 1191 1124 testimo-

66 1169 151 1234 nium
166 1175 200 1235 et
216 1166 401 1252 munimem
418 1186 503 1234 anno
524 1163 657 1232 Domini
673 1163 847 1233 millesimo
863 1164 1088 1242 ducentesimo,
1100 1164 1192 1250 qnin-

65 1276 253 1360 quagesimo
269 1273 389 1358 quinto.
400 1273 553 1342 'l'ristano
563 1273 712 1358 cantora,
726 1271 899 1341 Theodoro
909 1271 1062 1360 Custode,
1073 1274 1192 1342 Romu-

68 1382 141 1451 aldo
157 1383 304 1467 Decano,
329 1381 513 1467 ceterisque
528 1399 625 1465 qnam
649 1379 799 1466 pluribus
825 1377 947 1446 ibidem
965 1379 1192 1448 existentibus.

64 1492 184 1556 Datum
196 1508 258 1574 per
268 1507 382 1556 manns
387 1487 538 1573 Magistri
547 1487 635 1556 Petri
642 1486 787 1556 hectoris
801 1484 1192 1572 Quinque-Ecclesiensis.

259 1685 356 1752 (Nehai
370 1683 517 1753 Rajcsanyi
530 1668 615 1738 luam
628 1685 743 1739 hbzirati
756 1684 1015 1754 gybjtcmanytbul.)

589 2419 665 2488 294.

66 2611 96 2668 Α
113 2605 243 2668 sacratui
266 2601 480 2688 hciptalonnak
504 2600 772 2687 bizonysdplevcle,
798 2625 818 2665 α
837 2600 898 2664 Pac
923 2601 1022 2666 Suari
1044 2622 1141 2664 coccea
1165 2623 1195 2663 cs

192 2710 362 2774 Barnabas
381 2705 552 2793 Gerepe'nck
559 2708 610 2791 fla
625 2707 707 2772 kdztc'
722 2707 955 2774 bictolesare'rdl.
972 2707 1068 2772 1255.

176 2906 246 2972 Nos
263 2903 450 2991 Capitulum
465 2902 612 2970 Ecclesia
627 2903 738 2970 Sancti
749 2902 919 2970 Michaelis
936 2903 976 2970 de
993 2903 1108 2972 castro
1123 2905 1198 2971 Fer-

70 3033 128 3078 rco
146 3019 257 3078 uotum
272 3011 411 3078 iacimus
428 3017 538 3077 tencre
554 3010 757 3096 presencium
773 3011 952 3099 vniue1·sis;
977 3011 1065 3097 quod
1081 3014 1197 3080 consti·

67 3118 149 3186 tntis
175 3139 285 3186 coram
311 3117 408 3187 nobis
433 3117 475 3184 ab
492 3137 558 3183 una
582 3123 676 3204 parte
696 3117 821 3186 comite
837 3120 941 3187 Paulo
967 3120 1035 3187 filio
1062 3119 1197 3188 Comitis

69 3227 173 3292 Secch
190 3226 231 3294 dc
250 3227 343 3313 Saar,
362 3235 394 3293 ct
410 3225 537 3293 Gemite
553 3225 708 3292 Bamaba
731 3225 797 3292 lilio
813 3223 940 3312 Geregc
956 3247 997 3294 ex
1014 3227 1137 3312 altera;
1164 3228 1197 3294 in

70 3334 337 3418 possessionibus
362 3353 473 3401 corum
498 3333 708 3418 hereditariis
733 3334 800 3400 tale
816 3332 900 3400 inter
922 3353 958 3400 se
974 3335 1197 3410 concambium

70 3442 189 3510 fecisse
204 3443 383 3509 retulerunt
401 3465 408 3507 :
425 3440 522 3521 Quod
538 3440 654 3509 Comes
670 3441 793 3508 Paulus
808 3442 1010 3529 proscriptus
1027 3443 1198 3511 uniuersas

68 3551 242 3634 porciones
257 3571 348 3637 suas,
374 3570 456 3636 quas
472 3550 586 3617 habuit
611 3551 645 3616 in
662 3549 924 3637 possessionibus
939 3551 1109 3637 Fanchlsa,
1133 3553 1198 3618 Ku-

68 3659 216 3744 chlolw,
234 3657 405 3745 Gelrynus,
422 3657 565 3744 Pynche,
582 3658 715 3726 Poauba
729 3664 864 3726 vocatas
881 3677 953 3724 cum
973 3659 1122 3726 omnibus
1141 3659 1198 3727 uti-

69 3767 218 3834 litatibus
234 3767 304 3835 suis
330 3771 363 3833 et
379 3766 589 3852 pertinencijs
605 3766 765 3834 vuincrsis
789 3768 882 3833 iuxta
897 3765 1030 3833 llunium
1046 3769 1130 3833 Sasu
1146 3786 1199 3832 uo·

68 3879 180 3941 catum
190 3874 281 3942 dedit
300 3880 333 3941 et
347 3874 478 3958 reliquit
494 3873 558 3960 ipsi
569 3873 687 3942 comiti
697 3873 849 3941 Barnabc
865 3879 896 3940 et
912 3872 1016 3959 ipsios
1024 3872 1198 3940 heredibus

70 3980 293 4068 heredumque
310 4002 441 4050 suornm
457 3983 701 4051 successoribus
714 3983 747 4049 in
758 3989 949 4068 perpetuom
960 3988 994 4048 ct
1004 3981 1198 4049 irreuccabi-

68 4089 149 4154 liter
157 4089 388 4176 possidendam
399 4090 483 4159 adeo
493 4091 601 4178 plene,
613 4096 679 4158 uta
689 4090 832 4158 dominio
843 4089 1060 4176 predictarum
1070 4109 1197 4176 posscs-

70 4195 200 4264 sionum
211 4218 248 4266 se
259 4206 378 4266 etsuos
389 4215 594 4266 successores
606 4197 744 4265 retraxit
754 4197 894 4264 omuino.
910 4197 1105 4267 Econuerso
1121 4218 1199 4266 uero

72 4301 165 4370 iden
174 4303 287 4374 domes
298 4305 469 4374 Barnabas
480 4305 629 4372 similiter
642 4307 814 4375 uniuersas
829 4305 1000 4391 porciones
1015 4325 1105 4391 snas,
1119 4327 1201 4391 quas

73 4407 206 4480 dicebat
220 4433 257 4480 re
272 4415 394 4482 hahere
411 4417 443 4482 in
455 4415 718 4500 possessionibus
733 4413 874 4498 blilrche,
891 4413 1109 4500 Puclustelek‚
1124 4415 1201 4500 Las,

74 4519 212 4600 Dycnus
236 4529 269 4588 et
284 4521 430 4607 Santnsy
445 4522 569 4591 uocatis
594 4523 797 4610 inpartibus
822 4522 907 4588 ultra
925 4521 1084 4607 Tychiam
1110 4525 1201 4590 iuxta

70 4623 239 4710 Beryliou
265 4649 338 4696 cum
355 4629 503 4698 omnibus
519 4629 716 4697 utilitatibus
743 4629 811 4696 suis
828 4626 874 4716 (et
890 4628 1113 4718 pertinenciis)
1134 4632 1201 4698 vni·
