3122 5154
801 353 955 459 AE...
1000 453 1004 458 ,

319 575 390 622 mus
415 557 541 622 litteras
556 553 720 642 dupplieis
735 556 836 643 sigilli
850 557 956 628 nostri
982 552 1158 623 munimine
1172 553 1355 624 roboratas.
1380 555 1449 621 Da·

318 673 385 732 tum
401 665 558 750 Zegedini
584 665 617 731 in
642 665 758 750 vigilie
773 666 926 753 Symonis
951 671 985 732 et
999 663 1085 731 Jude
1103 663 1333 750 Apostolorum
1357 681 1449 730 anno

319 774 451 842 Domini
467 773 638 843 millesimo
654 773 873 844 ducentesimo
889 772 1053 842 trioesimo
1068 793 1165 840 nono.

318 967 511 1040 (Bltrhtrtyhra
523 969 561 1026 r'rt
572 969 731 1040 ptltltuyrtl
744 989 762 1026 a
773 989 858 1026 neme.
878 987 1001 1026 museum
1014 965 1247 1034 henirattaribnu,
1264 969 1387 1038 melphen
1400 975 1451 1024 vit·

317 1067 360 1112 rte
373 1061 585 1127 selyemionalon
606 1061 811 1129 peosttttretlhh
824 1079 878 1116 vau
891 1064 1060 1129 fllggesatve,
1083 1062 1116 1112 tle
1129 1061 1201 1128 mely
1215 1077 1276 1114 uem
1289 1075 1322 1112 az
1334 1061 1452 1124 eredeti,

317 1150 422 1214 hauem,
442 1151 509 1201 mint
521 1146 628 1214 litszik,
648 1153 708 1204 XV.
720 1167 793 1220 vagy
806 1153 879 1205 XVI.
900 1147 1008 1204 snhuadi
1028 1147 1176 1218 kiadvtny.
1195 1151 1228 1204 V.
1241 1155 1266 1203 e.
1284 1148 1366 1216 Fejer
1379 1151 1450 1204 eod.

686 1240 758 1307 Dipl.
771 1241 818 1294 iv.
832 1243 888 1294 ket.
901 1243 923 1292 1.
938 1256 958 1292 r.
974 1241 1033 1294 1⁶8.
1046 1239 1076 1306 l.)

745 1530 1006 1550 μ·

848 2019 904 2087 49.

313 2199 334 2264 1
339 2200 372 2266 V.
389 2199 470 2265 Belo
486 2201 594 2286 tiroly
618 2221 675 2286 epp
690 2199 889 2267 hirtoleoeertt
905 2201 987 2289 Moy
1003 2199 1129 2288 hetyhen
1154 2205 1279 2268 teototre
1301 2201 1445 2267 Kdlmdn

312 2305 465 2395 patimini
478 2307 586 2394 kirtly
601 2311 634 2374 ets
647 2307 825 2375 ezhroom'oi
840 2309 968 2398 herczeg
983 2311 1144 2398 sDruprtn
1158 2309 1382 2396 Baylethutnalr
1388 2309 1445 2394 fio
1555 2367 1559 2374 .

780 2417 859 2482 lec'izt.
877 2419 974 2483 1239.

420 2616 489 2684 Nos
505 2615 692 2703 Stephanus
708 2613 832 2680 Dinina
856 2613 1068 2699 prouidentia
1087 2614 1271 2703 Episcopus
1287 2613 1444 2700 Zegrahi·

315 2722 402 2788 ensis
428 2728 460 2788 et
476 2723 581 2807 Regni
608 2723 782 2790 Solanonie
807 2719 958 2788 Vinarius
982 2719 1155 2790 Generalis
1180 2723 1332 2791 memorie
1356 2741 1443 2790 eom·

311 2829 503 2896 mendantes
528 2837 639 2897 tenore
662 2831 866 2915 presenoium
893 2829 1116 2917 significamus
1128 2881 1136 2914 ,
1163 2831 1281 2916 quihus
1306 2829 1444 2916 expedit

311 2936 483 3022 vuiuersis,
508 2936 596 3023 quod
612 2957 683 3006 eum
700 2935 870 3022 Georgius,
887 2939 1004 3006 Petrus
1020 2938 1175 3006 saoerdos
1190 2944 1223 3006 et
1237 2939 1362 3022 Bolete,
1379 2937 1441 3025 filij

312 3044 489 3129 Valentini,
514 3045 572 3129 filij
589 3047 757 3114 samsonis
782 3045 824 3112 de
840 3045 1077 3131 Kyristalielde
1102 3045 1248 3132 legitime
1268 3045 1442 3114 eitaoionie

313 3150 444 3221 modum
460 3153 676 3240 obseruando,
694 3153 865 3221 Nieolaum
880 3152 981 3220 filium
998 3152 1167 3240 Stephani,
1183 3153 1242 3239 filij
1264 3153 1441 3240 Laureneij

308 3259 356 3326 'de
370 3260 484 3327 eadem
500 3267 615 3328 eontra
625 3279 661 3328 se
677 3263 710 3327 in
722 3259 925 3347 presenciam
942 3261 1033 3346 olym
1043 3259 1230 3344 Leustaehij
1246 3259 1325 3327 dieti
1334 3260 1440 3345 Regni

312 3367 487 3437 Solanonie
502 3367 586 3435 Beni
610 3367 853 3454 predecessoris
878 3367 980 3436 nostri
997 3367 1210 3436 attraxissent
1233 3367 1268 3434 in
1294 3385 1442 3452 oaumm,

311 3479 450 3564 ipseque
476 3495 577 3545 eausa
604 3476 744 3545 diuersis
768 3477 1042 3564 prorogaoionom
1067 3475 1205 3545 oautelis
1230 3483 1263 3544 et
1290 3476 1442 3544 terminis

311 3585 610 3671 interuenientibus,
626 3585 735 3654 medio
748 3596 896 3672 tempore
919 3586 1042 3654 honore
1057 3583 1134 3652 dieti
1154 3586 1299 3652 Benatus
1318 3603 1359 3650 ex
1375 3585 1442 3654 Dei

312 3695 426 3781 grama
441 3701 475 3762 et
490 3693 612 3762 domini
627 3695 729 3763 nostrl
742 3694 842 3780 Regis
853 3695 1040 3763 deleeoioue
1055 3695 1089 3761 in
1105 3701 1251 3763 nostrum
1265 3712 1442 3780 personam

310 3801 602 3888 haussoendeudo,
618 3803 661 3870 ad
676 3811 846 3890 presentes
862 3812 999 3872 oetanas
1012 3801 1089 3870 lesti
1104 3803 1199 3870 Beati
1214 3800 1345 3868 Martini
1365 3821 1443 3869 oon-

309 3913 443 3982 iessoris
459 3911 595 3980 dilatiue
605 3913 746 3980 desento
762 3912 931 3998 extitisset,
951 3909 1166 3998 tandemipso
1182 3911 1318 3978 termino
1327 3929 1443 3978 ooour·

310 4026 403 4088 rente
419 4019 558 4109 predioti
575 4017 737 4104 Georgius
764 4027 797 4086 et
811 4022 926 4086 Petrus
942 4017 1097 4086 saeerdos
1122 4017 1179 4104 filij
1197 4017 1361 4085 Valentini
1378 4037 1442 4103 pro

311 4147 347 4196 se
371 4129 597 4214 personaliter,
626 4135 659 4195 et
674 4149 733 4215 pro
758 4127 905 4214 predioto
929 4127 1046 4196 Boleta
1071 4127 1171 4194 fratre
1194 4128 1338 4214 ipsorum
1365 4145 1443 4193 oum

312 4236 428 4302 litteris
451 4237 685 4323 proeuratorijs
701 4235 846 4323 Capituli
861 4235 1073 4303 Ghasmensis
1089 4235 1238 4301 Euelenie
1255 4235 1348 4300 iuxta
1363 4237 1442 4316 non-

312 4342 485 4409 tineneiam
502 4345 646 4431 priorum
673 4345 853 4411 litterarum
869 4349 1053 4412 nostrarum
1077 4342 1377 4430 prorogatoriarum
1393 4345 1445 4410 ad

310 4457 456 4519 nostram
461 4451 673 4536 judiciariam
682 4453 874 4520 aecedentes
884 4453 1098 4539 presenciam,
1109 4459 1224 4520 eontra
1234 4449 1374 4518 eundem
1384 4449 1445 4515 Ni-

312 4557 439 4624 oolaum
464 4557 565 4624 lilium
580 4561 739 4646 Stephani
764 4561 798 4628 in
813 4562 918 4646 figura
933 4561 1035 4628 nostri
1055 4559 1173 4646 judieii
1199 4557 1353 4626 dixerunt
1367 4575 1447 4644 pro

312 4661 462 4750 ponendo
478 4661 540 4730 isto
558 4663 672 4732 modo:
690 4667 776 4750 quod
792 4667 879 4734 idem
888 4668 1045 4738 Nieolaus
1062 4665 1148 4734 lilius
1162 4665 1319 4754 Stephani
1335 4683 1446 4750 quan-
