3134 5158
667 828 746 897 227.

26 1049 27 1116 ἔ
157 1008 174 1074 l
180 1009 208 1072 V.
226 1007 315 1074 Iaces
329 1009 418 1096 pcipe
435 1009 678 1096 upyanuzolcualc
693 1013 880 1098 mcqcnpedi‚
896 1014 977 1100 luoqy
992 1015 1045 1078 te'le'
1056 1015 1162 1081 iddten
1180 1017 1263 1082 melc-

385 1117 459 1202 9cbb
474 1117 595 1182 roboldo
610 1119 895 1185 dltdzlrddbeescnela
916 1120 1014 1186 1251.

249 1312 457 1382 Innocentius
474 1313 655 1405 Episcopus
681 1333 795 1384 seruus
819 1335 986 1384 seruorum
1001 1317 1063 1384 Dei
1079 1315 1207 1386 dilectis
1231 1317 1264 1386 in

146 1422 267 1490 Christo
284 1421 414 1490 filiabus
434 1471 441 1487 .
459 1471 467 1486 .
486 1469 493 1487 .
511 1421 688 1490 Abbatisse
713 1427 745 1490 el
762 1421 942 1492 Conuentui
959 1423 1148 1492 ilonialium
1163 1425 1263 1492 inclu-

144 1549 247 1598 sarum
263 1529 454 1615 Monasterij
480 1530 602 1598 Sancte
618 1530 786 1600 Elisabeth
813 1531 845 1598 in
861 1533 973 1618 Tyma
994 1532 1128 1600 Ordinis
1151 1532 1263 1600 Sancti

142 1638 291 1706 Damiani
307 1637 540 1723 strigoniensis
557 1639 707 1708 Diocesis
725 1639 862 1708 saluam
879 1645 912 1706 et
927 1639 1148 1726 Apostolieam
1165 1639 1261 1710 bene·

141 1745 319 1814 dictionem.
338 1746 457 1814 Diuinc
474 1746 675 1818 affluentiam
686 1747 819 1836 pietatis
835 1747 984 1815 habendo
1001 1747 1181 1834 prcoeulis,
1200 1768 1263 1836 que

24 1853 26 1920 J
139 1853 240 1939 nobis,
256 1853 335 1922 licet
345 1854 514 1940 inmeritis,
525 1874 635 1922 curam
646 1854 810 1944 generdis
820 1855 980 1922 commisit
989 1854 1146 1940 Ecclesia,
1162 1855 1262 1926 saluti

24 1961 25 1964 ’
138 1961 276 2030 omnium
288 1962 425 2030 libenter
435 1961 647 2050 intendimus,
665 1963 724 2032 sed
739 1963 868 2032 illorum
885 1962 1049 2050 precipue,
1065 1961 1261 2048 quiDiuinis

137 2069 290 2138 laudibus
317 2069 499 2156 frequenter
525 2069 708 2158 inuigilant,
735 2077 768 2137 et
782 2069 836 2157 pie
861 2069 928 2137 uite
944 2067 1051 2140 studio
1077 2069 1147 2140 sine
1165 2069 1261 2140 inter·

138 2178 290 2248 missione
316 2177 485 2246 desudant.
519 2178 675 2248 Exhibito
699 2179 859 2264 siquidem
885 2178 981 2246 nobis
1007 2184 1117 2248 uestra
1142 2179 1260 2268 peticio

134 2288 329 2376 continebat,
356 2287 546 2374 quodlicet
571 2287 671 2356 sitin
697 2285 861 2356 desiderio
888 2297 996 2355 uestro
1022 2288 1177 2356 continno
1201 2309 1261 2376 per

133 2395 342 2464 afflictionem
358 2397 467 2464 carnis
483 2396 651 2465 assiduam
669 2396 784 2466 mereri
803 2393 929 2482 premia
942 2394 1130 2480 beatorum,
1149 2402 1258 2464 temen

132 2501 297 2593 fragilitas
315 2513 424 2572 uestra
439 2524 504 2572 non
519 2503 647 2589 sufficit,
664 2503 750 2590 quod
766 2502 980 2571 intensionem
990 2500 1122 2587 trigoris
1138 2507 1259 2570 uestra·

134 2631 201 2678 mm
217 2612 366 2699 parcium
383 2611 453 2679 sine
469 2612 599 2680 incursu
615 2609 811 2682 discriminis
837 2609 998 2678 sustinere
1013 2609 1155 2696 possitis.
1173 2609 1259 2690 Quia

131 2739 206 2788 uero
222 2719 345 2786 decens
365 2727 398 2786 et
414 2721 546 2805 dignum
563 2740 636 2790 esse
656 2718 865 2808 dignoscitur,
890 2728 926 2788 ut
940 2716 1147 2806 prouidentia
1163 2717 1258 2786 Sedis

133 2827 323 2914 Apostolice
347 2827 549 2913 suffragante
565 2848 586 2894 a
602 2827 695 2896 uobis
720 2828 831 2912 iugum
847 2825 978 2895 Domini
1003 2845 1076 2893 cum
1095 2825 1258 2895 suauitate
1309 2862 1312 2868 ·

133 2936 255 3002 teratur
271 2959 279 3000 :
297 2955 356 3004 nos
373 2935 490 3004 uestris
505 2934 800 3023 supplicationibus
817 2939 995 3002 annuentes
1010 2933 1104 3003 uobis
1120 2934 1257 3003 auetori-

130 3052 195 3111 tate
220 3043 419 3132 presentium
444 3043 662 3130 indulgemus,
688 3049 801 3113 utnon
822 3044 971 3112 obstante
996 3043 1160 3112 contraria
1186 3063 1257 3112 con·

132 3152 306 3220 suetudine
332 3153 384 3220 uel
411 3158 531 3221 statmo
556 3153 659 3222 uestri
675 3151 817 3238 Ordinis,
841 3151 979 3220 durante
1004 3149 1189 3219 huiusmodi
1204 3151 1256 3218 iri·

129 3283 209 3347 gore
225 3260 273 3330 nti
289 3261 431 3348 pellibus
447 3263 549 3330 libere
566 3263 715 3332 ualeatis.
741 3260 832 3328 Nulli
848 3281 926 3346 ergo
943 3259 1073 3328 omnino
1092 3259 1256 3329 bominum

129 3369 227 3437 liceat
254 3371 343 3438 hane
367 3369 526 3456 paginam
549 3377 660 3440 nostre
690 3367 908 3438 concessionis
933 3367 1119 3453 intringere,
1147 3368 1255 3438 nelei

129 3496 210 3544 ausu
236 3478 415 3546 temerario
440 3478 613 3562 contraire,
637 3478 746 3563 Siquis
762 3483 871 3545 autem
887 3477 949 3544 hoc
965 3481 1160 3562 attemptare
1184 3495 1256 3564 pre-

23 3605 25 3650 :
127 3587 314 3674 sumpserit,
329 3585 590 3674 indignationem
607 3583 920 3674 OmnipotentisDci
937 3585 1151 3653 otBeatorum
1169 3583 1255 3652 Petri

23 3715 25 3778 u
130 3701 161 3761 ct
175 3695 275 3763 Pauli
288 3694 522 3782 Apostolorum
538 3691 609 3762 eius
628 3713 664 3762 sc
680 3691 807 3762 nouerit
821 3691 1030 3760 incursurum.
1051 3692 1173 3758 Datum
1191 3691 1255 3756 Me·

23 3785 25 3876 Ῐ
127 3803 254 3874 diolani
271 3802 426 3872 kalendis
442 3801 643 3892 Septembris
659 3800 868 3870 Pontificatus
885 3800 986 3868 nostri
1001 3818 1086 3866 anno
1102 3817 1197 3867 nono.

128 4005 264 4067 (Eredetie
278 3999 455 4071 bb'rblrtyin,
470 4003 582 4072 melyriil
595 4019 612 4054 a
624 4001 696 4074 plpa
709 3999 900 4069 dlompecsdtje
914 3994 1089 4065 soros-drgo
1103 3998 1254 4065 selyemnsi·

344 4093 430 4148 nbron
441 4095 517 4163 filgg,
531 4109 549 4147 a
560 4093 644 4147 budsi
655 4093 705 4147 kir.
719 4093 840 4146 sammai
850 4083 1039 4159 levdltlrban.)

557 4377 822 4396 Μ
