3134 5158
871 953 949 1020 att.

353 1143 375 1207 Ι
380 1141 414 1209 V.
441 1141 531 1210 Inczc
551 1140 640 1226 pcipe
666 1162 686 1202 α
704 1136 819 1224 ja'drci
842 1134 980 1199 &ssimi
1004 1134 1202 1221 crepitappja,
1225 1134 1308 1220 hopy
1333 1135 1478 1202 studens

502 1247 618 1332 ja'drct'
632 1245 728 1310 ndaelc
742 1244 873 1309 hosonio
880 1241 1056 1328 felmente'et
1072 1242 1175 1326 adjou.
1202 1239 1299 1306 1253.

457 1442 666 1510 Innocentius
682 1439 865 1528 Episcopus
890 1457 1005 1506 seruus
1021 1455 1188 1506 seruorum
1206 1437 1268 1506 Dei
1292 1441 1477 1508 venerabili

352 1552 445 1619 fratri
457 1601 465 1618 .
479 1602 486 1617 .
499 1601 506 1617 .
518 1550 772 1638 Archicpiscopo
783 1549 803 1616 J
806 1548 937 1616 aduensi
948 1548 1088 1614 salutem
1099 1554 1131 1614 et
1140 1548 1365 1635 Apostolicam
1381 1550 1478 1617 bene·

349 1659 513 1727 dictinem.
538 1659 602 1728 Pro
619 1665 714 1745 parte
740 1657 857 1726 dilecte
883 1657 917 1722 in
933 1654 1063 1724 Christo
1079 1653 1145 1722 filie
1161 1656 1310 1724 Prodane
1327 1657 1475 1724 mulieris

347 1767 517 1836 Jsdrensis
531 1767 592 1834 fuit
608 1766 809 1854 propositum
826 1785 935 1832 coram
951 1764 1057 1850 nobis,
1079 1763 1166 1849 quod
1191 1783 1264 1832 cum
1289 1767 1474 1834 Damianus

347 1873 448 1942 irater
471 1881 504 1943 et
528 1873 661 1962 quidam
686 1873 745 1940 alii
771 1870 1007 1957 consanguinei
1032 1870 1112 1957 cius,
1139 1869 1214 1958 ipsa
1241 1873 1475 1962 consentiente,

347 1981 434 2068 quod
459 1982 596 2050 eandem
621 1979 788 2050 traderent
812 1981 846 2048 in
871 1997 1005 2048 uxorem
1029 1978 1098 2044 viro
1124 1979 1210 2046 laico
1235 1980 1411 2069 Judrensi,
1444 1991 1476 2052 et

347 2091 438 2177 ipse,
464 2089 551 2174 quod
577 2110 651 2157 cam
677 2090 710 2154 in
735 2107 867 2155 uxorem
892 2087 1068 2174 reciperet,
1095 2086 1309 2176 iuravissent3
1338 2089 1475 2162 taudem

346 2197 481 2264 muliere
497 2204 531 2264 et
545 2197 630 2264 luico
646 2195 802 2282 predictis
828 2195 1014 2262 nolentibus
1030 2193 1230 2262 adinvicem
1252 2198 1476 2267 matrimonia

347 2303 423 2372 litor
449 2305 605 2391 copulari,
637 2302 725 2371 dicta
751 2303 865 2370 mulier
890 2323 963 2370 cum
988 2303 1104 2370 Preste
1129 2302 1201 2370 cire
1225 2305 1390 2393 Jadrensi,
1418 2309 1476 2392 qui

346 2411 485 2482 cundem
501 2411 606 2480 virum
622 2417 739 2496 quarto
756 2411 862 2495 gradu
878 2409 1171 2494 consanguinitatis
1188 2412 1358 2498 contingit,
1379 2413 1476 2483 duxit

344 2523 585 2592 matrimonium
610 2521 883 2606 contrahendum
911 2518 998 2587 unde
1013 2519 1104 2587 dicta
1128 2519 1246 2588 mulier
1271 2523 1475 2609 supplicavit

231 2681 237 2694 .
345 2632 441 2698 nobis
457 2631 631 2716 humiliter,
658 2637 693 2697 ut
707 2629 878 2716 prouidere
895 2630 928 2694 in
944 2629 1007 2695 hac
1022 2636 1118 2715 parte
1135 2629 1329 2717 Apostolica
1353 2631 1475 2699 sollici·

343 2740 457 2807 tudine
473 2759 671 2807 curaremus.
688 2741 758 2807 Nos
774 2739 873 2823 igitur
887 2738 1001 2826 ipsius,
1021 2743 1054 2805 ct
1073 2738 1273 2806 venerabilis
1289 2739 1403 2807 fratris
1419 2763 1474 2809 no

345 2848 404 2914 stri
413 2847 640 2914 Antibcrensis
652 2847 898 2933 Archiepiscopi
908 2843 1203 2933 supplicationibus
1223 2845 1374 2914 inclinati
1385 2869 1474 2916 man·

345 2953 472 3038 damus,
496 2957 666 3038 qnatenus,
693 2953 722 3021 si
747 2950 888 3039 predicti
912 2952 974 3017 viri
985 2999 994 3035 ,
1021 2950 1109 3035 quod
1131 2951 1247 3018 eadem
1274 2953 1392 3021 mulier
1416 2957 1474 3023 aiii

343 3060 490 3146 nuberet,
507 3077 685 3128 consensus
701 3060 853 3146 accessit,
879 3079 950 3126 cum
967 3057 1123 3145 predictis
1139 3059 1275 3126 muliere
1294 3070 1327 3128 et
1345 3062 1474 3153 Praete,

343 3173 379 3233 ut
395 3165 625 3251 impedimento
642 3167 828 3236 huiusmodi
844 3187 909 3234 non
935 3165 1085 3234 obstante
1101 3168 1135 3234 iu
1151 3167 1200 3234 sic
1218 3176 1387 3238 contracto
1406 3193 1474 3240 mc-

342 3272 598 3342 trimcniolicite
614 3292 784 3342 remancre
794 3276 934 3360 velcant,
952 3275 1146 3344 auctoritate
1161 3277 1473 3366 nostrsdispensee.

343 3379 464 3448 Datum
474 3378 610 3448 Amissii
627 3375 700 3452 1111.
717 3381 792 3449 idus
802 3379 1015 3468 Septembris,
1031 3379 1246 3451 Pontificatus
1261 3385 1366 3454 nostri
1383 3407 1474 3458 auno

341 3485 522 3558 undecimo.

690 3631 819 3704 (Theiner
832 3635 867 3688 id.
880 3649 915 3684 m.
928 3636 950 3686 1.
964 3633 1021 3688 ket.
1034 3635 1078 3686 et.
1091 3635 1122 3702 1.)

766 3935 1037 3950 m
