3198 5160
638 259 791 369 joa-

149 463 182 526 ct
207 455 400 549 propinquis
426 461 600 530 eorundem
627 484 647 529 a
675 463 893 550 jobagionatu
918 461 1027 532 Oostri
1058 461 1276 552 Zaladiensis,

149 569 246 636 simul
264 591 338 638 cnm
354 575 449 640 terris
466 572 545 656 suis,
573 591 654 656 quas
669 573 739 638 sinc
756 573 937 657 preindicio
948 574 1034 658 juris
1051 575 1151 641 alieni
1168 595 1276 660 posse-

150 677 285 763 dissent,
311 679 493 763 eximendo,
520 679 738 746 innumerum
765 684 797 745 et
813 687 919 748 cetum
935 681 1101 750 Nobilium
1127 683 1274 750 Seruian-

149 785 234 853 cinm
252 789 424 875 Regalium
451 787 601 855 duxisset
625 788 886 872 transferendam
914 793 1129 876 committente,
1155 797 1188 858 vt
1210 799 1277 858 tam

151 891 227 978 ipsi,
245 914 343 977 quam
361 915 471 963 eorum
489 895 627 962 heredes
644 897 847 963 etheredum
870 917 1000 965 suorum
1017 917 1221 966 successores
1238 919 1278 964 ea

148 1002 316 1084 gaudeant
334 1004 495 1086 libertate,
513 1009 627 1090 quaet
644 1005 742 1071 ceteri
758 1006 863 1090 Regni
880 1005 931 1072 sui
942 1004 1077 1073 Nobiles
1088 1006 1275 1074 Seruientes

148 1111 292 1195 Regulos
310 1109 573 1180 dinossccrcntur
588 1114 766 1200 gratulari3
791 1119 913 1180 terram
929 1133 1041 1181 eoram
1064 1133 1123 1199 por
1140 1114 1276 1182 Gothor-

149 1217 227 1284 dum
244 1219 285 1284 de
296 1217 407 1306 Choby
426 1218 589 1286 bominem
605 1240 696 1287 suum
711 1219 771 1288 sub
787 1219 970 1289 testimonio
982 1221 1167 1288 Conuentus
1183 1221 1277 1288 Zala-

151 1328 279 1395 diensis
305 1329 348 1394 ab
365 1329 503 1395 aliorum
530 1330 626 1396 terris
652 1337 810 1422 motarum
837 1331 871 1396 in
889 1332 1002 1399 eodem
1029 1331 1203 1418 priuilegio
1224 1351 1277 1398 cx·

149 1455 337 1520 pressatum
351 1436 618 1504 ‹listinccionibus
629 1438 813 1523 separando
823 1439 886 1504 stb.
899 1475 942 1488 -
955 1477 993 1487 -
1006 1440 1127 1505 Datum
1138 1441 1278 1524 septimo

149 1544 202 1609 dic
220 1543 499 1628 congregacionis
514 1545 660 1630 predicte
676 1565 762 1612 anno
775 1547 907 1613 Domini
924 1545 1098 1614 millesimo
1119 1552 1275 1613 trecente-

147 1652 230 1720 simo
247 1652 521 1736 quinquagesimo
538 1660 665 1736 qiuarto.

289 1850 428 1910 (Erodetic
441 1847 615 1915 bbrhc'rrtya'an,
629 1866 646 1900 a
658 1851 741 1902 bardai
754 1852 804 1902 kir.
816 1851 938 1902 kamarai
952 1849 1140 1922 lovelta'rrban.)

690 2141 723 2150 -n
747 2141 847 2151 -‹.-.--r

678 2589 756 2658 375.

147 2771 210 2838 W.
226 2771 357 2838 Sarrana
379 2777 468 2860 papo
484 2793 524 2835 aa.
541 2769 656 2837 Milrlo'c
665 2752 783 2855 jodoci
797 2771 1077 2858 optimo-zeircbija't
1092 2797 1127 2840 oz
1144 2778 1276 2863 apostoli

144 2881 270 2946 oudinet*
284 2881 414 2944 toztrmoa
432 2879 625 2966 pst-tfopa'aa
642 2881 696 2944 alc
712 2885 814 2960 cecata,
840 2883 1068 2966 epyszeromiod
1094 2883 1225 2968 birtotsit
1246 2887 1277 2950 ria

450 2988 522 3073 jopi
536 2988 655 3053 allatam
669 2991 850 3074 meyeru'ior'ti.
875 2993 970 3056 1260.

258 3183 447 3252 Alexander
456 3183 641 3271 spiscopus
658 3201 772 3251 seruus
789 3201 957 3253 seruorum
968 3185 1032 3252 Dei
1047 3183 1175 3252 dilectis
1195 3185 1276 3256 filia-

143 3296 210 3361 bus
229 3343 237 3359 .
256 3343 264 3359 .
283 3349 288 3360 .
309 3291 484 3361 Abbatisso
501 3290 690 3357 Monostcrii
714 3291 827 3359 Sancti
842 3292 971 3360 Nicolai
988 3293 1171 3386 Jadrensis,
1194 3295 1276 3363 cius·

142 3422 211 3488 qne
226 3401 392 3470 sororibus
408 3407 475 3468 tam
494 3398 700 3486 presentibus
724 3419 822 3484 quarn
837 3400 955 3469 tuturis
972 3403 1157 3488 regularem
1173 3404 1276 3471 vitam

142 3511 307 3599 professis
316 3511 350 3576 in
361 3515 564 3596 perpetuum,
576 3507 716 3576 salntem
728 3515 762 3575 ct
771 3509 994 3594 Apostolicam
1006 3511 1276 3581 benedictionem.

142 3620 349 3705 Religiosam
359 3618 462 3684 vitam
472 3616 671 3702 eligentibus
681 3616 906 3702 Apostolicum
916 3619 1068 3688 conuenit
1078 3621 1195 3687 adesse
1204 3639 1273 3708 pre-

140 3729 277 3819 sidium,
293 3749 334 3796 nc
352 3727 434 3794 torto
451 3725 625 3792 cuiuslibet
640 3725 836 3792 temeritatis
852 3727 1001 3794 incursus
1019 3735 1075 3794 aut
1096 3747 1153 3793 eas
1169 3747 1190 3793 a
1205 3723 1276 3812 pro'-

139 3837 255 3926 posito
272 3838 411 3919 revocet,
429 3839 485 3898 aut
501 3832 608 3917 robur,
627 3830 713 3916 quod
729 3831 825 3916 absit,
843 3853 936 3899 acre
945 3833 1117 3920 religionis
1134 3841 1275 3902 enervet.

139 3950 340 4032 Eaproptcr,
359 3942 479 4009 dilecte
489 3941 523 4008 iu
534 3940 664 4008 Obristo
673 3939 749 4025 filie,
762 3942 881 4007 restris
891 3941 986 4009 iustis
998 3943 1274 4033 postulationibus

140 4058 324 4123 clementer
334 4051 518 4134 annuimus,
535 4057 568 4116 et
578 4047 812 4117 Monosterium
824 4050 937 4118 Sancti
947 4050 1078 4120 Nicolai
1088 4051 1274 4139 Jadrcnsis,

137 4164 180 4231 in
203 4183 268 4247 quo
284 4157 404 4228 Diuino
432 4156 513 4224 estis
538 4155 695 4240 obsequio
715 4157 911 4244 mancipate,
931 4158 998 4226 sub
1015 4159 1109 4227 Beati
1128 4161 1217 4228 Petri
1242 4171 1276 4230 ct

137 4279 259 4340 nostra
275 4266 477 4354 protectione
502 4263 708 4350 suscipimus,
726 4271 760 4331 et
777 4265 938 4350 presentis
962 4269 1077 4354 scripti
1097 4268 1271 4358 privilegio

138 4377 391 4448 communimus.
418 4371 589 4460 Inprimis
613 4371 774 4456 siquidem
790 4381 981 4461 statuentes,
1008 4383 1044 4442 ut
1059 4376 1142 4444 ordo
1166 4397 1274 4445 mona·

139 4495 258 4573 stione,
274 4484 330 4570 qui
349 4480 525 4550 secondum
538 4479 643 4546 Deum
659 4487 692 4546 et
707 4481 802 4547 Beati
814 4481 982 4576 Benedicti
999 4485 1158 4568 regulam,
1175 4490 1274 4570 atquo

139 4597 384 4672 institutionem
401 4587 590 4656 maniatium
609 4587 812 4658 'inclusorum
829 4592 940 4660 Sancti
957 4594 1111 4660 Damioni
1129 4591 1274 4661 Asisina·
