3112 5148
782 262 943 366 ‚psa-

298 463 474 548 maculata,
498 461 604 550 spirat
619 466 729 530 umen
744 465 777 527 et
791 459 931 530 intendit
945 457 1092 546 primeue
1107 457 1269 526 libertatis
1284 478 1343 527 sue
1359 460 1433 544 glo·

298 570 349 636 ria
366 568 546 638 reformari.
563 571 605 636 ltt
618 567 768 653 quemuis
785 565 1006 637 diuersimode
1015 565 1133 634 irretiti
1147 575 1288 648 querant
1302 587 1433 636 summo

298 676 406 745 studio
423 677 628 762 libertatem
654 675 699 762 hij
718 683 828 744 temen
844 673 1017 744 decencius
1042 681 1275 760 promerentur,
1292 694 1432 760 quorum

298 783 439 851 fidelitas
455 805 515 870 per
531 784 633 850 multa
647 783 790 851 seruicia
806 783 1021 870 comprobata
1036 781 1120 848 satis
1144 781 1244 866 digne
1259 800 1296 850 se
1312 784 1432 852 consti-

298 891 361 957 tuit
376 890 521 977 precium
545 889 717 958 libertatis.
740 887 885 957 Proinde
911 887 956 956 ad
971 887 1196 956 uniuersorum
1222 890 1433 976 presencium

299 1002 332 1063 et
346 1003 549 1083 posterorum
565 995 723 1064 noticiam
740 995 854 1063 harum
871 994 956 1062 serie
981 993 1129 1060 uolumus
1144 993 1324 1080 peruenire,
1341 995 1432 1079 quod

298 1125 359 1171 nos
375 1103 620 1171 considerantes
645 1102 840 1171 multimoda
864 1101 1007 1169 seruicia
1024 1099 1175 1186 Magistri
1191 1101 1361 1188 Scemeyts
1387 1101 1431 1169 de

299 1209 383 1278 uilla
397 1209 566 1295 Budugey,
583 1209 744 1278 aurifabri
753 1208 922 1278 carissime
939 1207 1098 1277 consortis
1117 1215 1227 1276 nostre
1241 1210 1430 1295 ll.·Regiue
1505 1275 1508 1286 ,

298 1315 476 1404 Hungarie,
494 1335 557 1400 que
566 1317 661 1384 nobis
674 1323 707 1384 et
722 1316 787 1384 sibi
803 1337 824 1383 a
839 1315 1020 1406 puerilibus
1033 1316 1129 1382 annis
1145 1315 1290 1384 noscitur
1305 1317 1430 1404 impen-

299 1423 386 1491 disse
401 1422 541 1492 iideliter
556 1427 589 1490 et
604 1421 732 1507 deuote,
760 1423 816 1507 qui
832 1429 866 1490 et
881 1423 1025 1490 maxime
1040 1427 1117 1489 tuno
1138 1421 1295 1509 probatus
1318 1424 1430 1491 extitit

297 1539 454 1615 tanquam
470 1549 594 1614 eurum,
619 1549 692 1596 cum
708 1529 856 1614 Regnum
873 1537 1021 1598 nostrum
1037 1527 1157 1596 Diuino
1172 1527 1294 1596 iudicio
1309 1527 1429 1598 fornax

298 1637 509 1705 succenderat
523 1635 777 1722 'l'artbarorum3
803 1655 880 1703 nam
895 1635 1005 1702 multis
1022 1642 1107 1703 retro
1133 1635 1328 1702 abeuntibus
1354 1637 1429 1724 ipse

297 1744 464 1812 fidelitatis
487 1743 624 1829 glutino,
651 1764 716 1829 qua
739 1743 897 1830 pollebat,
924 1741 1049 1811 relictis
1073 1741 1142 1810 suis
1165 1742 1259 1810 nobis
1284 1745 1428 1832 adhesit,

300 1852 478 1921 officiosum
494 1872 531 1918 se
555 1851 713 1920 exhibens
728 1853 762 1918 iu
779 1851 928 1920 omnibus
944 1859 976 1919 et
1001 1849 1152 1936 fidelem3
1179 1859 1287 1920 mente
1301 1851 1428 1919 stabili-

297 1979 369 2027 mus
384 1960 559 2028 bonestare
585 1957 693 2045 ipsum
707 1961 742 2026 in
758 1957 926 2028 laboribus
943 1961 1023 2044 suis,
1049 1965 1082 2026 et
1096 1979 1155 2047 pro
1171 1979 1230 2027 sue
1256 1958 1427 2029 fidelitatis

297 2087 337 2134 ac
354 2067 564 2133 seruitiorum
588 2067 779 2133 constancia
794 2067 901 2152 ipsum
925 2073 1082 2154 perpetue
1108 2065 1268 2134 libertatis
1292 2088 1426 2136 munere

298 2173 464 2242 decorare.
496 2171 681 2240 decedente
706 2173 868 2258 siquidem
893 2173 937 2241 ad
962 2175 1235 2262 complementum
1268 2175 1426 2262 desider-ij

295 2283 409 2366 nostri,
433 2301 498 2348 non
523 2280 628 2348 solum
645 2297 805 2348 consensu
830 2279 1041 2349 dilectissime
1067 2287 1178 2349 nostre
1198 2282 1425 2367 prenominata

294 2388 419 2475 Regine
435 2387 614 2473 Hungarie,
638 2406 751 2455 uerum
766 2386 870 2454 eciam
888 2387 1091 2472 interuentu,
1116 2393 1192 2454 ante
1208 2387 1300 2455 cuius
1317 2389 1425 2456 eciam

295 2497 406 2565 oculos
430 2495 576 2564 eiusdem
592 2495 626 2562 S.
644 2492 804 2561 aurifabri
829 2495 880 2562 sui
895 2495 1038 2561 fidelitas
1063 2503 1096 2562 et
1111 2496 1338 2580 obsequiorum
1361 2495 1425 2564 ire-

294 2603 433 2689 qneucia
448 2601 693 2690 prepollebant;
714 2620 774 2667 nec
791 2621 856 2669 nou
872 2601 1138 2670 consideracione
1149 2601 1291 2688 prouida
1299 2603 1426 2672 intuen-

293 2716 355 2798 tes,
371 2711 459 2792 quod
484 2709 571 2777 idem
585 2711 617 2776 S.
635 2714 740 2776 status
756 2707 808 2774 sui
824 2715 1030 2775 uenustatem
1056 2729 1116 2796 per
1140 2707 1289 2796 predicta
1314 2712 1427 2780 omnia

294 2821 460 2900 umquam
470 2813 696 2900 multiplicatis
711 2813 980 2882 intercessoribus
997 2822 1174 2901 mereatur,
1191 2817 1296 2903 ipsum
1307 2818 1339 2884 S.
1357 2839 1425 2886 uua

294 2921 538 2992 cumfratribus
564 2919 643 3004 suis,
660 2920 845 2989 Andronico
869 2922 936 2990 lilio
963 2923 1142 3010 patrissui,
1166 2927 1256 2993 Kocz
1281 2933 1313 2992 et
1330 2927 1426 2994 Kaza

293 3032 370 3117 iilijs
385 3029 543 3117 patruelis
561 3027 641 3112 eius,
658 3028 701 3094 ab
719 3029 808 3095 omni
824 3029 901 3114 iugo
917 3029 1019 3097 debiti
1035 3031 1106 3098 siue
1121 3032 1263 3119 seruioij‚
1280 3053 1343 3118 quo
1360 3053 1426 3101 sua

293 3135 477 3224 generacio,
504 3132 661 3202 uidelicet
686 3135 766 3202 uilla
781 3137 944 3224 Bedegey,
962 3138 1069 3205 eidem
1085 3133 1261 3206 carissime
1279 3141 1427 3208 consorti

291 3251 403 3312 nostre
417 3251 554 3327 tenetur,
571 3243 702 3328 penitus
718 3244 908 3328 eximentes,
932 3246 979 3312 sic
994 3266 1072 3331 pure
1089 3253 1122 3313 et
1136 3253 1292 3334 perpetue
1309 3247 1426 3316 stetui·

291 3371 363 3421 mus
379 3349 535 3436 libertati,
553 3357 589 3416 ut
600 3355 669 3416 tam
683 3349 758 3438 ipsi,
778 3370 876 3435 quam
891 3352 1038 3440 ipsorum
1047 3353 1186 3421 heredes
1202 3355 1426 3440 heredumque

290 3477 507 3542 successores,
534 3455 728 3542 ubicumque
744 3457 917 3544 uolueriut,
934 3461 1088 3527 manendi
1111 3461 1182 3529 siue
1198 3463 1363 3530 seruiendi
1385 3463 1422 3528 li·

289 3567 401 3634 beram
426 3573 458 3631 et
473 3564 598 3647 absque
625 3563 763 3632 alicuius
791 3565 989 3635 condicionis
1015 3587 1100 3634 nexu
1115 3567 1259 3634 babeant
1283 3566 1423 3636 faculta-

288 3681 372 3758 tem;
397 3671 475 3740 aula
490 3691 568 3739 vero
586 3678 697 3740 nostre
713 3673 925 3741 celsitudinis
940 3675 1043 3759 Regio
1057 3681 1172 3761 pateat
1194 3677 1243 3742 eis
1258 3683 1422 3760 tanquam

286 3781 361 3869 alijs
386 3779 503 3848 aulicis
529 3777 697 3848 nobilibus
713 3781 819 3866 Regni
834 3781 947 3849 nostri.
972 3784 1171 3868 Statuentes,
1199 3789 1234 3850 ut
1249 3784 1349 3869 ijdem
1380 3781 1426 3850 de

285 3897 392 3957 cetero
409 3889 492 3956 inter
514 3886 642 3954 nobiles
660 3889 766 3972 Regni
782 3889 885 3954 nostri
909 3889 1084 3960 honorifice
1108 3897 1343 3977 computentur.
1380 3891 1429 3960 Ut

283 3994 381 4080 igitur
405 3996 554 4084 ipsorum
579 3993 747 4060 fidelitatis
774 3995 899 4061 meritis
920 4001 952 4061 et
977 3996 1187 4064 seruioiorum
1218 3997 1425 4066 commercio

280 4101 496 4188 pulcherrime
512 4099 674 4185 acquisita
690 4100 838 4186 libertas,
861 4101 1032 4187 exquisitis
1048 4103 1212 4190 presentis
1226 4104 1349 4190 pagine
1365 4102 1414 4170 in·
1547 4117 1548 4127 ¹

280 4206 397 4292 signijs
423 4207 546 4276 eisdem
570 4212 729 4294 perpetuo
754 4213 953 4294 perseueret,
978 4229 1039 4278 nec
1063 4210 1216 4295 aquouis
1242 4211 1355 4277 ualeat
1383 4211 1428 4278 iu
1546 4227 1547 4266 ὲ

277 4319 442 4399 posterum
466 4323 649 4402 temporum
673 4317 831 4384 curriculo
848 4320 1030 4404 retractari,
1055 4325 1223 4406 presentes
1243 4319 1285 4386 in
1299 4339 1424 4406 perpe·
1546 4369 1547 4376 κ

276 4427 367 4488 tuam
382 4419 476 4487 buius
492 4422 539 4488 rei
553 4423 743 4492 memoriam
759 4427 976 4495 concessimus
992 4427 1118 4496 litteras
1137 4445 1234 4513 super
1253 4428 1422 4514 ipsorum
1543 4447 1546 4486 u

274 4523 437 4610 libertate,
455 4545 554 4593 auree
570 4527 659 4596 bulle
676 4537 786 4599 nostre
797 4541 962 4602 caractere
979 4535 1013 4601 iu
1028 4540 1255 4621 argumentum
1272 4534 1412 4603 ualidis·
