3198 5160
683 923 762 992 373.

160 1103 179 1171 Ι
186 1103 219 1168 V.
235 1105 320 1172 Bc¹la
334 1105 503 1192 kt‘rdlymelr
526 1105 676 1172 rendelcte
692 1131 714 1171 a
729 1107 823 1192 pyc'rc'
837 1109 869 1172 e's
889 1107 1009 1174 chades·
1032 1105 1165 1173 cdmrcil.
1191 1107 1288 1171 1260.

267 1301 350 1368 Bela
374 1300 438 1368 Dei
463 1300 578 1386 gracia
603 1301 674 1368 Rex
698 1302 866 1388 Hungcrie
891 1301 1041 1372 fidelibus
1072 1303 1141 1371 suis
1169 1300 1288 1370 Ocmiti

157 1409 323 1478 Isuriensi
348 1413 381 1474 et
396 1408 580 1496 tributarijs
607 1408 648 1476 de
664 1408 811 1495 hurino,
838 1409 880 1476 de
895 1410 1012 1478 Absde
1037 1419 1070 1479 et
1092 1413 1288 1497 Fygzegeur

158 1517 300 1587 salutem
316 1522 349 1584 et
365 1517 521 1600 graciam.
546 1518 689 1585 Litteras
705 1518 904 1586 venerabilis
920 1519 1024 1606 petris
1040 1519 1196 1608 Episcopi
1211 1518 1287 1586 Iau-
1321 1574 1324 1584 ,

157 1625 499 1714 riensissuperiorme
518 1627 750 1712 exigenderum
760 1627 953 1696 tributorum
965 1628 998 1694 in
1009 1630 1155 1714 Jaurirro,
1168 1627 1288 1697 Asara

159 1735 221 1824 (et)
238 1737 420 1823 Figzegeur
446 1756 535 1804 mere
551 1736 729 1823 antiquitus
755 1738 927 1807 observato
944 1737 1127 1826 recepimus
1152 1737 1186 1804 in
1201 1739 1288 1806 hune

157 1841 310 1911 modum:
334 1853 367 1910 rt
383 1843 539 1912 videlicet
554 1841 596 1911 cle
612 1844 756 1928 quolibet
772 1863 922 1911 curruum
938 1846 1116 1914 Teutunico
1133 1846 1287 1914 veniente

158 1953 192 2018 in
209 1953 414 2037 Hungsriam
430 1951 594 2039 tributarij
611 1951 753 2020 debeant
769 1952 890 2018 habere
910 1958 1050 2037 quatuor
1065 1952 1229 2040 denarios,
1255 1961 1289 2022 et

158 2059 279 2130 Comes
294 2059 479 2127 Jaurierrsis
495 2058 576 2128 dues
595 2059 747 2128 denarios
762 2058 914 2145 Regales.
931 2061 1015 2127 Item
1031 2061 1072 2128 de
1088 2082 1185 2129 curru
1201 2068 1288 2129 tren-

159 2175 276 2237 seunte
293 2168 335 2236 de
349 2168 521 2254 Hungaric
537 2168 699 2254 tributarij
718 2167 838 2236 debent
854 2168 976 2237 hebere
996 2177 1068 2238 ecto
1086 2169 1240 2238 denarios
1256 2178 1289 2238 et

158 2278 278 2378 Gemes
295 2277 387 2346 dues.
413 2278 494 2344 Item
510 2277 539 2346 si
553 2278 703 2344 venerint
728 2277 762 2343 in
778 2279 857 2362 nauj
874 2297 946 2344 cum
963 2279 1033 2346 suis
1057 2269 1286 2366 mercImonijs,

157 2388 280 2458 debent
296 2392 484 2475 computare
500 2393 533 2454 et
548 2387 698 2473 redigere
714 2385 757 2454 ad
774 2387 989 2473 quantitatem
1009 2406 1170 2474 curruum,
1196 2394 1229 2456 ct
1246 2389 1288 2458 de

157 2497 306 2581 quolibet
330 2515 427 2562 curru
450 2495 614 2582 tributarij
643 2495 762 2562 debent
776 2495 899 2562 habere
923 2501 1061 2582 quatuor
1084 2495 1287 2565 deperisset

158 2605 278 2674 Comes
296 2603 388 2672 duos.
404 2603 470 2672 Sed
485 2603 514 2670 si
530 2603 682 2690 superius
699 2611 782 2683 eant
791 2604 825 2670 in
840 2607 930 2690 nsuj,
954 2603 996 2670 de
1012 2605 1096 2672 bove
1113 2603 1288 2672 cuiuslibet

158 2733 273 2782 currus
290 2719 362 2782 octo
379 2711 533 2781 denarios
548 2712 741 2799 tributarijs,
767 2717 800 2779 et
815 2711 897 2780 duos
913 2711 1042 2799 Oomitj.
1060 2713 1143 2779 Item
1162 2714 1190 2780 si
1207 2714 1289 2780 Teu·

156 2821 261 2891 terrici
276 2822 379 2891 boues
405 2819 555 2910 superius
571 2819 729 2908 deferant,
756 2819 797 2888 dc
813 2819 960 2906 quolibet
974 2821 1059 2888 boue
1086 2819 1167 2888 duos
1190 2820 1289 2888 dene·

156 2933 238 3016 rios,
267 2938 300 2998 et
316 2930 433 2998 Comes
448 2950 548 2998 vnum
573 2929 743 2998 denarium
769 2931 811 2996 de
826 2929 952 2997 duobus
976 2929 1082 2997 bobus
1097 2930 1291 2997 Teutonico·

155 3061 240 3108 rum.
256 3041 341 3106 Item
357 3039 399 3106 de
415 3037 563 3106 curribus
578 3037 776 3124 Hungerieis
792 3038 953 3123 tributarij
971 3036 1056 3106 duos
1073 3037 1240 3121 denarios,
1256 3043 1289 3106 et

157 3150 278 3218 Comes
303 3146 346 3215 de
361 3147 486 3216 duobus
511 3147 660 3216 curribus
686 3165 785 3215 vnum
809 3145 990 3214 denarium.
1019 3149 1102 3216 Item
1126 3145 1169 3215 de
1183 3147 1289 3218 bobus

156 3259 367 3343 Vngsrorum
391 3256 542 3344 superius
558 3255 778 3325 deferencium
793 3275 892 3323 vnum
909 3255 1081 3324 denarium
1104 3255 1147 3325 de
1162 3251 1291 3326 duobus

156 3367 278 3454 bobus,
305 3372 338 3434 et
353 3365 395 3434 de
410 3371 550 3452 quatuor
575 3364 680 3434 bobus
695 3366 812 3433 (temes
827 3383 927 3432 vnum
946 3364 1126 3434 denarium.
1150 3366 1234 3434 Item
1250 3366 1291 3434 de

157 3495 256 3544 curru
283 3473 390 3542 mellis
414 3471 581 3558 tributarij
606 3472 726 3540 debent
750 3470 873 3539 hebere
898 3472 961 3539 tric
985 3473 1143 3561 pondera,
1173 3473 1290 3543 Comes

158 3605 264 3654 vnum
279 3581 418 3670 pondus.
443 3584 525 3650 Item
543 3581 585 3650 de
599 3580 745 3667 quolibet
768 3581 913 3649 turnellc
929 3581 997 3648 viui
1012 3581 1193 3670 tributarijs
1216 3587 1290 3650 ecto

158 3693 327 3778 denarios,
354 3699 387 3761 et
404 3691 522 3760 Osmiti
537 3690 618 3759 duos
634 3690 797 3758 denarios.
824 3691 906 3757 Item
923 3689 964 3758 de
980 3710 1075 3758 curru
1090 3689 1210 3758 seium
1225 3691 1288 3758 Vn·

157 3823 315 3890 gemtum
332 3802 414 3870 duos
429 3801 518 3869 sales
534 3806 567 3868 et
582 3799 752 3868 dimidium
776 3800 810 3866 in
826 3799 1012 3884 porcionem
1030 3797 1165 3867 Comitis
1182 3799 1290 3869 Jarri-

156 3915 258 3983 ensis.
283 3915 365 3980 Item
382 3911 424 3981 de
447 3918 575 3979 eentum
600 3908 720 3976 marcis
745 3906 870 3995 piperis
895 3905 1062 3993 tributarij
1088 3905 1209 3974 debent
1232 3907 1290 3974 hc·

155 4025 237 4091 bere
252 4021 350 4088 vnius
376 4039 561 4088 marcarum
586 4017 722 4106 piperis,
749 4014 838 4084 etde
854 4023 983 4084 centum
1008 4015 1181 4084 chrrotecis
1205 4016 1289 4084 dues

157 4130 356 4213 chirotecas,
373 4129 471 4196 etsie
488 4127 530 4194 dc
545 4127 621 4214 elijs
636 4125 770 4194 minutis
786 4125 1016 4212 mercimonijs.
1040 4125 1121 4191 Item
1139 4122 1181 4190 de
1196 4143 1289 4192 curru

155 4239 328 4325 hospitum
343 4236 534 4304 Latinorum
549 4253 648 4302 mum
663 4234 862 4302 franconem.
878 4235 960 4302 Item
975 4233 1010 4300 in
1025 4235 1233 4320 Fygetegeur
1249 4231 1290 4300 dc

154 4368 253 4416 eurrc
278 4346 531 4415 Teutoniccmm
557 4361 821 4430 quorumcunque
846 4341 995 4412 homines
1024 4343 1166 4410 habente
1189 4361 1289 4408 vnum

153 4454 340 4541 denarium,
367 4453 410 4520 de
425 4453 561 4540 reliquis
586 4458 696 4520 sutem
721 4451 951 4538 mercimoniis,
976 4449 1082 4517 bobus
1106 4447 1233 4517 scilicet
1257 4455 1291 4517 et

155 4563 247 4652 slijs,
273 4561 356 4630 nihil
372 4561 453 4630 ders
468 4565 619 4629 tenentur
643 4560 677 4628 in
692 4557 903 4647 sigctegeur.
928 4559 1011 4627 Item
1025 4558 1059 4626 iu
1084 4555 1224 4626 Obbede
1248 4557 1291 4626 de

155 4672 287 4753 duobus
315 4670 464 4749 curribus
479 4667 730 4747 Teutonieorum
756 4673 898 4753 quatuor
913 4663 1070 4745 denarios
1092 4665 1224 4739 solvent
1238 4665 1292 4738 ts·
