3148 5156
659 805 738 872 302.

144 987 162 1049 1
166 984 197 1049 V.
219 986 290 1050 Be'lu
305 985 472 1071 tituiipnclc
486 987 553 1050 mete
580 1008 763 1070 upyunuzoo
780 985 1071 1071 cypeuetlcoec'yeluu
1094 985 1257 1050 corrutlozo'

538 1095 730 1159 u'ntdzlredc'ae.
749 1091 843 1158 1256.

244 1289 351 1380 (meta
367 1293 429 1361 Dei
445 1297 559 1381 gracia
574 1295 750 1381 Hungaric,
767 1296 945 1380 Dalmacie,
971 1293 1117 1378 Crocale,
1142 1297 1255 1378 Reme,

140 1400 255 1486 Seruio,
266 1401 415 1492 Gallieie,
433 1403 634 1490 Lodomcrie,
649 1402 870 1486 Oumanieqne
884 1405 954 1470 Rex
964 1403 1111 1470 omnibus
1128 1423 1255 1489 presen-

141 1515 187 1575 tes
208 1509 330 1578 litteras
353 1512 548 1598 inspecturis
574 1513 713 1580 salutem
736 1512 770 1579 in
785 1511 925 1579 omnium
948 1512 1121 1578 saluatore.
1147 1509 1255 1594 Officij

141 1617 237 1684 nostri
247 1617 391 1686 debitum
407 1640 466 1687 nos
482 1627 648 1688 ammonet
663 1619 839 1704 inuigilare
848 1619 1001 1704 remediJ‘s
1018 1619 1253 1700 subiectorum

141 1727 215 1808 quia
227 1727 302 1794 dnm
319 1745 430 1796 eorum
442 1728 623 1796 excurtimus
638 1728 770 1814 honera,
788 1727 863 1794 dnm
874 1727 1255 1810 scandularemonemus‚

141 1855 197 1902 nos
210 1835 243 1902 in
258 1835 402 1923 ipsorum
428 1836 536 1922 quiete
553 1836 759 1920 quiescimus,
787 1840 819 1900 ct
832 1835 924 1921 pacis
951 1853 1061 1904 eorum
1086 1829 1255 1902 commodo

142 1943 345 2025 gratulamur.
370 1943 513 2011 Proinde
540 1941 582 2010 ad
609 1943 830 2012 uniuersorum
855 1942 1010 2009 noticiam
1034 1942 1148 2008 barum
1170 1941 1256 2008 serie

142 2049 282 2118 uolumus
298 2051 479 2139 peruenire,
498 2052 584 2136 quod
600 2072 672 2119 cnm
688 2052 773 2120 inter
787 2051 961 2119 chricum
977 2051 1135 2119 (tomitem
1152 2049 1255 2136 Symi-

142 2157 278 2240 gicnsem
290 2157 448 2225 'dilectum
464 2157 591 2225 fidelem
608 2165 764 2244 nostrum,
784 2165 816 2226 et
831 2164 1013 2225 castrenses
1026 2156 1134 2225 Castri
1150 2158 1253 2244 Symi-

142 2265 256 2347 giensis
283 2265 324 2332 de
340 2263 455 2352 Garyg
470 2287 511 2332 ex
527 2286 592 2332 una
607 2275 720 2353 parte;
747 2287 786 2333 ac
809 2265 1002 2350 iobagiones
1026 2264 1133 2332 (lastri
1152 2265 1255 2350 Symi-

143 2371 256 2454 gicnsis
282 2375 315 2440 in
340 2375 445 2460 Garig
469 2375 645 2442 existentes
670 2395 710 2442 ex
735 2375 847 2458 altera,
873 2374 965 2458 quia
988 2379 1133 2460 tempore
1155 2371 1254 2456 Regis

142 2477 303 2548 colomani
328 2481 496 2548 karissimi
520 2482 630 2550 fratris
646 2482 749 2550 nostri
766 2482 848 2550 bone
873 2483 1035 2564 memorie,
1061 2487 1093 2547 ct
1109 2485 1195 2564 ante,
1221 2479 1254 2544 in

140 2587 235 2674 (iarig
252 2595 356 2655 terras
372 2587 599 2676 possederant,
626 2609 724 2675 super
739 2589 883 2657 terminis
900 2599 1055 2656 terrarum
1073 2581 1204 2654 suarum
1220 2587 1253 2652 in

139 2703 243 2764 nostra
258 2695 432 2782 presencia
448 2695 574 2780 questio
594 2703 793 2782 uerteretur;
820 2699 966 2764 uolentes
989 2695 1181 2762 scandalum
1196 2712 1254 2760 seu

139 2803 328 2870 discordiam
342 2805 455 2871 tollere
471 2805 511 2870 de
527 2805 634 2873 medio
651 2807 835 2891 eorundem,
852 2827 893 2873 ne
910 2807 944 2872 in
961 2810 1059 2872 antea
1078 2809 1254 2888 granentur

138 2911 298 2978 laboribus
324 2916 357 2976 et
372 2911 545 2996 expensis;
573 2911 693 2979 dictum
709 2912 887 2979 Henrioum
912 2911 1078 2998 Comitem,
1104 2911 1159 2994 qui
1183 2907 1254 2974 vico

137 3037 192 3083 sna
206 3017 424 3102 Pangraoium
450 3017 623 3087 officialem
639 3041 733 3086 suum
750 3021 789 3086 de
801 3017 910 3104 Garig
925 3019 968 3085 ad
985 3019 1046 3084 boc
1072 3016 1253 3104 deputauit,

137 3131 165 3190 et
179 3125 371 3210 Magistrum
387 3125 597 3192 Benedictum
613 3125 995 3210 Quinqneecclesicnsem
1012 3124 1140 3190 fidelem
1156 3124 1254 3188 bomi-

136 3253 203 3299 nem
213 3241 362 3299 nostrum
372 3251 430 3318 pro
446 3233 540 3300 metis
557 3233 734 3300 eorundem
743 3233 979 3316 distinguendis
991 3231 1141 3300 duximus
1150 3239 1254 3299 trans-

137 3339 318 3424 mittendos,
334 3359 375 3406 ne
391 3359 544 3425 processu
561 3348 741 3427 temporum
765 3339 882 3427 prelati
898 3339 1090 3426 icbagiones
1107 3339 1150 3406 de
1166 3347 1255 3406 terra

137 3447 350 3532 predictorum
375 3447 587 3514 castrensium
614 3448 762 3514 ualerent
786 3467 963 3534 occupare,
993 3449 1045 3514 nel
1071 3454 1254 3515 castrenses

138 3561 244 3621 contra
260 3553 392 3622 eosdem
408 3555 601 3640 iobagioncs
618 3556 822 3623 occasionem
848 3575 905 3623 seu
922 3556 1092 3624 materiam
1111 3556 1255 3622 habeant

136 3661 334 3745 querulandi.
360 3665 412 3730 Ex
427 3664 545 3747 quibus
570 3662 723 3731 uidelicet
747 3663 974 3748 iobegionibus
999 3663 1097 3732 castri
1117 3664 1254 3750 predicti

136 3777 214 3838 mete
238 3779 327 3838 terre
350 3772 461 3838 Kokot
482 3771 568 3838 dicte
593 3771 694 3838 Murci
720 3770 805 3858 (igy)
831 3772 888 3858 filij
910 3771 1003 3858 Zellr,
1029 3777 1124 3857 prout
1149 3769 1253 3838 dictus

136 3879 286 3964 blagister
301 3875 494 3948 Benedictus
510 3879 605 3946 nobis
621 3879 739 3963 retulit,
764 3885 796 3946 et
811 3877 957 3965 prefatus
980 3877 1180 3962 Pongraoius
1196 3897 1254 3963 per

137 4007 208 4053 suas
223 3985 352 4052 litteras
377 3985 548 4073 intimanit,
566 3986 678 4053 taliter
694 3986 922 4071 distinguntur.
948 3984 1060 4051 Prima
1075 3991 1161 4052 meta
1175 3984 1252 4052 inci-

137 4095 181 4180 pit
194 4095 288 4162 iuxta
303 4093 488 4162 Camurium
514 4095 548 4162 in
564 4103 651 4162 meta
666 4103 791 4182 terrca;
817 4093 894 4163 inde
910 4093 1004 4162 uadit
1027 4094 1119 4162 iuxta
1140 4094 1252 4162 Gama-

136 4201 211 4269 rium
228 4203 272 4269 ad
288 4201 371 4269 duas
388 4209 502 4292 metas,
519 4223 655 4288 quarum
670 4225 734 4272 cua
751 4211 801 4272 est
817 4203 919 4292 ipsius
931 4203 1043 4272 Kokot
1058 4202 1118 4270 snb
1135 4201 1253 4272 arbore

136 4311 235 4397 reisa‚·
260 4309 337 4377 inde
353 4329 411 4394 per
426 4309 537 4378 Oberit
562 4311 666 4380 eundo
684 4311 751 4379 exit
766 4311 810 4378 ad
826 4317 945 4379 metam
963 4312 1023 4379 sub
1042 4311 1159 4378 arbore
1175 4335 1253 4399 por-

136 4420 230 4504 tensa,
244 4417 355 4501 ibique
369 4417 471 4485 intrat
487 4420 605 4487 uallem
621 4421 825 4504 Hcmclinna,
842 4426 875 4488 ct
890 4419 983 4488 uadit
997 4421 1031 4486 in
1049 4440 1090 4489 ea
1105 4421 1254 4506 superius

136 4543 230 4610 usqne
247 4524 291 4591 ad
306 4525 423 4609 locum,
448 4525 504 4592 nbi
520 4547 579 4613 per
594 4526 759 4612 quandam
784 4527 931 4595 semitam
948 4528 1086 4594 uertitur
1103 4525 1148 4594 ad
1164 4549 1251 4596 mon-
