3148 5156
886 358 952 428 422²
1082 349 1086 355 ⁵

357 565 443 632 dieio
459 562 568 630 alieni.
585 561 621 625 In
638 560 730 628 ouius
746 558 794 626 roi
809 562 999 644 perpetuam
1010 553 1195 622 firmitatem
1211 556 1378 639 presentes
1395 549 1487 616 litte·

357 692 413 738 ras
429 671 501 738 dari
525 669 662 752 fecimus
686 666 787 751 sigilli
803 665 905 733 nostri
930 661 1071 750 duplieis
1096 660 1273 728 munimine
1298 658 1486 727 roboratas.

357 784 478 848 Datum
494 797 552 865 per
569 796 685 844 manus
695 772 844 859 Magistri
860 769 1034 856 Smaragdi
1045 769 1199 836 Aliensis
1215 766 1362 834 Eenlesie
1377 765 1488 832 Eleoti

358 888 433 956 aule
448 891 559 953 nostre
569 879 838 963 Uieeoaneellarij
855 877 965 946 dileoti
975 883 1009 944 et
1023 875 1129 942 fidelis
1139 873 1241 942 nostri
1252 892 1339 940 anno
1349 871 1488 940 Domini

359 992 531 1060 millesimo
556 988 777 1058 ducentesimo
802 984 1072 1070 quinquagesimo
1088 991 1192 1066 sexto,
1213 1001 1298 1049 nono
1325 981 1492 1048 kalendas

360 1099 494 1188 Aprilis,
510 1096 615 1182 Regni
635 1101 745 1165 nutem
760 1093 863 1165 nostri
879 1113 964 1163 auno
982 1089 1136 1158 vioesimo
1153 1091 1268 1178 primo.

362 1297 500 1355 (Eredetie
511 1290 684 1360 bdrlrdrtyrin,
707 1291 818 1357 melyriil
831 1307 848 1342 a
861 1287 1032 1342 hiromsaiuti
1045 1286 1279 1353 vitriis-fejer·zitld
1297 1286 1493 1352 solyemzsind·

442 1403 491 1440 ron
504 1387 613 1452 suggest
625 1381 718 1450 peesdt
731 1381 868 1441 elveszett,
888 1378 1000 1432 abndai
1013 1379 1064 1432 loir.
1077 1379 1199 1430 kamarai
1212 1373 1402 1443 lsvdltslrban.)

789 1663 1061 1676 *uu—-

887 2107 968 2174 soti.

365 2291 385 2356 l
393 2289 426 2355 V.
444 2291 523 2356 Boiu
538 2290 704 2375 kirdlpnak
729 2288 797 2374 &ip
814 2288 1049 2373 Npurameqpei
1071 2287 1207 2353 munira
1231 2287 1396 2352 ooaostosd
1413 2287 1495 2352 ado-

597 2397 715 2482 mduya
729 2397 835 2482 Aperi
850 2395 978 2462 scindor
992 2396 1148 2462 ssulatim.
1163 2393 1260 2458 1256.

472 2592 554 2658 Bela
578 2589 641 2656 Dei
665 2589 781 2674 grania
805 2589 984 2676 Hungarie,
1010 2588 1191 2674 Dalmaeie,
1212 2587 1359 2672 (troanie,
1376 2592 1497 2676 Reme,

362 2700 486 2784 Seruio,
497 2698 648 2785 Gallinie,
665 2698 865 2782 Lodomen'e,
876 2698 1175 2783 CumaniequeRex
1194 2697 1354 2766 uniuersis
1370 2696 1498 2766 Christi

366 2807 517 2876 tidelibus
541 2805 749 2891 presentibus
765 2811 798 2872 et
815 2805 933 2874 tuturis
959 2825 1094 2890 presens
1117 2805 1272 2891 seriptum
1297 2805 1500 2891 inspecturis

367 2915 509 2982 salutem
525 2912 558 2978 iu
569 2912 712 2980 omnium
722 2912 896 2980 salurrtore.
912 2913 964 2978 Ad
977 2912 1200 2980 uniuersitatis
1218 2921 1326 2982 nostre
1336 2913 1500 2980 noticiam

367 3027 480 3089 tenore
497 3020 702 3106 presenoium
715 3019 864 3088 uolumus
879 3019 1062 3106 peruenire,
1078 3019 1166 3105 quod
1175 3021 1312 3088 ueniens
1328 3021 1372 3088 ad
1382 3029 1500 3091 nostre

367 3126 560 3210 lisgestatis
576 3125 780 3213 presenoiam
790 3126 977 3194 Alexander
991 3128 1079 3196 tilius
1095 3129 1183 3196 Zoelr
1195 3129 1236 3206 de
1247 3129 1339 3214 Agar
1354 3128 1501 3198 dileetus

369 3242 403 3302 et
416 3235 522 3304 tidelis
538 3239 657 3318 noster,
683 3232 889 3318 seruieiaque
905 3255 976 3318 sua,
1001 3254 1064 3318 qne
1080 3235 1176 3304 nobis
1199 3234 1339 3304 diuersis
1363 3236 1448 3304 loeis
1466 3243 1502 3302 et

368 3341 579 3428 temporibus,
605 3346 639 3407 et
652 3339 840 3427 speoialiter
856 3341 889 3408 in
912 3341 1060 3427 partibus
1077 3341 1172 3410 Ultra
1187 3341 1351 3410 Drausnis
1367 3349 1401 3410 et
1416 3341 1501 3410 (lor-

367 3448 460 3516 naoie
475 3454 552 3533 post
576 3449 698 3516 exitum
713 3449 922 3518 'Partmorum
937 3449 979 3520 do
994 3451 1108 3534 Regno
1124 3455 1245 3534 nostro,
1271 3449 1328 3516 ubi
1350 3450 1503 3535 plurima

369 3555 521 3622 mortalia
538 3556 662 3624 ulnera
680 3575 739 3641 pro
750 3555 844 3626 nobis
855 3556 997 3642 pertulit,
1017 3576 1237 3624 rememorans
1254 3565 1502 3642 etpropouens‚

368 3663 533 3749 quandam
548 3667 670 3730 terram
686 3670 719 3730 et
743 3663 984 3749 possessionem
1010 3664 1204 3732 reeiutorum
1227 3672 1410 3734 nostrornm
1427 3663 1503 3748 Sag

367 3777 518 3840 noestam
534 3771 569 3836 in
585 3769 747 3838 Oomitutu
761 3770 920 3840 Nitriensi
945 3771 1136 3840 existentem
1153 3771 1356 3857 possessioni
1376 3791 1437 3838 sue
1454 3773 1503 3840 si-

368 3879 487 3946 militer
500 3879 570 3963 Sag
585 3881 710 3963 veeste,
721 3897 779 3964 per
795 3898 853 3946 nos
869 3878 932 3946 sibi
949 3879 1078 3964 uellate,
1097 3878 1240 3946 uicinum
1256 3885 1289 3946 et
1304 3877 1504 3963 contiguum

368 3985 615 4054 instantissimis
637 3985 911 4074 suplioaoionibus
927 3985 990 4052 sibi
1005 3985 1076 4052 duri
1098 3987 1214 4071 petiuit
1228 3991 1260 4052 et
1275 3983 1400 4052 donari.
1426 3985 1504 4054 Nos

367 4093 467 4178 igitur
483 4095 781 4182 supplioaoionibns
797 4093 901 4180 ipsius
913 4093 1093 4162 Alexandri
1108 4093 1335 4161 fauorabiliter
1353 4113 1505 4162 annuen-

368 4207 417 4268 tes
433 4201 615 4288 predietam
639 4203 878 4290 possessionem
898 4200 977 4288 Sug,
1003 4222 1076 4270 eum
1092 4203 1242 4270 omnibus
1261 4203 1329 4272 suis
1344 4202 1505 4270 utilitati-

367 4311 429 4378 bns
445 4317 478 4378 et
492 4311 702 4396 pertineneiJs
712 4310 755 4378 ab
770 4307 896 4378 eisdem
907 4309 1124 4379 reoiatoribus
1140 4311 1336 4394 auferentes,
1356 4308 1505 4378 eisdem-

367 4437 431 4500 que
445 4439 503 4504 pro
519 4418 595 4504 ipsa
619 4419 676 4486 ubi
691 4417 854 4486 noluerint
869 4418 1009 4486 similem
1024 4419 1057 4484 in
1073 4420 1187 4504 Regno
1213 4423 1324 4486 nostro
1344 4417 1428 4486 dare
1447 4438 1505 4488 as-

368 4533 596 4608 snmpmentes,
613 4527 719 4596 eidem
733 4527 923 4596 Alexandro
938 4526 1088 4598 dedimus
1104 4533 1138 4594 et
1152 4526 1358 4608 donauimus,
1382 4545 1423 4592 ae
1442 4548 1508 4613 per

368 4629 544 4716 Symonem
569 4629 671 4698 tilium
687 4633 783 4718 Vyda
806 4634 848 4704 de
863 4636 985 4704 Saneto
1001 4636 1153 4704 Johanne
1180 4633 1279 4702 statui
1298 4634 1439 4704 fecimus
1469 4639 1505 4704 in
