<?xml version="1.0" encoding="UTF-8"?>
<!DOCTYPE html PUBLIC "-//W3C//DTD XHTML 1.0 Transitional//EN"
    "http://www.w3.org/TR/xhtml1/DTD/xhtml1-transitional.dtd">
<html xmlns="http://www.w3.org/1999/xhtml" xml:lang="en" lang="en">
 <head>
  <title>
</title>
<meta http-equiv="Content-Type" content="text/html;charset=utf-8" />
  <meta name='ocr-system' content='tesseract 3.04.00' />
  <meta name='ocr-capabilities' content='ocr_page ocr_carea ocr_par ocr_line ocrx_word'/>
</head>
<body>
  <div class='ocr_page' id='page_1' title='image "./codexdiplomatic15wenzgoog_0052.png"; bbox 0 0 3134 5150; ppageno 0'>
   <div class='ocr_carea' id='block_1_1' title="bbox 644 343 686 406">
    <p class='ocr_par' dir='ltr' id='par_1_1' title="bbox 644 343 686 406">
     <span class='ocr_line' id='line_1_1' title="bbox 644 343 686 406; baseline -0.071 0"><span class='ocrx_word' id='word_1_1' title='bbox 644 343 686 406; x_wconf 76' lang='lat'><strong>15</strong></span> 
     </span>
    </p>
   </div>
   <div class='ocr_carea' id='block_1_2' title="bbox 7 535 1229 2136">
    <p class='ocr_par' dir='ltr' id='par_1_2' title="bbox 7 535 1229 2136">
     <span class='ocr_line' id='line_1_2' title="bbox 93 535 1224 624; baseline 0.001 -19"><span class='ocrx_word' id='word_1_2' title='bbox 93 541 187 623; x_wconf 79' lang='lat' dir='ltr'><strong>gister</strong></span> <span class='ocrx_word' id='word_1_3' title='bbox 203 539 248 605; x_wconf 89' lang='lat' dir='ltr'><strong>ab</strong></span> <span class='ocrx_word' id='word_1_4' title='bbox 265 539 384 606; x_wconf 89' lang='lat' dir='ltr'><strong>codem</strong></span> <span class='ocrx_word' id='word_1_5' title='bbox 396 535 657 624; x_wconf 85' lang='lat' dir='ltr'><strong>Archiepiscopo</strong></span> <span class='ocrx_word' id='word_1_6' title='bbox 673 535 930 604; x_wconf 89' lang='lat' dir='ltr'><strong>confirmationis</strong></span> <span class='ocrx_word' id='word_1_7' title='bbox 946 537 1087 621; x_wconf 82' lang='lat' dir='ltr'><strong>gratiam</strong></span> <span class='ocrx_word' id='word_1_8' title='bbox 1102 538 1224 606; x_wconf 90' lang='lat' dir='ltr'><strong>obtine·</strong></span> 
     </span>
     <span class='ocr_line' id='line_1_3' title="bbox 94 641 1225 732; baseline -0.001 -19"><span class='ocrx_word' id='word_1_9' title='bbox 94 654 152 731; x_wconf 87' lang='lat' dir='ltr'><strong>ret;</strong></span> <span class='ocrx_word' id='word_1_10' title='bbox 168 653 307 732; x_wconf 87' lang='lat' dir='ltr'><strong>propter</strong></span> <span class='ocrx_word' id='word_1_11' title='bbox 317 645 408 730; x_wconf 84' lang='lat' dir='ltr'><strong>quod</strong></span> <span class='ocrx_word' id='word_1_12' title='bbox 420 641 523 712; x_wconf 87' lang='lat' dir='ltr'><strong>iidem</strong></span> <span class='ocrx_word' id='word_1_13' title='bbox 533 641 689 711; x_wconf 81' lang='lat' dir='ltr'><strong>canonici</strong></span> <span class='ocrx_word' id='word_1_14' title='bbox 700 643 744 710; x_wconf 82' lang='lat' dir='ltr'><strong>al</strong></span> <span class='ocrx_word' id='word_1_15' title='bbox 758 651 906 711; x_wconf 88' lang='lat' dir='ltr'><strong>nostram</strong></span> <span class='ocrx_word' id='word_1_16' title='bbox 916 641 1077 712; x_wconf 87' lang='lat' dir='ltr'><strong>duxerunt</strong></span> <span class='ocrx_word' id='word_1_17' title='bbox 1092 645 1225 713; x_wconf 91' lang='lat' dir='ltr'><strong>andien-</strong></span> 
     </span>
     <span class='ocr_line' id='line_1_4' title="bbox 91 750 1226 840; baseline 0.001 -21"><span class='ocrx_word' id='word_1_18' title='bbox 91 755 164 820; x_wconf 86' lang='lat' dir='ltr'><strong>tiam</strong></span> <span class='ocrx_word' id='word_1_19' title='bbox 174 753 435 840; x_wconf 67' lang='lat' dir='ltr'><strong>appellandum</strong></span> <span class='ocrx_word' id='word_1_20' title='bbox 453 771 589 838; x_wconf 89' lang='lat' dir='ltr'><strong>quorum</strong></span> <span class='ocrx_word' id='word_1_21' title='bbox 599 750 822 839; x_wconf 74' lang='lat' dir='ltr'><strong>appellatione</strong></span> <span class='ocrx_word' id='word_1_22' title='bbox 834 757 1029 838; x_wconf 89' lang='lat' dir='ltr'><strong>contempta,</strong></span> <span class='ocrx_word' id='word_1_23' title='bbox 1041 753 1226 838; x_wconf 88' lang='lat' dir='ltr'><strong>quiaintru-</strong></span> 
     </span>
     <span class='ocr_line' id='line_1_5' title="bbox 93 856 1225 949; baseline -0.002 -21"><span class='ocrx_word' id='word_1_24' title='bbox 93 861 198 949; x_wconf 89' lang='lat' dir='ltr'><strong>soipsi</strong></span> <span class='ocrx_word' id='word_1_25' title='bbox 207 861 371 929; x_wconf 87' lang='lat' dir='ltr'><strong>nolebant</strong></span> <span class='ocrx_word' id='word_1_26' title='bbox 380 856 563 945; x_wconf 87' lang='lat' dir='ltr'><strong>intendere,</strong></span> <span class='ocrx_word' id='word_1_27' title='bbox 575 857 660 926; x_wconf 90' lang='lat' dir='ltr'><strong>sicut</strong></span> <span class='ocrx_word' id='word_1_28' title='bbox 669 859 768 926; x_wconf 89' lang='lat' dir='ltr'><strong>etiam</strong></span> <span class='ocrx_word' id='word_1_29' title='bbox 778 879 840 926; x_wconf 92' lang='lat' dir='ltr'><strong>nec</strong></span> <span class='ocrx_word' id='word_1_30' title='bbox 849 857 1024 947; x_wconf 90' lang='lat' dir='ltr'><strong>debebant,</strong></span> <span class='ocrx_word' id='word_1_31' title='bbox 1033 861 1163 928; x_wconf 84' lang='lat' dir='ltr'><strong>fuerumt</strong></span> <span class='ocrx_word' id='word_1_32' title='bbox 1170 861 1225 926; x_wconf 89' lang='lat' dir='ltr'><strong>bo·</strong></span> 
     </span>
     <span class='ocr_line' id='line_1_6' title="bbox 94 967 1226 1056; baseline -0.002 -19"><span class='ocrx_word' id='word_1_33' title='bbox 94 973 139 1037; x_wconf 90' lang='lat' dir='ltr'><strong>nis</strong></span> <span class='ocrx_word' id='word_1_34' title='bbox 153 969 310 1038; x_wconf 88' lang='lat' dir='ltr'><strong>omnibns</strong></span> <span class='ocrx_word' id='word_1_35' title='bbox 319 967 474 1056; x_wconf 88' lang='lat' dir='ltr'><strong>spoliati;</strong></span> <span class='ocrx_word' id='word_1_36' title='bbox 486 967 572 1035; x_wconf 87' lang='lat' dir='ltr'><strong>unde</strong></span> <span class='ocrx_word' id='word_1_37' title='bbox 587 967 720 1036; x_wconf 85' lang='lat' dir='ltr'><strong>dilectis</strong></span> <span class='ocrx_word' id='word_1_38' title='bbox 734 967 811 1036; x_wconf 88' lang='lat' dir='ltr'><strong>liliis</strong></span> <span class='ocrx_word' id='word_1_39' title='bbox 894 967 1017 1036; x_wconf 79' lang='lat' dir='ltr'><strong>Abbati</strong></span> <span class='ocrx_word' id='word_1_40' title='bbox 1027 969 1140 1036; x_wconf 86' lang='lat' dir='ltr'><strong>Sancti</strong></span> <span class='ocrx_word' id='word_1_41' title='bbox 1150 967 1226 1036; x_wconf 81' lang='lat' dir='ltr'><strong>Got-</strong></span> 
     </span>
     <span class='ocr_line' id='line_1_7' title="bbox 93 1073 1225 1162; baseline 0.001 -17"><span class='ocrx_word' id='word_1_42' title='bbox 93 1075 184 1145; x_wconf 81' lang='lat' dir='ltr'><strong>bardi</strong></span> <span class='ocrx_word' id='word_1_43' title='bbox 200 1083 236 1145; x_wconf 90' lang='lat' dir='ltr'><strong>et</strong></span> <span class='ocrx_word' id='word_1_44' title='bbox 253 1073 484 1145; x_wconf 78' lang='lat' dir='ltr'><strong>couiutlioibus</strong></span> <span class='ocrx_word' id='word_1_45' title='bbox 508 1075 577 1144; x_wconf 88' lang='lat' dir='ltr'><strong>suis</strong></span> <span class='ocrx_word' id='word_1_46' title='bbox 595 1076 762 1158; x_wconf 80' lang='lat' dir='ltr'>negotium</span> <span class='ocrx_word' id='word_1_47' title='bbox 780 1075 888 1162; x_wconf 89' lang='lat' dir='ltr'><strong>ipsum</strong></span> <span class='ocrx_word' id='word_1_48' title='bbox 909 1097 931 1142; x_wconf 92' lang='lat' dir='ltr'><strong>a</strong></span> <span class='ocrx_word' id='word_1_49' title='bbox 943 1076 1038 1144; x_wconf 90' lang='lat' dir='ltr'><strong>nobis</strong></span> <span class='ocrx_word' id='word_1_50' title='bbox 1054 1077 1225 1146; x_wconf 88' lang='lat' dir='ltr'><strong>obtinuere</strong></span> 
     </span>
     <span class='ocr_line' id='line_1_8' title="bbox 95 1182 1227 1272; baseline 0.001 -19"><span class='ocrx_word' id='word_1_51' title='bbox 95 1185 261 1254; x_wconf 89' lang='lat' dir='ltr'><strong>committi.</strong></span> <span class='ocrx_word' id='word_1_52' title='bbox 272 1184 423 1264; x_wconf 80' lang='lat' dir='ltr'><strong>Quicum</strong></span> <span class='ocrx_word' id='word_1_53' title='bbox 437 1183 481 1250; x_wconf 84' lang='lat' dir='ltr'><strong>ad</strong></span> <span class='ocrx_word' id='word_1_54' title='bbox 492 1182 770 1252; x_wconf 82' lang='lat' dir='ltr'><strong>confirmationem</strong></span> <span class='ocrx_word' id='word_1_55' title='bbox 785 1183 953 1254; x_wconf 77' lang='lat' dir='ltr'><strong>electionis</strong></span> <span class='ocrx_word' id='word_1_56' title='bbox 963 1185 1068 1272; x_wconf 89' lang='lat' dir='ltr'><strong>ipsius</strong></span> <span class='ocrx_word' id='word_1_57' title='bbox 1080 1186 1227 1255; x_wconf 90' lang='lat' dir='ltr'><strong>intende·</strong></span> 
     </span>
     <span class='ocr_line' id='line_1_9' title="bbox 95 1290 1225 1382; baseline -0.002 -20"><span class='ocrx_word' id='word_1_58' title='bbox 95 1301 170 1382; x_wconf 87' lang='lat' dir='ltr'><strong>rent,</strong></span> <span class='ocrx_word' id='word_1_59' title='bbox 180 1302 282 1382; x_wconf 87' lang='lat' dir='ltr'><strong>prout</strong></span> <span class='ocrx_word' id='word_1_60' title='bbox 291 1290 717 1381; x_wconf 80' lang='lat' dir='ltr'><strong>acceperantinmanriatis,</strong></span> <span class='ocrx_word' id='word_1_61' title='bbox 727 1293 761 1358; x_wconf 93' lang='lat' dir='ltr'><strong>in</strong></span> <span class='ocrx_word' id='word_1_62' title='bbox 772 1311 894 1378; x_wconf 89' lang='lat' dir='ltr'><strong>omnes,</strong></span> <span class='ocrx_word' id='word_1_63' title='bbox 902 1293 957 1378; x_wconf 86' lang='lat' dir='ltr'><strong>qui</strong></span> <span class='ocrx_word' id='word_1_64' title='bbox 967 1313 1003 1361; x_wconf 89' lang='lat' dir='ltr'><strong>se</strong></span> <span class='ocrx_word' id='word_1_65' title='bbox 1013 1301 1225 1381; x_wconf 89' lang='lat' dir='ltr'><strong>opponerent,</strong></span> 
     </span>
     <span class='ocr_line' id='line_1_10' title="bbox 7 1398 1225 1487; baseline -0.001 -18"><span class='ocrx_word' id='word_1_66' title='bbox 7 1433 8 1436; x_wconf 37' lang='lat'>¹</span> <span class='ocrx_word' id='word_1_67' title='bbox 95 1401 440 1472; x_wconf 71' lang='lat' dir='ltr'><strong>excommunicationis</strong></span> <span class='ocrx_word' id='word_1_68' title='bbox 455 1398 659 1483; x_wconf 80' lang='lat' dir='ltr'><strong>sententiam,</strong></span> <span class='ocrx_word' id='word_1_69' title='bbox 678 1400 762 1466; x_wconf 85' lang='lat' dir='ltr'><strong>sicut</strong></span> <span class='ocrx_word' id='word_1_70' title='bbox 777 1399 905 1485; x_wconf 90' lang='lat' dir='ltr'><strong>dicitur,</strong></span> <span class='ocrx_word' id='word_1_71' title='bbox 922 1401 1172 1487; x_wconf 78' lang='lat' dir='ltr'><strong>promulgando,</strong></span> <span class='ocrx_word' id='word_1_72' title='bbox 1183 1421 1225 1468; x_wconf 87' lang='lat' dir='ltr'><strong>cx</strong></span> 
     </span>
     <span class='ocr_line' id='line_1_11' title="bbox 7 1505 1227 1599; baseline 0 -24"><span class='ocrx_word' id='word_1_73' title='bbox 7 1551 8 1584; x_wconf 66' lang='lat'><strong>,</strong></span> <span class='ocrx_word' id='word_1_74' title='bbox 96 1517 185 1599; x_wconf 79' lang='lat' dir='ltr'><strong>parta</strong></span> <span class='ocrx_word' id='word_1_75' title='bbox 196 1509 304 1596; x_wconf 87' lang='lat' dir='ltr'><strong>ipsius</strong></span> <span class='ocrx_word' id='word_1_76' title='bbox 314 1509 351 1574; x_wconf 89' lang='lat' dir='ltr'><strong>B.</strong></span> <span class='ocrx_word' id='word_1_77' title='bbox 361 1507 561 1575; x_wconf 63' lang='lat' dir='ltr'><strong>mansuem</strong></span> <span class='ocrx_word' id='word_1_78' title='bbox 575 1507 636 1574; x_wconf 84' lang='lat' dir='ltr'><strong>tuit</strong></span> <span class='ocrx_word' id='word_1_79' title='bbox 644 1505 847 1576; x_wconf 87' lang='lat' dir='ltr'><strong>audientiam</strong></span> <span class='ocrx_word' id='word_1_80' title='bbox 856 1507 1071 1594; x_wconf 88' lang='lat' dir='ltr'><strong>appellatum.</strong></span> <span class='ocrx_word' id='word_1_81' title='bbox 1085 1508 1227 1576; x_wconf 82' lang='lat' dir='ltr'><strong>Prodicti</strong></span> 
     </span>
     <span class='ocr_line' id='line_1_12' title="bbox 96 1614 1229 1702; baseline -0.002 -16"><span class='ocrx_word' id='word_1_82' title='bbox 96 1639 168 1686; x_wconf 82' lang='lat' dir='ltr'><strong>sero</strong></span> <span class='ocrx_word' id='word_1_83' title='bbox 183 1616 313 1684; x_wconf 87' lang='lat' dir='ltr'><strong>iudices</strong></span> <span class='ocrx_word' id='word_1_84' title='bbox 338 1615 409 1682; x_wconf 88' lang='lat' dir='ltr'><strong>eius</strong></span> <span class='ocrx_word' id='word_1_85' title='bbox 424 1614 678 1701; x_wconf 84' lang='lat' dir='ltr'><strong>appellationem</strong></span> <span class='ocrx_word' id='word_1_86' title='bbox 693 1620 881 1702; x_wconf 84' lang='lat' dir='ltr'><strong>reputantes</strong></span> <span class='ocrx_word' id='word_1_87' title='bbox 896 1615 1067 1702; x_wconf 78' lang='lat' dir='ltr'><strong>frivolam,</strong></span> <span class='ocrx_word' id='word_1_88' title='bbox 1093 1623 1128 1683; x_wconf 88' lang='lat' dir='ltr'><strong>et</strong></span> <span class='ocrx_word' id='word_1_89' title='bbox 1141 1616 1229 1701; x_wconf 88' lang='lat' dir='ltr'><strong>qnie-</strong></span> 
     </span>
     <span class='ocr_line' id='line_1_13' title="bbox 99 1721 1227 1812; baseline -0.002 -20"><span class='ocrx_word' id='word_1_90' title='bbox 99 1726 171 1812; x_wconf 80' lang='lat' dir='ltr'><strong>quid</strong></span> <span class='ocrx_word' id='word_1_91' title='bbox 186 1725 229 1790; x_wconf 89' lang='lat' dir='ltr'><strong>dc</strong></span> <span class='ocrx_word' id='word_1_92' title='bbox 239 1724 315 1810; x_wconf 90' lang='lat' dir='ltr'><strong>ipso</strong></span> <span class='ocrx_word' id='word_1_93' title='bbox 329 1721 452 1810; x_wconf 79' lang='lat' dir='ltr'><strong>sactum</strong></span> <span class='ocrx_word' id='word_1_94' title='bbox 461 1722 577 1804; x_wconf 82' lang='lat' dir='ltr'><strong>luerat,</strong></span> <span class='ocrx_word' id='word_1_95' title='bbox 594 1721 769 1808; x_wconf 88' lang='lat' dir='ltr'><strong>irritantes,</strong></span> <span class='ocrx_word' id='word_1_96' title='bbox 781 1723 974 1790; x_wconf 89' lang='lat' dir='ltr'><strong>electionem</strong></span> <span class='ocrx_word' id='word_1_97' title='bbox 984 1723 1026 1790; x_wconf 87' lang='lat' dir='ltr'><strong>de</strong></span> <span class='ocrx_word' id='word_1_98' title='bbox 1036 1723 1227 1809; x_wconf 79' lang='lat' dir='ltr'><strong>supradicto</strong></span> 
     </span>
     <span class='ocr_line' id='line_1_14' title="bbox 99 1829 1228 1918; baseline -0.004 -16"><span class='ocrx_word' id='word_1_99' title='bbox 99 1833 256 1918; x_wconf 82' lang='lat' dir='ltr'><strong>llagistro</strong></span> <span class='ocrx_word' id='word_1_100' title='bbox 282 1831 406 1898; x_wconf 80' lang='lat' dir='ltr'><strong>iactam</strong></span> <span class='ocrx_word' id='word_1_101' title='bbox 427 1829 664 1897; x_wconf 73' lang='lat' dir='ltr'><strong>sententialiter</strong></span> <span class='ocrx_word' id='word_1_102' title='bbox 688 1830 928 1898; x_wconf 84' lang='lat' dir='ltr'><strong>confirmarunt</strong></span> <span class='ocrx_word' id='word_1_103' title='bbox 954 1831 1228 1899; x_wconf 88' lang='lat' dir='ltr'><strong>Procuratcribus</strong></span> 
     </span>
     <span class='ocr_line' id='line_1_15' title="bbox 101 1936 1229 2026; baseline -0.004 -17"><span class='ocrx_word' id='word_1_104' title='bbox 101 1941 193 2025; x_wconf 72' lang='lat' dir='ltr'><strong>igitur</strong></span> <span class='ocrx_word' id='word_1_105' title='bbox 208 1939 360 2008; x_wconf 88' lang='lat' dir='ltr'><strong>eiusdem</strong></span> <span class='ocrx_word' id='word_1_106' title='bbox 375 1940 412 2006; x_wconf 90' lang='grc' dir='ltr'><strong>Β.</strong></span> <span class='ocrx_word' id='word_1_107' title='bbox 429 1937 518 2025; x_wconf 90' lang='lat' dir='ltr'><strong>apud</strong></span> <span class='ocrx_word' id='word_1_108' title='bbox 537 1936 656 2006; x_wconf 86' lang='lat' dir='ltr'><strong>Sedem</strong></span> <span class='ocrx_word' id='word_1_109' title='bbox 671 1937 896 2024; x_wconf 67' lang='lat' dir='ltr'><strong>apostolicam</strong></span> <span class='ocrx_word' id='word_1_110' title='bbox 913 1938 1107 2024; x_wconf 89' lang='lat' dir='ltr'><strong>constitutis,</strong></span> <span class='ocrx_word' id='word_1_111' title='bbox 1123 1945 1156 2006; x_wconf 88' lang='lat' dir='ltr'><strong>et</strong></span> <span class='ocrx_word' id='word_1_112' title='bbox 1170 1959 1229 2026; x_wconf 90' lang='lat' dir='ltr'><strong>ap-</strong></span> 
     </span>
     <span class='ocr_line' id='line_1_16' title="bbox 7 2045 1227 2136; baseline -0.006 -16"><span class='ocrx_word' id='word_1_113' title='bbox 7 2117 8 2120; x_wconf 63' lang='lat'><strong>,</strong></span> <span class='ocrx_word' id='word_1_114' title='bbox 99 2047 320 2136; x_wconf 81' lang='lat' dir='ltr'><strong>pellationcm,</strong></span> <span class='ocrx_word' id='word_1_115' title='bbox 342 2055 379 2114; x_wconf 89' lang='lat' dir='ltr'><strong>ut</strong></span> <span class='ocrx_word' id='word_1_116' title='bbox 394 2045 556 2129; x_wconf 89' lang='lat' dir='ltr'><strong>dicebant,</strong></span> <span class='ocrx_word' id='word_1_117' title='bbox 573 2045 843 2132; x_wconf 77' lang='lat' dir='ltr'><strong>prosequentibus</strong></span> <span class='ocrx_word' id='word_1_118' title='bbox 861 2046 1076 2133; x_wconf 83' lang='lat' dir='ltr'><strong>interiectam,</strong></span> <span class='ocrx_word' id='word_1_119' title='bbox 1093 2045 1227 2115; x_wconf 83' lang='lat' dir='ltr'><strong>iamdic-</strong></span> 
     </span>
    </p>
   </div>
   <div class='ocr_carea' id='block_1_3' title="bbox 7 2153 1227 2224">
    <p class='ocr_par' dir='ltr' id='par_1_3' title="bbox 7 2153 1227 2224">
     <span class='ocr_line' id='line_1_17' title="bbox 7 2153 1227 2224; baseline -0.002 0"><span class='ocrx_word' id='word_1_120' title='bbox 7 2187 8 2192; x_wconf 65' lang='lat'><strong>,</strong></span> <span class='ocrx_word' id='word_1_121' title='bbox 100 2165 150 2224; x_wconf 87' lang='lat' dir='ltr'><strong>tus</strong></span> <span class='ocrx_word' id='word_1_122' title='bbox 174 2154 406 2224; x_wconf 80' lang='lat' dir='ltr'><strong>subdiaconus</strong></span> <span class='ocrx_word' id='word_1_123' title='bbox 421 2173 531 2220; x_wconf 88' lang='lat' dir='ltr'><strong>coram</strong></span> <span class='ocrx_word' id='word_1_124' title='bbox 548 2153 666 2223; x_wconf 88' lang='lat' dir='ltr'><strong>dilecto</strong></span> <span class='ocrx_word' id='word_1_125' title='bbox 683 2155 750 2223; x_wconf 88' lang='lat' dir='ltr'><strong>lilio</strong></span> <span class='ocrx_word' id='word_1_126' title='bbox 765 2160 875 2224; x_wconf 71' lang='lat' dir='ltr'><strong>norbo</strong></span> <span class='ocrx_word' id='word_1_127' title='bbox 884 2156 922 2223; x_wconf 84' lang='lat' dir='ltr'><strong>R.</strong></span> <span class='ocrx_word' id='word_1_128' title='bbox 939 2157 1060 2224; x_wconf 83' lang='lat' dir='ltr'><strong>Sancte</strong></span> <span class='ocrx_word' id='word_1_129' title='bbox 1074 2157 1178 2224; x_wconf 87' lang='lat' dir='ltr'><strong>llario</strong></span> <span class='ocrx_word' id='word_1_130' title='bbox 1191 2155 1227 2222; x_wconf 91' lang='lat' dir='ltr'><strong>in</strong></span> 
     </span>
    </p>
   </div>
   <div class='ocr_carea' id='block_1_4' title="bbox 100 2259 1231 2564">
    <p class='ocr_par' dir='ltr' id='par_1_4' title="bbox 100 2259 1231 2564">
     <span class='ocr_line' id='line_1_18' title="bbox 101 2259 1228 2351; baseline -0.001 -20"><span class='ocrx_word' id='word_1_131' title='bbox 101 2261 273 2331; x_wconf 58' lang='lat' dir='ltr'><strong>&amp;emedio</strong></span> <span class='ocrx_word' id='word_1_132' title='bbox 289 2260 439 2330; x_wconf 88' lang='lat' dir='ltr'><strong>Diacono</strong></span> <span class='ocrx_word' id='word_1_133' title='bbox 456 2259 635 2348; x_wconf 82' lang='lat' dir='ltr'><strong>Cardinali,</strong></span> <span class='ocrx_word' id='word_1_134' title='bbox 661 2282 758 2346; x_wconf 86' lang='lat' dir='ltr'><strong>quern</strong></span> <span class='ocrx_word' id='word_1_135' title='bbox 772 2263 837 2330; x_wconf 91' lang='lat' dir='ltr'><strong>sibi</strong></span> <span class='ocrx_word' id='word_1_136' title='bbox 853 2269 886 2330; x_wconf 87' lang='lat' dir='ltr'><strong>et</strong></span> <span class='ocrx_word' id='word_1_137' title='bbox 901 2265 1024 2332; x_wconf 85' lang='lat' dir='ltr'><strong>eisdem</strong></span> <span class='ocrx_word' id='word_1_138' title='bbox 1041 2269 1228 2351; x_wconf 89' lang='lat' dir='ltr'><strong>procurato·</strong></span> 
     </span>
     <span class='ocr_line' id='line_1_19' title="bbox 100 2369 1231 2458; baseline 0.001 -23"><span class='ocrx_word' id='word_1_139' title='bbox 100 2370 185 2437; x_wconf 89' lang='lat' dir='ltr'><strong>ribus</strong></span> <span class='ocrx_word' id='word_1_140' title='bbox 200 2369 388 2436; x_wconf 83' lang='lat' dir='ltr'><strong>auditorem</strong></span> <span class='ocrx_word' id='word_1_141' title='bbox 401 2369 631 2455; x_wconf 85' lang='lat' dir='ltr'><strong>concessimus,</strong></span> <span class='ocrx_word' id='word_1_142' title='bbox 644 2369 838 2456; x_wconf 85' lang='lat' dir='ltr'><strong>excipiendo</strong></span> <span class='ocrx_word' id='word_1_143' title='bbox 853 2372 1032 2458; x_wconf 88' lang='lat' dir='ltr'><strong>proposuit,</strong></span> <span class='ocrx_word' id='word_1_144' title='bbox 1043 2371 1132 2454; x_wconf 88' lang='lat' dir='ltr'><strong>quod</strong></span> <span class='ocrx_word' id='word_1_145' title='bbox 1141 2372 1179 2436; x_wconf 90' lang='lat' dir='ltr'><strong>B.</strong></span> <span class='ocrx_word' id='word_1_146' title='bbox 1196 2375 1231 2436; x_wconf 89' lang='lat' dir='ltr'><strong>et</strong></span> 
     </span>
     <span class='ocr_line' id='line_1_20' title="bbox 100 2475 1231 2564; baseline -0.001 -21"><span class='ocrx_word' id='word_1_147' title='bbox 100 2485 326 2564; x_wconf 72' lang='lat' dir='ltr'><strong>procuratores</strong></span> <span class='ocrx_word' id='word_1_148' title='bbox 342 2475 492 2542; x_wconf 88' lang='lat' dir='ltr'><strong>iamdicti</strong></span> <span class='ocrx_word' id='word_1_149' title='bbox 507 2483 573 2542; x_wconf 87' lang='lat' dir='ltr'><strong>tam</strong></span> <span class='ocrx_word' id='word_1_150' title='bbox 583 2475 627 2543; x_wconf 92' lang='lat' dir='ltr'><strong>ab</strong></span> <span class='ocrx_word' id='word_1_151' title='bbox 642 2475 944 2546; x_wconf 80' lang='lat' dir='ltr'><strong>eisdom&#39;iudicibus</strong></span> <span class='ocrx_word' id='word_1_152' title='bbox 960 2485 994 2544; x_wconf 91' lang='lat' dir='ltr'><strong>et</strong></span> <span class='ocrx_word' id='word_1_153' title='bbox 1003 2476 1231 2561; x_wconf 78' lang='lat' dir='ltr'><strong>subdelegatis</strong></span> 
     </span>
    </p>
   </div>
   <div class='ocr_carea' id='block_1_5' title="bbox 7 2582 1338 2672">
    <p class='ocr_par' dir='ltr' id='par_1_5' title="bbox 7 2582 1338 2672">
     <span class='ocr_line' id='line_1_21' title="bbox 7 2582 1338 2672; baseline 0 -22"><span class='ocrx_word' id='word_1_154' title='bbox 7 2647 8 2650; x_wconf 74' lang='grc'>,</span> <span class='ocrx_word' id='word_1_155' title='bbox 99 2587 252 2672; x_wconf 89' lang='lat' dir='ltr'><strong>ipsorum,</strong></span> <span class='ocrx_word' id='word_1_156' title='bbox 270 2602 372 2668; x_wconf 89' lang='lat' dir='ltr'><strong>quam</strong></span> <span class='ocrx_word' id='word_1_157' title='bbox 387 2602 448 2670; x_wconf 90' lang='lat' dir='ltr'><strong>pro</strong></span> <span class='ocrx_word' id='word_1_158' title='bbox 465 2604 514 2667; x_wconf 93' lang='lat' dir='ltr'><strong>co,</strong></span> <span class='ocrx_word' id='word_1_159' title='bbox 541 2582 629 2669; x_wconf 87' lang='lat' dir='ltr'><strong>quod</strong></span> <span class='ocrx_word' id='word_1_160' title='bbox 649 2583 904 2652; x_wconf 81' lang='lat' dir='ltr'><strong>verberaverunt</strong></span> <span class='ocrx_word' id='word_1_161' title='bbox 928 2590 962 2650; x_wconf 91' lang='lat' dir='ltr'><strong>et</strong></span> <span class='ocrx_word' id='word_1_162' title='bbox 976 2585 1232 2652; x_wconf 86' lang='lat' dir='ltr'><strong>vulneraverunt</strong></span> <span class='ocrx_word' id='word_1_163' title='bbox 1334 2595 1338 2601; x_wconf 86' lang='lat'>&#39;</span> 
     </span>
    </p>
   </div>
   <div class='ocr_carea' id='block_1_6' title="bbox 7 2681 1263 4718">
    <p class='ocr_par' dir='ltr' id='par_1_6' title="bbox 7 2681 1263 4718">
     <span class='ocr_line' id='line_1_22' title="bbox 7 2681 1230 2778; baseline -0.003 -17"><span class='ocrx_word' id='word_1_164' title='bbox 7 2681 8 2716; x_wconf 68' lang='lat' dir='ltr'><strong>r</strong></span> <span class='ocrx_word' id='word_1_165' title='bbox 100 2714 137 2761; x_wconf 86' lang='lat' dir='ltr'><strong>ac</strong></span> <span class='ocrx_word' id='word_1_166' title='bbox 151 2695 436 2760; x_wconf 80' lang='lat' dir='ltr'><strong>incarceraverunt</strong></span> <span class='ocrx_word' id='word_1_167' title='bbox 450 2692 609 2778; x_wconf 86' lang='lat' dir='ltr'><strong>quosdam</strong></span> <span class='ocrx_word' id='word_1_168' title='bbox 625 2693 772 2777; x_wconf 85' lang='lat' dir='ltr'><strong>clericos,</strong></span> <span class='ocrx_word' id='word_1_169' title='bbox 788 2693 918 2762; x_wconf 85' lang='lat' dir='ltr'><strong>viuculo</strong></span> <span class='ocrx_word' id='word_1_170' title='bbox 938 2702 1032 2760; x_wconf 88' lang='lat' dir='ltr'><strong>erant</strong></span> <span class='ocrx_word' id='word_1_171' title='bbox 1047 2712 1230 2762; x_wconf 82' lang='lat' dir='ltr'><strong>excommu-</strong></span> 
     </span>
     <span class='ocr_line' id='line_1_23' title="bbox 7 2800 1232 2889; baseline -0.001 -20"><span class='ocrx_word' id='word_1_172' title='bbox 7 2823 8 2880; x_wconf 49' lang='grc' dir='ltr'><strong>ξ</strong></span> <span class='ocrx_word' id='word_1_173' title='bbox 98 2800 273 2870; x_wconf 73' lang='lat' dir='ltr'><strong>nicationis</strong></span> <span class='ocrx_word' id='word_1_174' title='bbox 288 2800 426 2884; x_wconf 82' lang='lat' dir='ltr'><strong>astricti,</strong></span> <span class='ocrx_word' id='word_1_175' title='bbox 443 2819 594 2870; x_wconf 88' lang='lat' dir='ltr'><strong>asserens</strong></span> <span class='ocrx_word' id='word_1_176' title='bbox 609 2802 840 2870; x_wconf 88' lang='lat' dir='ltr'><strong>nichilominus</strong></span> <span class='ocrx_word' id='word_1_177' title='bbox 856 2822 892 2870; x_wconf 92' lang='lat' dir='ltr'><strong>se</strong></span> <span class='ocrx_word' id='word_1_178' title='bbox 905 2822 963 2889; x_wconf 89' lang='lat' dir='ltr'><strong>per</strong></span> <span class='ocrx_word' id='word_1_179' title='bbox 977 2803 1119 2870; x_wconf 89' lang='lat' dir='ltr'><strong>eundem</strong></span> <span class='ocrx_word' id='word_1_180' title='bbox 1135 2801 1172 2868; x_wconf 90' lang='lat' dir='ltr'><strong>B.</strong></span> <span class='ocrx_word' id='word_1_181' title='bbox 1190 2821 1232 2868; x_wconf 88' lang='lat' dir='ltr'><strong>ac</strong></span> 
     </span>
     <span class='ocr_line' id='line_1_24' title="bbox 102 2909 1232 2997; baseline 0 -22"><span class='ocrx_word' id='word_1_182' title='bbox 102 2909 280 2997; x_wconf 89' lang='lat' dir='ltr'><strong>complices</strong></span> <span class='ocrx_word' id='word_1_183' title='bbox 290 2928 368 2978; x_wconf 88' lang='lat' dir='ltr'><strong>suos</strong></span> <span class='ocrx_word' id='word_1_184' title='bbox 383 2910 594 2996; x_wconf 86' lang='lat' dir='ltr'><strong>possessione</strong></span> <span class='ocrx_word' id='word_1_185' title='bbox 604 2911 824 2997; x_wconf 83' lang='lat' dir='ltr'><strong>Episcopatus</strong></span> <span class='ocrx_word' id='word_1_186' title='bbox 833 2910 1069 2997; x_wconf 82' lang='lat' dir='ltr'><strong>Waradiensis,</strong></span> <span class='ocrx_word' id='word_1_187' title='bbox 1085 2910 1120 2977; x_wconf 92' lang='lat' dir='ltr'><strong>in</strong></span> <span class='ocrx_word' id='word_1_188' title='bbox 1132 2929 1232 2994; x_wconf 90' lang='lat' dir='ltr'><strong>quam</strong></span> 
     </span>
     <span class='ocr_line' id='line_1_25' title="bbox 102 3016 1231 3104; baseline 0.002 -21"><span class='ocrx_word' id='word_1_189' title='bbox 102 3016 303 3084; x_wconf 80' lang='lat' dir='ltr'><strong>uindicibus</strong></span> <span class='ocrx_word' id='word_1_190' title='bbox 317 3016 401 3104; x_wconf 91' lang='lat' dir='ltr'><strong>ipsis</strong></span> <span class='ocrx_word' id='word_1_191' title='bbox 425 3037 485 3103; x_wconf 92' lang='lat' dir='ltr'><strong>per</strong></span> <span class='ocrx_word' id='word_1_192' title='bbox 500 3024 727 3104; x_wconf 85' lang='lat' dir='ltr'><strong>procuratores</strong></span> <span class='ocrx_word' id='word_1_193' title='bbox 752 3038 829 3086; x_wconf 88' lang='lat' dir='ltr'><strong>suos</strong></span> <span class='ocrx_word' id='word_1_194' title='bbox 843 3019 994 3086; x_wconf 88' lang='lat' dir='ltr'><strong>inductus</strong></span> <span class='ocrx_word' id='word_1_195' title='bbox 1016 3018 1133 3104; x_wconf 84' lang='lat' dir='ltr'><strong>luerat,</strong></span> <span class='ocrx_word' id='word_1_196' title='bbox 1158 3036 1231 3103; x_wconf 92' lang='lat' dir='ltr'><strong>spc-</strong></span> 
     </span>
     <span class='ocr_line' id='line_1_26' title="bbox 102 3124 1233 3214; baseline -0.002 -22"><span class='ocrx_word' id='word_1_197' title='bbox 102 3126 226 3193; x_wconf 73' lang='lat' dir='ltr'><strong>lictum.</strong></span> <span class='ocrx_word' id='word_1_198' title='bbox 252 3124 385 3192; x_wconf 77' lang='lat' dir='ltr'><strong>Adiecit</strong></span> <span class='ocrx_word' id='word_1_199' title='bbox 409 3125 552 3212; x_wconf 87' lang='lat' dir='ltr'><strong>insuper,</strong></span> <span class='ocrx_word' id='word_1_200' title='bbox 578 3127 757 3210; x_wconf 86' lang='lat' dir='ltr'><strong>quodcum</strong></span> <span class='ocrx_word' id='word_1_201' title='bbox 776 3127 855 3194; x_wconf 88' lang='lat' dir='ltr'><strong>dicti</strong></span> <span class='ocrx_word' id='word_1_202' title='bbox 879 3133 1103 3214; x_wconf 86' lang='lat' dir='ltr'><strong>procuratores</strong></span> <span class='ocrx_word' id='word_1_203' title='bbox 1128 3145 1233 3212; x_wconf 86' lang='lat' dir='ltr'><strong>nuper</strong></span> 
     </span>
     <span class='ocr_line' id='line_1_27' title="bbox 102 3231 1233 3321; baseline 0 -21"><span class='ocrx_word' id='word_1_204' title='bbox 102 3235 189 3321; x_wconf 86' lang='lat' dir='ltr'><strong>apud</strong></span> <span class='ocrx_word' id='word_1_205' title='bbox 203 3231 378 3301; x_wconf 80' lang='lat' dir='ltr'><strong>Anconam</strong></span> <span class='ocrx_word' id='word_1_206' title='bbox 402 3233 500 3304; x_wconf 91' lang='lat' dir='ltr'><strong>tracti</strong></span> <span class='ocrx_word' id='word_1_207' title='bbox 516 3235 561 3301; x_wconf 79' lang='lat' dir='ltr'><strong>acl</strong></span> <span class='ocrx_word' id='word_1_208' title='bbox 576 3233 733 3301; x_wconf 89' lang='lat' dir='ltr'><strong>iudicium</strong></span> <span class='ocrx_word' id='word_1_209' title='bbox 759 3254 869 3303; x_wconf 90' lang='lat' dir='ltr'><strong>coram</strong></span> <span class='ocrx_word' id='word_1_210' title='bbox 887 3283 935 3306; x_wconf 91' lang='lat'><strong>...</strong></span> <span class='ocrx_word' id='word_1_211' title='bbox 951 3235 1082 3304; x_wconf 87' lang='lat' dir='ltr'><strong>Vicaric</strong></span> <span class='ocrx_word' id='word_1_212' title='bbox 1098 3255 1233 3302; x_wconf 84' lang='lat' dir='ltr'><strong>venera·</strong></span> 
     </span>
     <span class='ocr_line' id='line_1_28' title="bbox 101 3340 1234 3430; baseline -0.002 -22"><span class='ocrx_word' id='word_1_213' title='bbox 101 3341 174 3409; x_wconf 92' lang='lat' dir='ltr'><strong>bilis</strong></span> <span class='ocrx_word' id='word_1_214' title='bbox 191 3341 308 3408; x_wconf 82' lang='lat' dir='ltr'><strong>fratris</strong></span> <span class='ocrx_word' id='word_1_215' title='bbox 331 3340 434 3408; x_wconf 91' lang='lat' dir='ltr'><strong>nostri</strong></span> <span class='ocrx_word' id='word_1_216' title='bbox 516 3341 713 3408; x_wconf 86' lang='lat' dir='ltr'><strong>Anconitaui</strong></span> <span class='ocrx_word' id='word_1_217' title='bbox 729 3341 886 3429; x_wconf 80' lang='lat' dir='ltr'><strong>Episcopi</strong></span> <span class='ocrx_word' id='word_1_218' title='bbox 901 3362 1000 3430; x_wconf 91' lang='lat' dir='ltr'><strong>snper</strong></span> <span class='ocrx_word' id='word_1_219' title='bbox 1016 3362 1066 3430; x_wconf 92' lang='lat' dir='ltr'><strong>eo,</strong></span> <span class='ocrx_word' id='word_1_220' title='bbox 1091 3341 1179 3427; x_wconf 86' lang='lat' dir='ltr'><strong>qnod</strong></span> <span class='ocrx_word' id='word_1_221' title='bbox 1195 3359 1234 3407; x_wconf 92' lang='lat' dir='ltr'><strong>se</strong></span> 
     </span>
     <span class='ocr_line' id='line_1_29' title="bbox 101 3447 1233 3536; baseline 0 -22"><span class='ocrx_word' id='word_1_222' title='bbox 101 3448 233 3517; x_wconf 84' lang='lat' dir='ltr'><strong>dicebat</strong></span> <span class='ocrx_word' id='word_1_223' title='bbox 247 3447 447 3532; x_wconf 85' lang='lat' dir='ltr'><strong>quibusdam</strong></span> <span class='ocrx_word' id='word_1_224' title='bbox 463 3449 560 3516; x_wconf 87' lang='lat' dir='ltr'><strong>rebus</strong></span> <span class='ocrx_word' id='word_1_225' title='bbox 576 3450 754 3536; x_wconf 89' lang='lat' dir='ltr'><strong>spoliatum</strong></span> <span class='ocrx_word' id='word_1_226' title='bbox 771 3451 814 3516; x_wconf 87' lang='lat' dir='ltr'><strong>ab</strong></span> <span class='ocrx_word' id='word_1_227' title='bbox 830 3449 923 3535; x_wconf 78' lang='lat' dir='ltr'><strong>ipsis,</strong></span> <span class='ocrx_word' id='word_1_228' title='bbox 948 3471 984 3518; x_wconf 90' lang='lat' dir='ltr'><strong>se</strong></span> <span class='ocrx_word' id='word_1_229' title='bbox 1000 3448 1233 3518; x_wconf 86' lang='lat' dir='ltr'><strong>contumaciter</strong></span> 
     </span>
     <span class='ocr_line' id='line_1_30' title="bbox 101 3553 1234 3642; baseline -0.001 -19"><span class='ocrx_word' id='word_1_230' title='bbox 101 3556 342 3642; x_wconf 86' lang='lat' dir='ltr'><strong>absentasscnt,</strong></span> <span class='ocrx_word' id='word_1_231' title='bbox 366 3553 454 3623; x_wconf 88' lang='lat' dir='ltr'><strong>idem</strong></span> <span class='ocrx_word' id='word_1_232' title='bbox 470 3557 618 3624; x_wconf 91' lang='lat' dir='ltr'><strong>Vicarius</strong></span> <span class='ocrx_word' id='word_1_233' title='bbox 638 3555 713 3624; x_wconf 87' lang='lat' dir='ltr'><strong>tulit</strong></span> <span class='ocrx_word' id='word_1_234' title='bbox 738 3557 1082 3626; x_wconf 83' lang='lat' dir='ltr'><strong>excommnuicationis</strong></span> <span class='ocrx_word' id='word_1_235' title='bbox 1108 3563 1234 3626; x_wconf 87' lang='lat' dir='ltr'><strong>senteu-</strong></span> 
     </span>
     <span class='ocr_line' id='line_1_31' title="bbox 101 3662 1232 3752; baseline 0 -22"><span class='ocrx_word' id='word_1_236' title='bbox 101 3663 181 3730; x_wconf 82' lang='lat' dir='ltr'><strong>tiam</strong></span> <span class='ocrx_word' id='word_1_237' title='bbox 196 3664 232 3728; x_wconf 92' lang='lat' dir='ltr'><strong>in</strong></span> <span class='ocrx_word' id='word_1_238' title='bbox 250 3663 394 3731; x_wconf 87' lang='lat' dir='ltr'><strong>eosdem.</strong></span> <span class='ocrx_word' id='word_1_239' title='bbox 421 3662 568 3750; x_wconf 78' lang='lat' dir='ltr'><strong>Cumque</strong></span> <span class='ocrx_word' id='word_1_240' title='bbox 591 3663 730 3751; x_wconf 89' lang='lat' dir='ltr'><strong>receptis</strong></span> <span class='ocrx_word' id='word_1_241' title='bbox 746 3685 844 3752; x_wconf 90' lang='lat' dir='ltr'><strong>snper</strong></span> <span class='ocrx_word' id='word_1_242' title='bbox 869 3665 1054 3734; x_wconf 88' lang='lat' dir='ltr'><strong>huiusmodi</strong></span> <span class='ocrx_word' id='word_1_243' title='bbox 1070 3665 1232 3751; x_wconf 87' lang='lat' dir='ltr'><strong>exceptio-</strong></span> 
     </span>
     <span class='ocr_line' id='line_1_32' title="bbox 102 3769 1234 3858; baseline 0 -22"><span class='ocrx_word' id='word_1_244' title='bbox 102 3771 197 3838; x_wconf 85' lang='lat' dir='ltr'><strong>nibus</strong></span> <span class='ocrx_word' id='word_1_245' title='bbox 212 3769 411 3856; x_wconf 81' lang='lat' dir='ltr'><strong>quibusdam</strong></span> <span class='ocrx_word' id='word_1_246' title='bbox 426 3771 573 3856; x_wconf 90' lang='lat' dir='ltr'><strong>testibus,</strong></span> <span class='ocrx_word' id='word_1_247' title='bbox 594 3772 857 3840; x_wconf 88' lang='lat' dir='ltr'><strong>attestationibus</strong></span> <span class='ocrx_word' id='word_1_248' title='bbox 879 3772 1054 3858; x_wconf 89' lang='lat' dir='ltr'><strong>publicatis</strong></span> <span class='ocrx_word' id='word_1_249' title='bbox 1071 3781 1104 3839; x_wconf 90' lang='lat' dir='ltr'><strong>et</strong></span> <span class='ocrx_word' id='word_1_250' title='bbox 1118 3771 1234 3839; x_wconf 77' lang='lat' dir='ltr'><strong>macu-</strong></span> 
     </span>
     <span class='ocr_line' id='line_1_33' title="bbox 7 3877 1237 3968; baseline -0.001 -24"><span class='ocrx_word' id='word_1_251' title='bbox 7 3933 8 3960; x_wconf 80' lang='lat'><strong>,</strong></span> <span class='ocrx_word' id='word_1_252' title='bbox 103 3880 224 3945; x_wconf 91' lang='lat' dir='ltr'><strong>mentis</strong></span> <span class='ocrx_word' id='word_1_253' title='bbox 241 3877 406 3962; x_wconf 86' lang='lat' dir='ltr'><strong>exhibitis,</strong></span> <span class='ocrx_word' id='word_1_254' title='bbox 433 3887 507 3964; x_wconf 88' lang='lat' dir='ltr'><strong>post</strong></span> <span class='ocrx_word' id='word_1_255' title='bbox 522 3877 796 3947; x_wconf 88' lang='lat' dir='ltr'><strong>concertationem</strong></span> <span class='ocrx_word' id='word_1_256' title='bbox 822 3879 982 3947; x_wconf 89' lang='lat' dir='ltr'><strong>diutinam</strong></span> <span class='ocrx_word' id='word_1_257' title='bbox 996 3900 1077 3968; x_wconf 90' lang='lat' dir='ltr'><strong>pars</strong></span> <span class='ocrx_word' id='word_1_258' title='bbox 1093 3878 1237 3944; x_wconf 79' lang='lat' dir='ltr'><strong>adversa</strong></span> 
     </span>
     <span class='ocr_line' id='line_1_34' title="bbox 103 3984 1237 4070; baseline 0.002 -20"><span class='ocrx_word' id='word_1_259' title='bbox 103 4005 139 4051; x_wconf 88' lang='lat' dir='ltr'><strong>sc</strong></span> <span class='ocrx_word' id='word_1_260' title='bbox 161 3984 284 4052; x_wconf 90' lang='lat' dir='ltr'><strong>obtulit</strong></span> <span class='ocrx_word' id='word_1_261' title='bbox 308 3984 529 4070; x_wconf 86' lang='lat' dir='ltr'><strong>probaturam,</strong></span> <span class='ocrx_word' id='word_1_262' title='bbox 555 3985 643 4070; x_wconf 88' lang='lat' dir='ltr'><strong>quod</strong></span> <span class='ocrx_word' id='word_1_263' title='bbox 657 3985 757 4052; x_wconf 88' lang='lat' dir='ltr'><strong>iidem</strong></span> <span class='ocrx_word' id='word_1_264' title='bbox 777 3993 877 4053; x_wconf 88' lang='lat' dir='ltr'><strong>testes</strong></span> <span class='ocrx_word' id='word_1_265' title='bbox 903 3991 995 4053; x_wconf 86' lang='lat' dir='ltr'><strong>erant</strong></span> <span class='ocrx_word' id='word_1_266' title='bbox 1019 3985 1168 4067; x_wconf 87' lang='lat' dir='ltr'><strong>infames,</strong></span> <span class='ocrx_word' id='word_1_267' title='bbox 1194 4004 1237 4052; x_wconf 92' lang='lat' dir='ltr'><strong>ac</strong></span> 
     </span>
     <span class='ocr_line' id='line_1_35' title="bbox 102 4089 1236 4180; baseline 0.001 -21"><span class='ocrx_word' id='word_1_268' title='bbox 102 4112 162 4180; x_wconf 93' lang='lat' dir='ltr'><strong>per</strong></span> <span class='ocrx_word' id='word_1_269' title='bbox 185 4092 253 4160; x_wconf 88' lang='lat' dir='ltr'><strong>hoo</strong></span> <span class='ocrx_word' id='word_1_270' title='bbox 277 4089 399 4158; x_wconf 89' lang='lat' dir='ltr'><strong>debeat</strong></span> <span class='ocrx_word' id='word_1_271' title='bbox 414 4110 525 4158; x_wconf 91' lang='lat' dir='ltr'><strong>eorum</strong></span> <span class='ocrx_word' id='word_1_272' title='bbox 548 4091 769 4160; x_wconf 88' lang='lat' dir='ltr'><strong>testimonium</strong></span> <span class='ocrx_word' id='word_1_273' title='bbox 792 4113 857 4159; x_wconf 91' lang='lat' dir='ltr'><strong>non</strong></span> <span class='ocrx_word' id='word_1_274' title='bbox 872 4093 994 4178; x_wconf 86' lang='lat' dir='ltr'><strong>valere,</strong></span> <span class='ocrx_word' id='word_1_275' title='bbox 1020 4094 1236 4160; x_wconf 88' lang='lat' dir='ltr'><strong>instrumenta</strong></span> 
     </span>
     <span class='ocr_line' id='line_1_36' title="bbox 103 4198 1263 4286; baseline 0.001 -20"><span class='ocrx_word' id='word_1_276' title='bbox 103 4207 219 4266; x_wconf 87' lang='lat' dir='ltr'><strong>contra</strong></span> <span class='ocrx_word' id='word_1_277' title='bbox 236 4217 275 4265; x_wconf 89' lang='lat' dir='ltr'><strong>se</strong></span> <span class='ocrx_word' id='word_1_278' title='bbox 290 4198 934 4286; x_wconf 80' lang='lat' dir='ltr'><strong>productamultipliciterimpugnando:</strong></span> <span class='ocrx_word' id='word_1_279' title='bbox 952 4221 993 4266; x_wconf 92' lang='lat' dir='ltr'><strong>ne</strong></span> <span class='ocrx_word' id='word_1_280' title='bbox 1008 4219 1066 4286; x_wconf 92' lang='lat' dir='ltr'><strong>per</strong></span> <span class='ocrx_word' id='word_1_281' title='bbox 1082 4198 1238 4267; x_wconf 85' lang='lat' dir='ltr'><strong>circuitus</strong></span> <span class='ocrx_word' id='word_1_282' title='bbox 1260 4243 1263 4246; x_wconf 96' lang='lat'>-</span> 
     </span>
     <span class='ocr_line' id='line_1_37' title="bbox 7 4305 1237 4394; baseline -0.003 -16"><span class='ocrx_word' id='word_1_283' title='bbox 7 4367 8 4378; x_wconf 70' lang='grc'>,</span> <span class='ocrx_word' id='word_1_284' title='bbox 103 4307 215 4375; x_wconf 82' lang='lat' dir='ltr'><strong>varios</strong></span> <span class='ocrx_word' id='word_1_285' title='bbox 231 4314 265 4372; x_wconf 90' lang='lat' dir='ltr'><strong>et</strong></span> <span class='ocrx_word' id='word_1_286' title='bbox 280 4305 448 4372; x_wconf 79' lang='lat' dir='ltr'><strong>anfractus</strong></span> <span class='ocrx_word' id='word_1_287' title='bbox 472 4306 657 4394; x_wconf 86' lang='lat' dir='ltr'><strong>principale</strong></span> <span class='ocrx_word' id='word_1_288' title='bbox 681 4307 848 4394; x_wconf 87' lang='lat' dir='ltr'><strong>negotium</strong></span> <span class='ocrx_word' id='word_1_289' title='bbox 868 4307 902 4374; x_wconf 94' lang='lat' dir='ltr'><strong>in</strong></span> <span class='ocrx_word' id='word_1_290' title='bbox 919 4326 1052 4391; x_wconf 82' lang='lat' dir='ltr'><strong>gravem</strong></span> <span class='ocrx_word' id='word_1_291' title='bbox 1077 4308 1237 4374; x_wconf 88' lang='lat' dir='ltr'><strong>lesionem</strong></span> 
     </span>
     <span class='ocr_line' id='line_1_38' title="bbox 103 4412 1239 4502; baseline 0 -21"><span class='ocrx_word' id='word_1_292' title='bbox 103 4412 253 4482; x_wconf 87' lang='lat' dir='ltr'><strong>eiusdem</strong></span> <span class='ocrx_word' id='word_1_293' title='bbox 267 4412 421 4480; x_wconf 87' lang='lat' dir='ltr'><strong>Ecclesie</strong></span> <span class='ocrx_word' id='word_1_294' title='bbox 437 4413 638 4502; x_wconf 82' lang='lat' dir='ltr'><strong>contingeret</strong></span> <span class='ocrx_word' id='word_1_295' title='bbox 654 4415 827 4500; x_wconf 88' lang='lat' dir='ltr'><strong>retardari,</strong></span> <span class='ocrx_word' id='word_1_296' title='bbox 844 4416 927 4483; x_wconf 88' lang='lat' dir='ltr'><strong>illud</strong></span> <span class='ocrx_word' id='word_1_297' title='bbox 943 4415 1122 4482; x_wconf 90' lang='lat' dir='ltr'><strong>venerabili</strong></span> <span class='ocrx_word' id='word_1_298' title='bbox 1143 4414 1239 4481; x_wconf 85' lang='lat' dir='ltr'><strong>fratri</strong></span> 
     </span>
     <span class='ocr_line' id='line_1_39' title="bbox 103 4517 1238 4609; baseline -0.003 -19"><span class='ocrx_word' id='word_1_299' title='bbox 103 4531 215 4590; x_wconf 89' lang='lat' dir='ltr'><strong>nostro</strong></span> <span class='ocrx_word' id='word_1_300' title='bbox 233 4573 240 4590; x_wconf 94' lang='lat'><strong>.</strong></span> <span class='ocrx_word' id='word_1_301' title='bbox 256 4571 286 4588; x_wconf 92' lang='lat'><strong>..</strong></span> <span class='ocrx_word' id='word_1_302' title='bbox 304 4521 471 4606; x_wconf 85' lang='lat' dir='ltr'><strong>Episcopo</strong></span> <span class='ocrx_word' id='word_1_303' title='bbox 482 4517 682 4609; x_wconf 86' lang='lat' dir='ltr'><strong>Penestrino,</strong></span> <span class='ocrx_word' id='word_1_304' title='bbox 703 4530 780 4589; x_wconf 89' lang='lat' dir='ltr'><strong>tnnc</strong></span> <span class='ocrx_word' id='word_1_305' title='bbox 789 4523 979 4609; x_wconf 85' lang='lat' dir='ltr'><strong>Apostolice</strong></span> <span class='ocrx_word' id='word_1_306' title='bbox 995 4523 1090 4591; x_wconf 84' lang='lat' dir='ltr'><strong>Sedis</strong></span> <span class='ocrx_word' id='word_1_307' title='bbox 1100 4523 1238 4606; x_wconf 84' lang='lat' dir='ltr'><strong>Legato,</strong></span> 
     </span>
     <span class='ocr_line' id='line_1_40' title="bbox 104 4628 1239 4718; baseline -0.004 -20"><span class='ocrx_word' id='word_1_308' title='bbox 104 4631 240 4700; x_wconf 84' lang='lat' dir='ltr'><strong>subhac</strong></span> <span class='ocrx_word' id='word_1_309' title='bbox 256 4630 370 4700; x_wconf 83' lang='lat' dir='ltr'><strong>forma</strong></span> <span class='ocrx_word' id='word_1_310' title='bbox 385 4628 536 4697; x_wconf 84' lang='lat' dir='ltr'><strong>duximus</strong></span> <span class='ocrx_word' id='word_1_311' title='bbox 547 4631 819 4718; x_wconf 86' lang='lat' dir='ltr'><strong>committendum,</strong></span> <span class='ocrx_word' id='word_1_312' title='bbox 843 4638 878 4697; x_wconf 90' lang='lat' dir='ltr'><strong>ut</strong></span> <span class='ocrx_word' id='word_1_313' title='bbox 889 4639 1067 4699; x_wconf 89' lang='lat' dir='ltr'><strong>memorato</strong></span> <span class='ocrx_word' id='word_1_314' title='bbox 1078 4629 1239 4712; x_wconf 80' lang='lat' dir='ltr'><strong>Magistro</strong></span> 
     </span>
    </p>
   </div>
   <div class='ocr_carea' id='block_1_7' title="bbox 0 0 1579 5150">
    <p class='ocr_par' dir='ltr' id='par_1_7' title="bbox 0 0 1579 5150">
     <span class='ocr_line' id='line_1_41' title="bbox 0 0 1579 5150; baseline 0 0"><span class='ocrx_word' id='word_1_315' title='bbox 0 0 1579 5150; x_wconf 95' lang='lat' dir='ltr'><strong> </strong></span> 
     </span>
    </p>
   </div>
  </div>
 </body>
</html>
