3198 5160
594 333 750 438 jas

109 533 164 620 qai
178 531 347 602 vanientes
374 549 431 618 per
444 539 567 600 terram
582 532 684 600 Sudal
710 531 869 621 eaptivati
885 541 960 601 sunt
975 553 997 600 a
1011 533 1105 601 Duae
1126 534 1239 622 Sudal,

108 648 140 708 et
164 642 292 708 litteras
316 640 398 725 Regi
424 640 544 708 missas
561 641 637 708 Dux
662 641 719 708 ille
734 643 860 729 recepit
886 642 929 709 ab
956 642 1023 727 eis,
1050 651 1083 710 et
1110 645 1240 729 legatos

110 751 200 834 ipsos
215 769 289 816 enm
304 748 404 818 soeiis
429 747 508 814 mihi
523 747 687 833 deputatis
704 750 802 816 etiam
818 749 898 816 vidi.
923 749 1092 817 Predietas
1109 751 1236 818 litteras

110 857 345 924 aDuoeSudal
361 856 441 924 mihi
457 856 554 923 datas
570 855 614 922 ad
623 857 747 940 Regem
757 855 904 941 Ungarie
924 856 1105 942 deportavi.
1118 857 1240 924 Littera
1366 939 1370 952 Ι

110 974 221 1031 antem
246 964 367 1048 seripte
393 971 468 1032 suut
494 964 610 1032 litteris
637 964 786 1050 paganis,
813 963 873 1030 sed
897 963 1011 1048 lingua
1034 965 1238 1031 Thartariea.

110 1070 207 1138 Unde
223 1073 293 1139 Rex
308 1091 376 1157 eas,
401 1071 456 1157 qui
473 1073 600 1157 possint
617 1073 727 1155 legere
742 1073 861 1140 multos
877 1072 1019 1156 invenit;
1044 1070 1103 1138 sed
1119 1069 1239 1137 intelli-

111 1185 226 1262 gentes
251 1177 360 1244 nullos
376 1179 511 1247 invenit.
538 1179 607 1246 Nos
624 1185 734 1246 autern
749 1199 822 1246 eum
848 1179 1060 1246 transiremus
1085 1197 1144 1265 per
1159 1177 1236 1244 Oar-

111 1284 256 1352 maniam
267 1284 323 1370 (P),
341 1286 507 1354 civitatem
533 1307 684 1370 magnam
710 1307 887 1373 paganam,
913 1287 1086 1374 quemdam
1114 1285 1239 1352 inveni·

112 1413 195 1478 mus,
222 1393 277 1476 qui
303 1413 360 1460 eas
385 1395 479 1462 nobis
504 1401 555 1462 est
578 1395 820 1481 interpretatus.
847 1397 907 1462 Est
930 1402 1039 1462 autem
1063 1393 1123 1460 beo
1141 1395 1240 1460 inter-

112 1499 275 1586 pretatio:

225 1607 316 1696 „Ego
333 1607 459 1694 (thaym
487 1611 619 1677 nuntius
639 1612 738 1694 Regis
762 1609 911 1696 celestis,
938 1611 990 1676 eui
1016 1609 1106 1677 dedit
1130 1617 1240 1696 poten·

112 1717 195 1782 tiam
219 1735 318 1801 super
341 1722 464 1785 terram
488 1717 685 1786 subicientes
712 1721 745 1785 in
761 1739 798 1786 se
823 1719 974 1804 exaltari,
1002 1725 1034 1785 et
1059 1718 1242 1804 deprimere

113 1823 340 1892 adversantes.
357 1824 457 1891 Miror
472 1824 514 1890 de
529 1833 571 1910 te,
591 1827 661 1892 Rex
677 1825 833 1911 Ungarie,
850 1825 1022 1908 quodcum
1039 1825 1182 1892 miserim
1199 1825 1241 1891 ad

113 1940 147 2000 te
173 1934 241 1998 ianr
259 1932 424 2000 tricesima
439 1935 511 2001 vioe
527 1934 666 2019 legatos,
693 1953 794 2018 quare
819 1933 863 2002 ad
878 1953 931 2000 me
955 1933 1079 2000 nullum
1103 1933 1241 2000 remittis

30 2117 34 2122 ⁸
114 2061 157 2108 ex
183 2039 336 2107 eisdem?
360 2041 420 2108 sed
434 2061 495 2107 nae
514 2042 645 2108 nuntios
670 2047 745 2108 tuos
759 2041 813 2109 vel
837 2043 966 2108 litteras
991 2041 1070 2108 mibi
1093 2039 1240 2107 remittis.

113 2147 202 2233 Soio,
229 2147 316 2234 quod
332 2152 402 2216 Rex
428 2150 521 2218 dives
546 2170 581 2217 es
607 2157 639 2216 et
655 2158 781 2238 potens,
809 2157 842 2218 et
860 2151 980 2218 multos
1006 2151 1067 2217 sub
1083 2157 1115 2217 te
1141 2149 1242 2217 habes

114 2257 248 2339 milites,
265 2257 420 2340 solusque
430 2258 594 2342 gubernas
609 2277 763 2340 magnum
773 2259 932 2341 Regnum.
949 2257 1093 2342 Ideoque
1109 2255 1242 2323 diffieile

114 2372 234 2450 sponte
250 2371 282 2431 te
297 2365 376 2432 mihi
392 2365 533 2451 subieia;
551 2366 666 2432 molius
676 2364 735 2430 tibi
751 2370 860 2432 tamen
875 2367 962 2432 esset
977 2372 1009 2430 et
1020 2365 1196 2450 salubridt,
1213 2367 1241 2431 si

114 2477 148 2538 te
163 2471 331 2540 subiceres
355 2479 471 2559 sponte
494 2473 585 2540 mihi.
610 2473 762 2541 Intellexi
787 2473 929 2558 insuper,
956 2470 1042 2555 quod
1068 2471 1241 2556 Cumanos,

114 2598 228 2648 servos
244 2598 344 2664 meos,
371 2580 432 2647 sub
448 2588 506 2647 tna
519 2579 721 2667 preteetiono
737 2579 904 2661 detineas;
932 2578 1019 2646 unde
1033 2581 1153 2646 mando
1169 2579 1241 2663 tibi,

114 2707 156 2753 ne
174 2705 232 2752 eos
249 2686 290 2752 de
307 2691 414 2754 aetero
440 2686 529 2771 apud
545 2694 577 2752 te
593 2705 657 2752 non
673 2697 798 2770 teneas,
823 2692 856 2752 et
871 2704 922 2750 me
938 2685 1162 2752 adversarium
1180 2685 1241 2753 tibi

115 2813 182 2861 non
198 2792 322 2860 habeas
332 2799 465 2881 propter
479 2793 589 2880 ipsos;
606 2792 738 2860 facilius
755 2793 901 2860 estenim
917 2794 966 2859 eis
977 2790 1128 2879 evadere,
1145 2811 1242 2877 quarn

114 2899 196 2986 tibi;
214 2901 292 2984 quia
308 2899 356 2966 illi
371 2902 443 2966 sine
458 2901 607 2970 domibus
623 2921 696 2968 oum
712 2900 861 2968 tentoriis
878 2900 1083 2968 ambulantes
1104 2878 1242 2988 possunt

114 3007 255 3076 forsitan
263 3005 414 3094 evadere,
431 3015 465 3076 tu
481 3015 591 3078 autem
601 3011 635 3076 in
652 3009 803 3076 domibus
819 3008 982 3091 habitans,
1000 3007 1123 3077 habens
1134 3017 1243 3076 eastra

118 3122 151 3182 et
166 3115 328 3200 civitates,
346 3116 484 3199 qualiter
499 3117 639 3202 effugies
656 3137 771 3184 manus
792 3135 881 3183 meas
892 3115 909 3180 t
919 3115 948 3182 !“
1173 3107 1181 3118 ’

225 3222 292 3290 Sed
306 3223 367 3291 heo
382 3242 448 3290 non
464 3224 712 3310 pretermittam.
738 3225 859 3290 Iterum
875 3221 951 3289 dum
966 3241 1028 3308 ego
1050 3225 1192 3291 remansi
1207 3227 1241 3293 in

114 3333 209 3400 ouria
218 3333 376 3418 Romana,
392 3341 620 3420 precesserunt
629 3353 681 3400 me
695 3331 740 3400 ad
748 3333 903 3416 Magnam
913 3331 1094 3416 Ungariam
1103 3341 1243 3418 quatuor

113 3443 235 3510 iratres
261 3441 335 3525 mei,
361 3441 416 3524 qui
440 3443 697 3526 pertransientes
722 3459 781 3524 per
796 3445 916 3506 terram
936 3437 1048 3524 Sudal,
1075 3438 1242 3508 infinibus

114 3547 221 3634 Regni
238 3547 307 3615 eius
322 3556 529 3617 oecurrerunt
553 3545 749 3632 quibusdam
765 3547 907 3634 Ungaris
925 3547 1068 3633 paganis
1091 3547 1242 3632 fugienti·

115 3659 177 3724 bos
194 3677 216 3723 a
229 3657 315 3725 faeie
330 3658 572 3741 Thartarorum,
597 3657 653 3740 qui
668 3655 808 3723 libenter
824 3656 922 3722 fidem
938 3653 1140 3723 Catholioam
1156 3677 1243 3724 reee·

115 3767 253 3854 pissent.
293 3765 334 3831 Et
361 3764 439 3834 dum
470 3785 583 3832 versus
608 3765 792 3849 Ungariam
817 3763 1035 3831 Christianam
1065 3765 1241 3852 venissent,

114 3874 255 3941 audiens
271 3875 347 3940 Dux
363 3873 530 3958 prediatus
546 3873 587 3940 de
603 3872 718 3960 Sudal,
734 3871 924 3957 indignatus
946 3871 1102 3939 fratribus
1118 3873 1242 3958 predio-

114 3984 157 4049 tia
173 3982 336 4050 revocatis
348 3981 496 4068 inhibuit,
513 4003 555 4049 ne
570 3983 678 4068 legem
689 3983 870 4048 Romanam
881 3979 1087 4067 predioarent
1097 3980 1241 4066 Ungaris

116 4091 312 4174 memoratis,
338 4096 371 4156 et
386 4095 519 4176 propter
533 4090 596 4156 hoo
612 4089 737 4174 expulit
762 4087 881 4154 iratres
904 4085 1068 4174 prediotoa
1094 4087 1241 4155 deterre

116 4221 196 4287 sua;
221 4205 332 4265 tamen
356 4198 482 4281 absque
507 4197 669 4281 molestia,
695 4195 752 4280 qui
777 4197 925 4264 nolentes
949 4195 1065 4278 redire,
1094 4204 1127 4261 et
1152 4197 1240 4264 viam

115 4309 237 4376 saetam
255 4307 351 4374 saeile
367 4305 541 4392 dimittere,
559 4303 807 4374 declinaverunt
822 4305 864 4371 ad
881 4304 1046 4372 civitatem
1067 4305 1239 4391 Reoessue,

117 4419 144 4486 si
158 4419 248 4486 viam
263 4417 433 4505 haberent,
460 4423 496 4482 nt
510 4415 543 4484 in
560 4415 713 4500 Magnam
729 4414 921 4502 Ungariam,
938 4414 992 4480 vel
1008 4413 1052 4480 ad
1067 4412 1241 4482 Morduea-

26 4535 28 4618 t,
118 4549 185 4613 nos,
203 4526 257 4594 vel
272 4523 316 4592 ad
331 4525 422 4610 ipsos
437 4525 616 4590 Thartaros
632 4523 877 4610 pertransirent.
902 4522 1038 4591 Duobus
1055 4529 1165 4588 autem
1180 4521 1242 4591 ira·

27 4627 28 4687 3
116 4637 219 4705 tribus
244 4634 290 4701 ibi
305 4632 439 4718 reliotis,
465 4651 507 4699 ex
522 4633 615 4718 ipsis,
642 4631 809 4701 eonduetia
835 4631 1077 4719 interpretibus,
1103 4633 1137 4698 iu
1157 4631 1244 4703 testo
