3112 5148
557 313 713 416 ju—

71 511 148 577 Petri
167 509 356 596 Budensis3
382 517 515 596 aparte
539 531 617 579 uero
641 510 837 580 oooidautali
861 520 911 580 est
935 514 1092 600 ooutigna
1115 521 1200 584 terre

67 619 260 705 populorum
286 620 328 686 de
346 617 427 686 uilla
443 620 603 704 Beseneu,
630 627 663 686 et
678 621 712 686 iu
730 619 846 688 eadem
862 627 950 688 terra
965 622 1094 692 Pardeu
1112 623 1200 690 dedi-

68 747 127 794 uus
144 727 218 794 duo
237 726 426 794 molendina
443 727 532 794 oiroa
547 727 680 795 fluuium
701 727 825 796 Bakus.
851 725 933 795 Item
948 737 1015 799 tres
1035 749 1149 800 seruos
1166 733 1197 799 in

67 837 180 902 eadem
194 844 289 904 terra
305 835 433 902 Pardeu
450 835 639 922 residentes,
657 835 809 904 videlieet
823 836 964 920 Simouu,
984 845 1016 904 et
1032 840 1197 907 Mortunus
1256 841 1259 847 '

67 944 164 1010 ilium
182 944 268 1029 eius,
285 943 520 1028 aeSjmeonem
538 943 668 1009 fratrem
679 944 759 1010 eius.
777 943 857 1010 Item
873 944 996 1012 inuilla
1009 985 1048 995 -—
1062 983 1104 994 —
1115 967 1197 1014 eneu

66 1051 139 1119 duas
159 1053 356 1120 mansiones
383 1050 597 1118 castrensium
615 1053 655 1118 de
674 1053 861 1138 Zulgageur
887 1054 947 1119 sub
963 1053 1079 1122 eadem
1103 1055 1197 1122 liber·

65 1169 133 1242 tale,
173 1161 262 1227 sient
288 1160 331 1226 ad
359 1160 509 1228 Castrum
535 1161 750 1246 pertinebant.
783 1159 923 1226 Nomina
949 1180 1026 1228 uero
1051 1161 1195 1248 ipsorum

65 1269 259 1335 rustioorum
276 1275 353 1335 sunt
363 1269 404 1334 Η.
421 1268 500 1336 item
518 1267 712 1352 etllndarej.
730 1267 932 1336 contulimus
949 1270 1052 1336 eoiam
1064 1270 1195 1336 vineam

65 1377 194 1461 llieolaj
211 1375 418 1460 maccellarij
444 1375 526 1444 oiuis
542 1375 702 1444 Budensis
728 1396 832 1459 suam,
859 1378 942 1445 inter
961 1378 1091 1446 vineam
1107 1377 1193 1445 Petri

63 1485 111 1571 filij
130 1483 306 1552 Gntbman
335 1490 487 1569 exparte
512 1505 586 1566 una,
614 1491 645 1550 et
664 1483 815 1568 Magistri
838 1485 968 1571 Nioolaj
995 1485 1193 1555 sueoentoris

63 1593 234 1675 Bullensis,
252 1599 286 1660 et
303 1593 412 1678 Egydi
429 1613 469 1659 ex
486 1593 600 1678 altera,
629 1591 772 1660 desunoti
789 1595 861 1659 siue
877 1593 1048 1660 heredibus
1065 1592 1109 1660 ad
1125 1614 1191 1660 ma-

63 1723 115 1768 nus
129 1701 261 1786 Regias
278 1699 470 1770 deuolutam
486 1700 663 1768 seeundum
679 1701 784 1786 Regni
810 1704 912 1770 nostri
928 1701 1192 1772 consuetudinem

63 1809 289 1896 approbatam,
317 1809 582 1876 iureuooabiliter
599 1818 632 1876 ot
657 1810 873 1896 perhemniter
898 1808 1122 1898 posidendam.
1149 1811 1193 1876 Vt

63 1926 163 1983 autem
180 1917 350 2002 premissa
379 1917 517 1984 donacio
538 1917 607 1984 siue
634 1917 773 1984 tradieio
792 1923 905 1984 nostra
925 1917 1022 1983 robur
1046 1918 1191 1984 obtineat

63 2032 213 2109 perpetue
231 2021 406 2104 firmitatis,
433 2030 603 2109 prenotato
620 2025 817 2092 blonasterio
833 2023 946 2090 Saneti
961 2023 1141 2106 lliohaelis‚
1158 2031 1190 2090 et

63 2130 211 2197 muribus
230 2130 356 2197 ibidem
370 2132 441 2198 Deo
459 2129 692 2198 famulantibus
708 2131 836 2198 litteras
856 2137 1024 2216 presentes
1041 2132 1075 2198 in
1091 2131 1189 2198 stabi·

64 2239 178 2306 litatem
198 2245 398 2325 perpetuam
415 2239 634 2306 concessimus
661 2238 822 2324 dupplieis
848 2238 948 2322 sigilli
965 2241 1068 2307 nostri
1088 2240 1188 2306 mnni-

64 2349 137 2414 miue
152 2351 343 2416 roboratas.
369 2348 494 2413 Datum
512 2367 596 2414 anuo
612 2347 856 2414 lnoarnaeionis
878 2347 1048 2414 Dominioe
1065 2349 1110 2414 Μο
1121 2345 1187 2414 00⁰

62 2455 313 2539 quadragesimo
324 2455 450 2538 quinto,
463 2461 578 2523 ootauo
589 2454 1068 2538 kalendasDeeembris,Regui
1080 2461 1187 2522 autem

64 2563 148 2629 nmtri
162 2583 254 2630 anuo
273 2561 459 2629 undecimo.

64 2757 91 2820 {A
103 2762 273 2814 keresztesels
289 2761 375 2813 budai
391 2759 537 2812 felhdvviri
551 2760 752 2826 konnentJdnelr
774 2761 886 2814 rurs-ki
899 2757 1054 2826 ttirartool,
1075 2761 1186 2815 abudai

426 2847 477 2899 kir.
492 2848 612 2899 karnarni
625 2844 814 2915 leviltdrban.)

488 3135 754 3154 town-m

582 3587 658 3656 129.

61 3767 107 3837 ll.
132 3773 229 3838 rme
249 3767 408 3856 pdprinalr
434 3790 454 3832 a
479 3770 637 3854 moapolol
662 3769 753 3834 ellani
777 3769 1071 3855 opilotlrozodnpoa
1097 3769 1183 3854 lyons·

416 3877 544 3962 epphdzn‘
558 3879 708 3943 solomon.
725 3875 822 3940 1245.

148 4075 345 4142 Iuoeentius
362 4071 544 4157 Episcopus
571 4092 685 4139 seruus
713 4091 879 4140 seruorum
896 4070 969 4138 Dei.
997 4067 1181 4136 (lhristiane

57 4181 217 4268 religionis
237 4181 361 4248 onltom
389 4177 520 4265 longius
535 4178 699 4263 latiusque
722 4200 780 4268 per
796 4181 906 4248 orbem
927 4175 1065 4244 diffundi
1084 4194 1182 4260 super

59 4289 154 4358 nuria
181 4290 370 4375 cupientes,
396 4288 631 4356 inextimabilis
650 4287 771 4356 doloris
798 4291 862 4354 telo
884 4285 1125 4368 transfodimur‚
1153 4284 1181 4352 si

58 4400 178 4478 quando
189 4397 298 4482 aliqui
310 4397 359 4464 sie
370 4404 480 4466 nostro
491 4398 524 4464 in
541 4398 602 4464 hao
619 4403 713 4485 parte
724 4397 859 4464 obviant
868 4397 1043 4482 desiderio,
1061 4394 1182 4462 affeetu

57 4510 212 4575 sutrarm
224 4514 257 4574 et
271 4507 400 4590 affeetu,
418 4506 505 4590 quod
520 4507 626 4590 ipsum
641 4507 762 4574 nultum
773 4505 882 4575 delere
899 4507 1027 4592 penitus
1044 4503 1181 4571 deterre

56 4616 222 4700 superficie
240 4613 332 4681 omni
351 4615 468 4700 studio,
486 4621 618 4701 totaque
635 4614 783 4704 potentia
797 4611 982 4680 moliuntur.
1003 4612 1089 4677 Saue
1101 4611 1179 4676 Tar·
