3134 5158
326 873 388 939 IV.
405 873 484 940 Beda
499 873 665 960 kirrilyuak
680 871 802 938 Koncbc'
817 871 935 958 fuldje'c
960 880 1112 963 tcirqyozo'
1134 877 1315 963 cdonrdnya
1333 875 1464 942 Kaukoi

626 979 736 1066 qued
751 991 859 1046 macter·
876 985 1032 1048 cadurcium.
1052 981 1148 1047 1251.

443 1143 526 1210 Bela
544 1141 606 1208 Dei
630 1140 745 1226 gracia
764 1139 943 1226 Hungarie,
966 1141 1146 1228 Dalmaoie‚
1169 1141 1316 1230 Oroudia
1341 1147 1459 1230 Bane,

327 1249 459 1334 Seruio,
493 1247 651 1333 Gallieic,
686 1247 899 1332 Lodomerie,
939 1248 1160 1334 Cumanieque
1195 1254 1265 1320 Rex
1304 1253 1459 1322 omnibus

328 1377 465 1446 presens
489 1357 644 1445 scriptum
667 1355 863 1444 inspecturis
889 1357 1029 1424 salutem
1052 1357 1086 1425 in
1112 1359 1256 1428 omnium
1279 1362 1458 1430 saluatore.

328 1463 381 1536 Ad
406 1466 630 1536 uniuersorum
656 1463 810 1531 noticiam
828 1470 894 1531 tam
920 1467 1123 1551 presencium
1149 1487 1248 1554 quarn
1272 1469 1456 1538 futurorum

329 1581 441 1642 tenore
465 1572 669 1660 presencium
696 1573 848 1639 volumus
873 1573 1064 1656 peruenire;
1091 1574 1179 1658 quod
1203 1577 1363 1662 Magister
1378 1577 1460 1662 Egi-

297 1745 300 1750 .
330 1681 405 1749 dius
431 1681 518 1748 filius
534 1677 693 1746 Laurenoi
693 1680 708 1762 j
726 1677 767 1746 de
782 1677 904 1746 Konka
927 1678 1035 1748 fidelis
1052 1687 1162 1748 noster
1177 1681 1219 1748 ad
1242 1691 1388 1752 nostram
1405 1705 1460 1752 ac·

272 1849 293 1859 ,,
329 1787 449 1856 cedens
474 1786 701 1872 presenciam,
728 1784 894 1853 humiliter
920 1785 1015 1854 nobis
1040 1789 1236 1876 suplicauit,
1263 1797 1397 1878 petens,
1424 1800 1463 1860 nt

332 1895 496 1983 quandam
520 1900 642 1962 terram
667 1893 835 1962 fabrorum
860 1899 1054 1980 nostrorum,
1078 1915 1142 1980 qne
1160 1897 1286 1964 Koncbi
1312 1905 1461 1985 vocatur,

330 2008 587 2071 commetanaan
604 2007 690 2066 terre
706 2019 774 2082 sue,
789 2017 928 2066 vacuam
944 2006 977 2068 et
992 2001 1233 2070 habitatoribus
1252 2003 1459 2088 destitutam,

331 2109 396 2178 sibi
411 2109 455 2176 ob
471 2105 587 2174 merita
603 2103 816 2174 seruiciorum
832 2121 964 2174 suorum
980 2105 1022 2175 de
1045 2108 1248 2193 benignitate
1265 2112 1370 2196 Regia
1385 2132 1461 2178 eon-

259 2199 261 2204 ’
288 2210 291 2216 ’
332 2217 417 2300 ferre
433 2215 652 2303 dignaremur.
680 2213 797 2281 Verum
814 2211 891 2298 quia
907 2213 949 2282 dc
963 2235 1014 2300 eo,
1039 2215 1126 2300 quod
1142 2235 1183 2284 ea
1199 2224 1286 2286 terra
1300 2225 1389 2286 essct
1405 2241 1460 2288 va-

332 2308 396 2396 cua
411 2332 444 2392 et
459 2319 699 2392 habitatoribus
715 2319 870 2390 destituta
884 2321 980 2390 nobis
996 2323 1145 2410 plenaria
1161 2327 1283 2394 veritas
1301 2347 1366 2396 non
1381 2347 1458 2395 cun·

333 2432 452 2518 stabat,
468 2430 587 2498 diiecto
604 2437 637 2498 et
652 2427 741 2496 iideii
751 2431 864 2495 nostro
876 2429 1057 2498 venerabili
1076 2431 1162 2518 patri
1172 2433 1312 2500 Hamoni
1323 2435 1461 2524 Episco-

332 2561 375 2628 po
391 2537 555 2623 vaciensi,
572 2545 608 2604 vt
623 2536 667 2604 ad
682 2535 774 2604 iliam
789 2543 908 2603 terram
924 2537 1104 2624 accederet,
1125 2545 1159 2606 cb
1173 2557 1257 2622 eam,
1274 2541 1303 2607 si
1320 2560 1462 2608 vacuam

331 2647 502 2732 inueniret,
528 2644 634 2712 eidem
650 2643 845 2728 assignaret,
873 2644 991 2712 nostris
1008 2642 1157 2714 dedimus
1181 2646 1297 2714 litteris
1318 2648 1353 2714 in
1369 2667 1462 2714 man-

331 2753 429 2822 datis.
453 2751 544 2820 Ideni
558 2750 669 2834 itaque
685 2747 882 2816 venerabilia
904 2755 996 2836 pater
1011 2750 1116 2820 Hanno
1132 2751 1315 2840 Episcopus
1324 2753 1462 2822 Vacicn-

331 2859 378 2928 sis
393 2859 497 2944 Regio
523 2858 752 2945 obtemperans
769 2856 934 2942 mandato,
962 2858 1159 2946 sciscebat,
1186 2859 1271 2928 sicut
1289 2861 1385 2930 nobis
1411 2881 1462 2929 re·

332 2965 472 3054 scripsit,
492 2983 678 3052 supeream
694 2964 891 3050 accedendo,
908 2965 1032 3034 inuenit
1052 2967 1232 3053 predictam
1248 2975 1368 3038 terram
1383 2987 1465 3038 esse

332 3093 488 3159 vacuam
515 3090 612 3157 quam
628 3071 815 3141 conuocatis
840 3074 1072 3142 commetaneis
1087 3083 1120 3144 et
1136 3074 1256 3142 vicinis
1281 3076 1314 3144 in
1336 3077 1465 3146 eisdem

332 3182 428 3251 metis
455 3189 488 3249 et
514 3181 682 3262 terminis,
703 3179 737 3248 in
761 3179 881 3264 quibus
907 3179 1045 3265 predicti
1070 3180 1153 3248 iabri
1179 3184 1281 3252 nostri
1307 3185 1466 3271 possede-

333 3296 419 3373 runt,
435 3288 524 3358 nullo
541 3287 777 3355 contradictore
805 3287 965 3356 existente
980 3284 1023 3354 de
1039 3295 1148 3356 nostro
1164 3289 1320 3358 mandate
1345 3292 1468 3360 statuit

334 3395 491 3482 Magistro
514 3391 633 3480 Egidio
649 3391 690 3460 de
705 3393 827 3462 Konka
843 3392 993 3480 superius
1008 3393 1105 3463 dicto.
1133 3396 1204 3464 Nos
1219 3397 1320 3482 igitur
1335 3399 1376 3465 ob
1392 3418 1466 3466 nnc·

331 3504 398 3570 rita
422 3501 632 3572 seruiciornm
659 3501 805 3569 eiusdem
820 3500 969 3587 Magistri
986 3501 1097 3588 Egidij
1124 3503 1218 3572 nobis
1242 3503 1379 3572 fideliter
1404 3505 1468 3572 im-

333 3630 520 3699 pensorum,
537 3613 683 3678 volentes
699 3609 762 3677 sibi
778 3610 883 3693 Regio
903 3629 1073 3678 occursare
1091 3630 1163 3678 cunr
1188 3610 1311 3697 fauore,
1337 3611 1467 3682 dictam

333 3725 452 3786 terram
476 3715 644 3784 fabrorum
669 3721 851 3784 nostrorum
876 3716 1014 3802 Koaeby
1031 3723 1191 3804 vocatam,
1217 3719 1323 3787 eidem
1347 3725 1381 3786 et
1399 3739 1466 3805 per

332 3827 439 3911 ipsum
456 3823 525 3891 suis
550 3822 721 3890 heredibus
738 3821 956 3909 heredumque
973 3843 1103 3892 suorum
1128 3825 1371 3894 successoribus
1381 3827 1466 3912 jure

331 3939 488 4020 perpetuo
505 3928 698 3997 auctoritate
714 3929 918 4016 presencium
935 3930 1086 3999 duximus
1103 3931 1334 4000 conferendam
1353 3933 1465 4018 dupii-

331 4042 379 4108 cis
394 4039 496 4126 sigilli
513 4039 615 4106 nostri
632 4039 808 4105 munimine
824 4038 1017 4107 roborando.
1044 4041 1166 4108 Datum
1182 4061 1240 4127 per
1255 4059 1371 4108 manus
1387 4041 1464 4110 Ma·

332 4149 427 4231 gistri
451 4146 576 4213 Thome
592 4143 881 4231 Vico-Cancellarij
909 4143 1020 4212 dilecti
1046 4153 1078 4213 et
1097 4146 1204 4215 tidelis
1229 4147 1342 4228 nostri,
1368 4165 1464 4219 anno

331 4255 464 4322 Domini
482 4253 656 4322 millesimo
681 4251 899 4321 ducentesimo
918 4255 1188 4339 quinquagesimo
1206 4263 1330 4341 quarto,
1351 4257 1464 4344 Regni

333 4369 439 4449 autern
456 4362 559 4429 nostri
576 4381 660 4430 anno
678 4361 803 4428 decimo
820 4381 915 4429 nono.

387 4501 467 4567 (Regi
481 4500 639 4560 bitaiesitobt
651 4501 765 4557 mdeolat
778 4501 1001 4570 Kbrmdcrbdnya
1015 4523 1050 4558 sz.
1065 4507 1092 4558 lr.
1105 4502 1184 4558 rdros
1197 4503 1403 4570 revelatricem.)
