3148 5156
859 849 936 916 342.

337 1035 397 1100 IV.
420 1037 496 1100 Bc'lu
520 1037 622 1119 leiruilp
649 1033 735 1097 chel·
751 1033 1068 1118 seraruoluataroacl
1094 1032 1232 1096 Barredel·
1257 1044 1364 1094 auster·
1390 1042 1458 1094 teat-

336 1147 415 1207 ue'rer'
429 1137 679 1206 sscirrrrircaffl57.
695 1153 744 1204 tert
754 1139 973 1226 tduoe'nplcese'sr'
982 1138 1336 1224 olirate'zo'cdtcaeperr'r'ar'tr'.
1359 1135 1457 1201 1258.

444 1339 525 1404 Bclu
550 1338 611 1403 Dei
638 1337 752 1422 gracia
776 1333 956 1424 Hungarie‚
982 1335 1162 1418 Dalmacie‚
1184 1333 1329 1417 Crudele,
1347 1335 1459 1417 Reme,

335 1446 456 1528 Seruio,
469 1445 617 1530 Gallicis,
636 1445 833 1528 nomineris,
856 1443 1154 1531 Cumaniequellex
1173 1443 1321 1512 omnibus
1338 1441 1457 1507 Christi

337 1553 484 1620 fidelibus
510 1561 576 1619 tum
596 1555 802 1640 presentibus
820 1575 915 1640 quam
941 1553 1058 1618 suturis
1076 1557 1242 1638 presentes
1267 1551 1392 1616 litteras
1410 1549 1458 1614 in-

337 1665 494 1751 specturis
511 1665 648 1732 salutem
664 1666 696 1730 in
713 1667 854 1732 omnium
873 1663 1047 1731 saluatore.
1064 1661 1154 1730 Solet
1169 1660 1274 1746 Regia
1289 1657 1458 1726 Celsitudo

338 1779 457 1840 statum
483 1775 611 1838 illorum
627 1771 660 1840 in
678 1773 792 1839 melius
809 1771 996 1854 reformare,
1023 1772 1077 1855 qui
1094 1768 1281 1836 calamitate
1305 1765 1460 1853 temporis

338 1881 467 1966 oppresi
483 1879 679 1947 fueruutsen
696 1881 836 1965 grauati.
854 1879 994 1948 Proinde
1011 1879 1052 1944 ad
1066 1879 1288 1944 uniuersorum
1305 1875 1460 1942 noticiam

338 1993 448 2053 tenore
472 1987 676 2074 presencium
702 1989 851 2055 volumus
877 1987 1061 2072 peruenire,
1088 1986 1174 2068 quod
1199 1983 1390 2051 accedentes
1416 1981 1460 2048 ad

338 2099 482 2159 nostram
508 2095 708 2180 presenciam
725 2093 871 2180 Cuppan,
897 2095 995 2160 Hada
1012 2101 1043 2161 et
1059 2093 1233 2160 Ladizluus
1256 2091 1373 2159 l'ratres
1390 2089 1458 2156 Ma·

338 2199 432 2282 gistri
457 2198 634 2284 Benedicti,
659 2199 787 2287 Motarij
806 2203 879 2268 aule
897 2199 1059 2268 karissimi
1084 2199 1142 2285 filij
1159 2199 1260 2266 nostri
1276 2197 1374 2282 Regis
1391 2196 1459 2262 Ste-

339 2307 446 2392 phani,
474 2311 657 2394 optulerunt
683 2313 777 2377 nobis
793 2311 919 2377 litteras
943 2309 1050 2377 fidelis
1074 2309 1175 2377 nostri
1192 2309 1285 2377 Olrak
1311 2307 1458 2392 Magistri

337 2417 593 2484 Tauamieorum
604 2427 786 2487 nostrorum
804 2427 835 2485 et
847 2417 982 2487 Comitis
999 2417 1215 2503 Zalcdieusis,
1235 2415 1458 2506 supplicantes

338 2525 580 2610 instantissime,
607 2533 640 2592 ut
656 2527 787 2594 easdem
804 2534 913 2594 nostro
930 2525 1136 2610 dignaremur
1152 2525 1326 2613 priuilegio
1344 2523 1457 2593 confir-

339 2653 436 2698 ruare.
454 2633 599 2711 Quarum
616 2634 746 2718 quidem
762 2641 853 2700 tenor
870 2634 947 2702 talis
963 2641 1036 2701 est:

445 2739 538 2807 chal
548 2741 703 2827 Magister
713 2739 966 2810 Tarremioorum
982 2743 1044 2809 stb.
1062 2742 1273 2828 (kevetkeaik
1284 2739 1379 2810 enak
1395 2739 1457 2807 lsir.

338 2849 756 2920 lr'ltdrmokmestcr1257lri
773 2849 950 2936 okmtnya,
968 2852 1047 2917 mint
1062 2850 1193 2917 lantcbb
1205 2849 1279 2919 327.
1294 2869 1339 2916 sa.
1350 2849 1397 2936 a.)

444 2957 513 3024 Nos
529 2959 628 3042 igitur
644 2957 818 3026 eorundem
835 2959 1134 3045 supplicacionibus
1156 2957 1312 3041 inclinati,
1338 2963 1370 3023 et
1381 2975 1456 3045 spe·

338 3065 464 3131 cialiter
489 3065 604 3134 merita
628 3067 837 3134 seruiciornm
865 3067 1001 3154 predicti
1026 3067 1174 3156 Magistri
1191 3064 1369 3152 Benedicti,
1395 3085 1458 3151 qne

340 3173 511 3239 karissimo
536 3173 601 3240 filio
618 3181 728 3242 nostro
754 3175 836 3258 Regi
853 3173 1017 3260 Stephano
1033 3197 1054 3242 a
1068 3181 1213 3262 tempore
1231 3171 1374 3260 puericie
1399 3191 1458 3242 sne

339 3279 493 3346 exhibere
509 3279 632 3348 studuit
647 3281 820 3368 indefesse,
840 3289 1017 3368 pensantes
1033 3303 1074 3350 ex
1090 3283 1209 3367 animo,
1234 3281 1393 3368 premisse
1416 3299 1458 3348 cx

338 3395 450 3455 nostra
474 3389 698 3458 commissione
723 3401 755 3458 et
771 3390 925 3460 mandato
941 3391 1076 3478 speciali
1091 3411 1149 3478 per
1164 3391 1231 3456 iarn
1251 3390 1372 3458 dictum
1389 3391 1456 3458 Ma-

339 3497 475 3581 gistrum
491 3495 585 3562 Chul
610 3497 746 3582 prouide
763 3497 851 3564 faeta
876 3498 997 3584 pariter
1020 3505 1052 3563 et
1076 3495 1236 3581 discussa,
1263 3495 1457 3566 anctoritate

338 3605 540 3693 presencium
565 3605 716 3671 duximus
742 3605 970 3672 confirmanda.
997 3607 1033 3672 ln
1048 3606 1140 3674 euius
1155 3605 1201 3673 rai
1220 3603 1409 3673 memoriam
1424 3613 1458 3672 et

337 3721 524 3801 perpetuam
555 3713 738 3782 firmitatem
764 3721 932 3800 presentes
961 3713 1109 3780 dedimus
1134 3712 1261 3780 litteras
1292 3712 1456 3800 dupplicie

339 3825 438 3908 sigilli
455 3823 555 3891 nostri
572 3823 747 3890 munimine
763 3825 943 3890 roboratas.
968 3823 1087 3888 Datum
1104 3843 1162 3910 per
1177 3841 1291 3890 manus
1306 3823 1455 3910 Magistri

339 3931 510 4018 smaragdi
521 3931 624 4000 Eleeti
635 3931 821 3999 Colocensis
836 3931 910 3998 aule
927 3937 1038 3998 nostre
1047 3927 1333 4016 Viae-(lancellarij
1347 3929 1454 3999 dilecti

338 4051 371 4110 ct
386 4041 492 4109 fidelis
507 4041 617 4126 nostri,
635 4061 720 4109 anno
731 4040 861 4107 Domini
877 4039 1049 4108 millesimo
1065 4039 1286 4108 ducentesimo
1296 4039 1453 4126 quinqua·

339 4153 463 4235 gesimo
487 4157 603 4218 ectauo
628 4149 751 4216 decimo
769 4151 826 4216 Vl⁰
851 4147 1011 4216 kalendas
1034 4149 1192 4235 Angnsty,
1218 4148 1323 4234 Regni
1347 4155 1453 4219 antem

338 4259 439 4327 nostri
456 4277 542 4325 anno
557 4257 710 4325 vicesimo
725 4259 834 4326 tercio.

341 4437 477 4503 (Ersdetia
486 4435 656 4505 bdrlrtrtydm
670 4439 781 4504 melyrdl
795 4435 968 4504 mirga-altrea
981 4438 1204 4506 salyemasindron
1218 4436 1334 4508 asndy
1347 4439 1451 4508 poeste-

479 4527 561 4591 jtnela
574 4526 700 4581 tdraddlra
713 4529 789 4595 fdgg,
803 4527 913 4581 abudai
925 4529 974 4582 kir.
989 4529 1109 4582 merei
1121 4525 1307 4598 lerdltdrben.)
