3122 5154
116 1044 239 1111 Arucci
254 1047 477 1132 laiptolanaclc
492 1047 765 1133 bisooyadplcvele,
793 1046 873 1130 loqy
888 1069 909 1109 a
925 1045 1026 1133 Zidog
1050 1051 1230 1135 nemaeteeg·

115 1153 200 1216 bellule
220 1152 322 1218 Tremel
337 1153 508 1219 birtolerrole
527 1153 694 1240 fetereeaet
710 1176 731 1216 a
741 1154 831 1240 pe'orr'
851 1152 1072 1238 krlptalunuclr
1091 1153 1229 1220 eludtrik.

619 1261 717 1328 1237.

516 1437 816 1505 ABC

213 1617 369 1684 Omnibus
386 1619 471 1683 hane
496 1617 652 1703 paginam
667 1617 864 1704 inspecturis
883 1618 1070 1683 uniuersum
1084 1615 1232 1682 Wscien-

117 1723 155 1789 sis
169 1725 314 1792 Ecclesie
332 1725 519 1812 Capitulum
545 1725 684 1792 salutem
710 1727 744 1792 in
759 1746 837 1794 vero
864 1726 1011 1792 salutari.
1032 1725 1137 1802 Quum
1163 1743 1232 1810 pre-

117 1834 208 1898 sentis
221 1833 369 1899 stabilita
384 1853 427 1898 en
436 1833 679 1900 successoribus
689 1831 884 1919 calumpnijs
894 1833 1124 1919 pronafuerint
1137 1853 1233 1918 quem

117 1941 216 2026 sepius
232 1940 275 2006 ad
290 1939 504 2025 uariandum3
522 1962 564 2006 ne
579 1940 680 2025 igitur
696 1942 768 2024 quis
782 1943 994 2027 imposterum
1010 1939 1131 2007 habeat
1146 1937 1233 2024 quod
1292 1927 1297 1936 ’

116 2049 287 2132 nuectari,
304 2049 432 2116 nouerit
448 2049 644 2115 uniuersitas
659 2055 790 2116 uestra:
810 2049 898 2132 quod
915 2069 1013 2134 quum
1028 2048 1147 2116 nobilis
1162 2068 1234 2134 pro-

117 2155 204 2238 sapia
219 2155 351 2222 nomine
367 2156 488 2221 Acilles
513 2156 599 2222 filius
617 2155 734 2223 Cosme
750 2156 886 2222 Comitis
913 2155 1087 2240 degenere
1106 2155 1233 2240 Zydoy,

116 2266 194 2327 tutor
208 2261 301 2346 pueri
325 2262 456 2328 nomine
471 2262 589 2328 Mache
612 2263 671 2346 filij
688 2261 859 2330 Michaelis
878 2261 1013 2330 Comitis
1039 2263 1096 2348 filij
1117 2262 1235 2328 Mache

116 2387 151 2432 ex
166 2367 280 2434 eodem
296 2389 428 2456 genere,
439 2369 650 2436 medietatem
664 2369 856 2436 hereditatis
873 2371 914 2437 de
923 2371 1033 2453 Turul,
1051 2389 1114 2452 que
1132 2389 1234 2456 puero

114 2477 303 2560 pertinebat,
320 2477 406 2543 inter
416 2477 513 2544 villas
526 2476 671 2563 Capituli
681 2478 1060 2562 Quinque-Ecclesiensis
1070 2477 1233 2558 collatam,

116 2581 214 2648 eidem
229 2582 383 2668 Capitulo
399 2582 552 2650 videlicet
562 2581 925 2670 Quinque-Ecclesiensi
940 2603 999 2666 pro
1010 2581 1124 2648 metris
1142 2583 1235 2668 pueri

116 2689 185 2756 dote
201 2690 371 2776 soluenda,
387 2710 446 2776 pro
463 2691 523 2756 XL
539 2691 658 2758 mercis
683 2693 811 2775 argenti
826 2689 976 2758 uendidit
986 2691 1060 2775 jure
1076 2690 1237 2756 heredita·

115 2797 157 2863 rio
173 2799 278 2864 libere
294 2797 547 2885 possidendam
578 2801 636 2868 sed
652 2808 761 2866 tamen
778 2837 822 2848 --
837 2837 882 2848 -
897 2837 942 2848 -
958 2838 1002 2848 -
1017 2799 1181 2883 insertam,
1209 2801 1237 2866 si

115 2906 275 2989 predictus
291 2929 373 2993 puer
388 2908 422 2974 in
446 2909 574 2974 uirilem
589 2908 782 2994 perueniens
799 2912 930 2991 etatem,
958 2907 1009 2973 uel
1026 2907 1098 2990 quis
1122 2927 1238 2990 cogna-

116 3017 214 3078 torum
239 3034 382 3099 suorum,
409 3035 468 3082 seu
486 3017 605 3100 aliquis
631 3035 688 3082 sue
712 3013 922 3098 cognacionis
948 3015 1099 3100 extiterit,
1124 3016 1238 3084 uolens

116 3119 194 3185 hanc
209 3119 392 3187 emcionem
416 3141 571 3189 reuocare
587 3158 631 3170 -
647 3139 804 3207 —posse
819 3119 917 3186 fuerit
935 3127 1107 3206 reuocata;
1133 3127 1239 3207 preta-

117 3234 208 3292 xatus
223 3227 350 3296 Acilles
373 3230 444 3296 siue
461 3231 512 3296 sui
537 3230 571 3296 in
587 3229 822 3296 hereditatibus
847 3229 916 3296 suis
937 3228 1148 3296 succedentes
1172 3229 1240 3294 iarn

117 3331 199 3400 dicto
211 3333 364 3420 Capitulo
375 3336 737 3422 Quinque-Ecclesiensi
754 3335 918 3420 duplicem
933 3355 1092 3402 summam
1112 3335 1240 3401 soluere

117 3443 274 3506 tenentur.
290 3444 503 3510 Nuncautem
519 3481 563 3492 --
579 3480 624 3492 -
640 3481 683 3492 -
699 3481 744 3491 -
759 3442 902 3510 racionis
912 3441 1094 3526 formulam,
1111 3440 1239 3528 prelato

118 3544 218 3614 Acille
235 3549 322 3616 hanc
347 3551 525 3618 omoionem
547 3557 580 3617 et
596 3550 848 3618 conuencionem
865 3551 1075 3616 confirmante
1094 3555 1171 3616 ante
1187 3570 1242 3616 no·

118 3663 215 3722 stram
241 3658 458 3743 presenciam,
485 3659 745 3743 prenominatum
761 3655 950 3744 Capitulum
970 3653 1242 3742 Quinque-Eccle-

32 3749 33 3794 ἦ
119 3761 224 3830 siense
240 3763 302 3829 XL
318 3785 446 3830 mareas
463 3765 590 3849 argenti
609 3785 667 3852 per
693 3764 858 3852 proprium
877 3763 1086 3847 Canonium,
1112 3767 1242 3832 nominc

32 4457 35 4598 t

118 3867 275 3936 Jacobum
292 3871 444 3938 videlicet
459 3873 617 3958 persoluit
633 3871 780 3960 plenarie
796 3893 835 3940 ao
851 3871 979 3938 deuote.
999 3872 1049 3939 Ne
1066 3877 1174 3938 sutem
1190 3873 1243 3940 hio

118 3976 300 4044 stabilitum
315 4001 375 4066 per
387 3981 514 4065 aliquos
530 3999 745 4066 successores,
762 3999 821 4047 seu
837 3976 1009 4044 modernos
1019 3983 1153 4045 uocetur
1167 3997 1244 4060 quo-

118 4103 180 4166 quo
191 4087 288 4154 modo
305 4088 339 4152 in
350 4089 494 4173 dubium,
511 4087 555 4154 ad
570 4111 685 4177 preces
695 4089 841 4178 parcium
856 4088 983 4153 litteras
997 4093 1126 4152 nostras
1141 4087 1245 4153 nostri

117 4191 220 4274 sigilli
235 4197 415 4264 munimine
431 4198 603 4266 roboratas
627 4199 776 4265 duximus
792 4193 1020 4279 indulgendas.
1044 4193 1245 4262 Reuerendis

117 4299 265 4368 Ecclceie
290 4317 403 4372 nostre
418 4307 574 4374 iratribus
590 4307 732 4392 Atolpho
748 4303 796 4392 (i)
813 4302 993 4387 Prepesito,
1019 4301 1083 4368 Job
1099 4300 1245 4388 hectore,

117 4409 279 4493 Gregorio
297 4413 449 4498 Cantore,
477 4413 558 4481 Ouia
573 4412 735 4480 Pestiensi
753 4409 1003 4494 Archidiaeono,
1029 4409 1169 4476 Martino
1185 4407 1246 4473 Cu·

117 4525 223 4609 stede,
249 4525 383 4591 Juncka
400 4521 649 4606 Archidiaeono‚
673 4519 781 4586 Adam
796 4517 1044 4603 Archidiacono,
1073 4523 1107 4586 et
1130 4517 1248 4585 ceteris
