3102 5160
308 1159 394 1225 Elei
412 1160 483 1238 boin,
500 1163 530 1222 e'a
550 1157 667 1223 Tacitis
686 1155 861 1238 Oalnalcfia
878 1155 901 1222 I
906 1157 938 1220 V.
958 1158 1038 1222 Boia
1053 1159 1158 1244 lircilp
1173 1158 1244 1222 elta
1263 1157 1368 1222 Balad
1380 1157 1445 1222 bir-

607 1265 693 1329 tolro
709 1270 798 1328 nehcc
813 1265 1026 1350 oppeciedoclc.
1042 1265 1139 1330 1248.

416 1463 484 1528 Nos
500 1461 536 1526 B.
553 1459 616 1527 Dei
631 1458 745 1544 gracia
760 1461 832 1527 Rex
848 1457 1017 1545 Hungarie
1036 1457 1299 1528 commendantes
1323 1479 1444 1526 memo-

308 1569 356 1636 rie
366 1568 598 1657 significamus,
617 1565 705 1652 quod
716 1567 908 1634 constitutos
925 1587 1035 1634 coram
1052 1568 1146 1636 nohis
1159 1567 1296 1634 dilectus
1313 1573 1346 1632 et
1361 1564 1442 1631 fide-

308 1679 350 1744 lis
374 1685 485 1745 noster
508 1675 602 1744 Ekch
628 1677 740 1744 Barrus
764 1673 959 1744 filinsllhclr
977 1683 1221 1762 expedenda,
1246 1681 1278 1740 et
1294 1674 1442 1740 Thomas

307 1785 393 1854 lilius
410 1785 467 1852 Osl
483 1804 524 1852 ex
540 1786 656 1866 altera,
681 1783 768 1851 idem
783 1783 879 1852 Ehch
907 1783 1024 1851 Comes
1041 1783 1182 1852 assernit
1207 1802 1316 1850 coram
1342 1783 1442 1850 nobis

307 1899 342 1958 ct
357 1890 453 1976 dixit,
477 1891 565 1976 quod
580 1889 729 1977 predium
745 1891 859 1976 Belud,
876 1889 963 1976 quod
979 1891 1144 1979 predictus
1159 1891 1303 1960 Thomas
1320 1889 1442 1959 (lomes

308 1997 441 2066 racione
457 1996 542 2065 dotis
559 2003 591 2064 et
606 1996 798 2066 indiciorum
814 1999 980 2084 amiserat,
1006 2001 1127 2086 etipse
1151 1997 1329 2066 secundum
1354 1997 1443 2064 ordi-

309 2126 383 2174 nem
408 2107 489 2174 iuris
515 2106 668 2191 euicerat,
694 2107 779 2174 sicut
803 2107 908 2174 eciam
933 2109 1019 2176 idem
1046 2110 1188 2176 Thomas
1214 2108 1332 2176 Comes
1353 2107 1442 2174 dixit

307 2232 417 2280 coram
442 2213 547 2299 nobis,
573 2215 616 2280 ad
639 2214 833 2300 peticionem
857 2221 890 2282 et
906 2215 1100 2284 instanciam
1125 2215 1237 2284 dilecti
1268 2225 1301 2282 ct
1325 2214 1437 2282 fidelis

308 2320 411 2389 nostri
443 2319 535 2386 Ohak
561 2319 711 2404 Magistri
739 2321 1004 2390 Tawaruicornm
1035 2328 1217 2390 nostrornm
1242 2330 1275 2388 et
1300 2322 1441 2391 Comitis

307 2427 540 2514 Suprrniensis
564 2429 763 2498 reddidisset
778 2430 843 2518 ipsi
860 2431 984 2498 Thome
1001 2430 1119 2500 Oomiti
1144 2431 1205 2498 tali
1221 2430 1329 2514 modo,
1348 2431 1441 2514 quod

307 2537 342 2602 in
358 2535 484 2604 octauis
499 2535 611 2603 Sancti
619 2535 792 2604 Michaelis
808 2556 918 2604 eoram
934 2537 1085 2624 Capitulo
1096 2537 1233 2604 Albensi
1248 2537 1441 2624 sepedictus

307 2643 451 2710 Thomas
467 2641 583 2710 Comes
599 2642 693 2710 daret
707 2643 772 2730 ipsi
796 2643 888 2710 Ekch
908 2644 1025 2712 Comiti
1042 2645 1159 2730 viginti
1175 2664 1302 2712 marcas
1318 2644 1353 2710 in
1369 2665 1440 2712 mo-

307 2756 384 2817 neta
397 2759 521 2836 nostra,
547 2772 605 2838 pro
624 2751 770 2836 qualibet
795 2771 908 2818 marca
927 2759 999 2820 octo
1016 2771 1148 2840 pensas,
1165 2753 1219 2820 uel
1238 2751 1271 2818 in
1287 2759 1444 2836 argento,

307 2855 399 2923 cuius
414 2856 542 2923 decima
557 2877 634 2944 pars
654 2859 868 2926 comburetur.
896 2859 1000 2938 Quam
1017 2859 1177 2946 siquidem
1194 2878 1354 2927 summam
1378 2879 1441 2946 pe-

308 2962 401 3029 cunie
416 2962 445 3028 si
461 2982 500 3031 eo
517 2963 570 3031 die
585 2963 786 3051 integraliter
797 2989 861 3036 non
875 2969 1027 3052 solueret,
1044 2977 1162 3036 extunc
1178 2969 1212 3036 iu
1228 2975 1325 3034 autea
1341 2985 1442 3053 sepe-

306 3065 412 3134 dictus
437 3069 531 3136 Ekch
547 3069 663 3139 Oomcs
688 3080 901 3140 memoratum
928 3073 1078 3161 predium
1093 3073 1197 3142 Belod
1222 3075 1348 3160 absque
1363 3094 1444 3159 pre-

306 3173 492 3259 pedimento
509 3175 621 3262 aliquo
636 3177 770 3264 pacifice
795 3179 978 3266 possideret
992 3187 1025 3250 ct
1044 3179 1162 3266 quiete.

342 3371 376 3437 (A
388 3371 616 3450 szdkessehdrviri
626 3374 889 3444 bizonysiglerdlh'bl
903 3381 970 3430 mint
980 3376 1061 3432 alihh
1076 3382 1132 3431 rot.
1144 3395 1180 3430 az.
1190 3393 1215 3430 a.
1226 3393 1241 3431 a
1252 3379 1333 3431 budai
1347 3381 1402 3430 lrir.

698 3467 822 3519 hamarai
834 3464 1024 3536 lesdltrirban.)

741 3752 988 3764 *nunaut——
