3148 5156
881 292 1035 396 mo

400 491 486 557 Sane
512 514 532 557 a
556 491 732 559 venerabili
760 491 857 556 fratre
882 497 992 558 nostro
1017 489 1047 554 J.
1075 489 1327 576 archiepiscopo
1353 488 1514 572 quondan

397 599 562 686 Rugusino
579 598 724 668 Ecclesia
739 599 905 685 Regusine
921 599 1026 667 libera
1041 599 1263 684 resignatione
1281 603 1423 686 recepta,
1444 617 1512 665 cum

395 705 437 774 de
451 707 553 794 ipsius
571 703 715 775 Ecclesia
740 705 946 775 ordinatione
962 711 994 773 et
1019 706 1131 793 populi
1148 705 1306 792 Ragnsini
1328 703 1446 774 duritia
1462 723 1509 773 ce·

394 817 571 899 gitaremus
596 823 729 902 edente,
758 815 800 881 ad
826 833 996 900 personam
1012 821 1102 882 tuam
1128 812 1172 880 ad
1197 814 1342 883 eiusdem
1367 813 1511 880 Ecclesia

392 925 539 1010 regimen
564 932 696 1012 propter
720 923 822 992 multa
851 921 1076 993 favorabiliter
1101 921 1330 990 assumendam
1361 919 1508 988 intuitum

393 1031 662 1101 considerationis
672 1039 781 1100 nostre
797 1030 1025 1116 convertimus,
1036 1036 1214 1117 sperantes,
1234 1029 1321 1116 quod
1332 1049 1389 1114 per
1401 1026 1509 1096 datam

393 1139 450 1207 tibi
476 1139 650 1209 aDomino
676 1140 913 1226 discretionem,
940 1137 1068 1208 consilii
1085 1137 1314 1222 maturitatem,
1339 1137 1407 1204 vite
1423 1156 1510 1203 muu-

391 1247 517 1334 ditiam,
533 1249 702 1334 religionis
717 1247 898 1315 claritatem
922 1253 955 1314 et
970 1247 1150 1314 litterarum
1167 1247 1336 1314 scientiam
1352 1242 1442 1332 apud
1457 1265 1509 1332 po·

390 1356 501 1443 pulum
517 1356 625 1444 ipsum
642 1357 774 1442 dignum
790 1357 944 1442 prolicere
964 1353 1084 1422 debeas
1100 1353 1200 1421 verbo
1215 1353 1339 1442 pariter
1357 1360 1390 1419 et
1405 1371 1509 1420 exem·

391 1463 457 1550 plo.
483 1463 576 1531 Unde
591 1469 624 1530 te
649 1461 713 1550 ipsi
728 1463 875 1531 Ecclesia
900 1461 941 1529 de
956 1461 1092 1530 fratrum
1108 1471 1290 1532 nostrorum
1317 1459 1456 1529 oonsilio
1483 1467 1512 1526 et

390 1570 561 1657 potestatis
586 1577 696 1637 nostre
726 1569 928 1658 plenitudine
952 1571 985 1636 in
1009 1569 1297 1657 Archiepisocpum
1326 1568 1510 1655 preficimus

391 1697 431 1744 ec
446 1684 620 1765 pastorem,
638 1676 763 1743 firmam
782 1697 874 1764 spem
891 1677 1104 1764 fiduciamque
1120 1684 1276 1760 tenentes,
1299 1676 1385 1764 quod
1396 1675 1509 1744 mem

390 1783 536 1852 Bouiania
552 1789 585 1850 et
599 1784 738 1870 populus
754 1783 918 1869 predictus
935 1791 989 1850 tue
1006 1784 1177 1871 diligentie
1201 1785 1309 1853 studio
1325 1783 1510 1872 spiritualia

389 1899 422 1959 et
436 1891 641 1978 temporalia,
669 1899 801 1958 auctore
818 1889 965 1974 Domino,
983 1891 1161 1980 suscipient
1183 1892 1394 1960 incrementa.
1420 1891 1508 1970 Quo·

389 2001 477 2067 circa
491 1999 697 2085 mandamus,
713 2006 872 2084 quatenus
884 1998 1064 2086 attendens,
1081 2007 1114 2068 te
1129 2002 1162 2068 in
1178 2009 1305 2089 partem
1327 2022 1390 2069 nen
1407 2002 1509 2070 modi·

388 2129 461 2176 eam
486 2116 594 2176 nostre
620 2108 847 2176 sollicitudinis
872 2115 1050 2195 evocatum,
1076 2111 1124 2178 sic
1148 2112 1225 2197 iugo
1251 2111 1391 2193 Domini,
1419 2109 1508 2198 quod

387 2216 447 2284 tibi
463 2235 521 2304 per
531 2215 806 2304 dispensationem
823 2223 967 2284 nostram
977 2215 1162 2304 imponitur,
1179 2219 1342 2288 humiliter
1362 2217 1509 2286 subicias

385 2322 585 2392 fortitudinis
600 2329 655 2390 tue
670 2323 798 2406 collum,
826 2321 867 2392 de
884 2323 1105 2394 misericordia
1119 2327 1181 2392 Dei
1207 2333 1239 2392 et
1254 2325 1444 2414 Apostoliuo
1464 2325 1510 2392 la-

383 2451 463 2500 vore
480 2431 654 2518 conlidens,
671 2431 758 2516 quod
773 2431 892 2498 exinde
907 2431 966 2498 tibi
981 2433 1151 2519 proveniat
1167 2434 1200 2500 in
1215 2435 1357 2522 presenti
1376 2433 1506 2501 merito-

383 2558 453 2606 rum
473 2536 579 2626 gratia
595 2545 628 2606 et
651 2539 845 2626 premiorum
861 2538 966 2624 gloria
981 2539 1016 2609 iu
1032 2539 1148 2608 futuro.
1175 2541 1294 2609 Datum
1313 2539 1454 2608 Viterbii
1472 2541 1511 2606 V.

382 2645 459 2714 idus
476 2645 653 2732 Februarii,
672 2647 878 2716 Pontificatus
897 2651 998 2718 nostri
1014 2667 1099 2718 anuo
1115 2656 1240 2736 quarto.

381 2845 518 2910 (Theiuer,
533 2847 633 2900 Vetera
645 2842 822 2900 Monumeuta
834 2847 974 2900 slavorum
983 2849 1201 2903 Meridioualium
1214 2849 1355 2901 historiam
1368 2848 1511 2904 sslustran·

824 2938 864 2989 tn
876 2939 898 2988 1.
913 2937 969 2990 uos.
983 2938 1025 2991 ee.
1039 2935 1070 3005 r.)

815 3220 1081 3234 ..w—
