3198 5160
607 299 765 403 jo!-

121 502 316 583 obseruare,
343 507 446 564 terras
472 497 622 578 ablatas,
649 515 711 580 que
735 497 787 563 his
812 497 1033 584 exprimuntur
1062 495 1240 583 vocabulis,

121 608 268 694 Radych‚
284 607 397 673 villam
415 605 495 689 Gon,
512 605 602 692 apud
618 605 791 673 eeclesiam
815 605 925 674 Sancti
941 605 1107 694 Lamperti
1131 604 1244 672 villam

121 719 242 802 Wlkoy
258 717 363 783 eidem
380 715 538 799 Magistro
554 713 706 783 Hoholdo
721 721 754 783 et
769 715 836 784 suis
850 715 1024 784 heredibus
1040 715 1243 782 coercuimus

121 825 354 912 perpetualiter
379 821 613 906 restituendas;
640 824 854 909 attendentes,
881 825 1115 912 quodpropter
1139 821 1244 909 ipsius

121 931 260 999 seruicia
276 930 406 1014 eximia,
432 949 495 1014 que
511 930 544 996 in
561 931 688 998 feruore
712 929 879 999 fidelitatis
903 931 1076 1000 karissimo
1102 931 1242 1017 primum

121 1041 204 1128 patri
221 1047 344 1122 nostro,
361 1047 393 1108 et
407 1047 524 1126 postea
537 1040 633 1108 nobis
653 1039 873 1108 indesinenter
892 1041 1048 1128 exhibuit,
1070 1037 1243 1126 possessio·

120 1170 177 1217 nes
202 1149 320 1234 pocius
345 1146 407 1215 sibi
431 1147 498 1214 sint
523 1147 723 1231 conterende,
757 1167 852 1235 quam
877 1151 920 1216 ab
945 1149 1017 1236 ipso
1045 1143 1242 1227 auferenda

120 1255 377 1323 transmittentes
394 1273 465 1321 cum
484 1255 595 1322 eodem
613 1257 804 1340 Magistrum
818 1255 1027 1323 Benedictum
1043 1254 1120 1321 aule
1134 1259 1244 1320 nostre

121 1363 454 1432 viee-Oancellarium
469 1362 753 1447 Archydiacouum
770 1363 812 1430 de
826 1363 934 1448 wito,
952 1363 1006 1448 qni
1022 1381 1173 1430 reuersus
1187 1381 1243 1428 uo-

120 1475 169 1540 bis
186 1473 307 1555 retulit,
325 1471 412 1556 quod
430 1471 672 1558 prenominatae
683 1471 782 1538 villas
798 1477 943 1539 ettotam
959 1481 1080 1539 terram
1096 1469 1137 1538 de
1149 1469 1257 1552 metis

120 1583 162 1648 ad
179 1589 286 1649 metas
297 1581 390 1648 iuxta
406 1589 549 1647 tenorem
566 1578 977 1668 dictorumpriuilegiorum
997 1580 1102 1647 eidem
1114 1577 1243 1644 statuis·

121 1697 181 1757 set.
210 1691 255 1756 Vt
272 1689 371 1775 igitur
386 1688 570 1755 huiusmodi
586 1687 689 1755 series
706 1695 738 1754 et
752 1708 923 1774 processus
948 1695 1052 1756 uatum
1067 1707 1107 1753 ao
1126 1683 1245 1752 stabile

122 1803 322 1884 perseueret,
339 1817 399 1864 nec
414 1816 569 1883 processu
594 1803 774 1882 temporum
792 1816 850 1883 per
865 1797 1048 1882 quempiam
1068 1793 1101 1860 in
1118 1792 1244 1859 irritum

122 1905 227 1991 possit
242 1906 294 1972 vel
312 1905 432 1972 debeat
447 1904 628 1988 retraetari,
664 1911 822 1972 tresentes
839 1903 943 1972 eidem
962 1902 1179 1970 concessimus
1194 1899 1244 1966 lit·

120 2021 207 2081 teras
236 2013 400 2100 dupplieis
425 2012 526 2098 sigilli
551 2015 653 2080 nostri
680 2012 855 2080 munimine
879 2016 1094 2081 confirmatas.
1123 2011 1245 2076 Datum

120 2141 177 2206 per
201 2141 319 2187 manus
344 2120 495 2205 Magistri
520 2121 690 2188 Benedicti
718 2121 793 2187 aule
823 2127 931 2188 nostre
955 2116 1244 2202 Vice·Caueellarij

121 2227 364 2313 Archydiaooni
380 2225 422 2294 do
438 2227 558 2295 Wolko
584 2227 696 2296 dilecti
712 2235 745 2295 et
760 2229 866 2296 tidelis
883 2229 994 2313 nostri,
1012 2247 1097 2296 anno
1114 2225 1245 2295 Domini

121 2337 165 2402 M⁰
181 2335 402 2404 ducentesimo
419 2336 691 2421 quinquagesimo
708 2357 802 2404 nono.

124 2534 235 2598 (Robert
253 2530 356 2601 Kdroiy
376 2533 522 2601 kirdlynak
546 2538 623 2588 13³5.
641 2537 729 2602 pridie
747 2551 832 2588 nonas
852 2537 920 2602 Julij
946 2537 1095 2602 „Magister
1115 2535 1245 2586 Nicotaus

124 2623 190 2676 filius
209 2624 342 2691 Stephani
360 2623 409 2692 filij
430 2625 846 2680 11011018(ΞοιιιοεΖαΙιᾱίοηείιύι
866 2625 982 2678 kirdsdro
1002 2625 1059 2678 kalt
1082 2622 1245 2692 megerd'sttd

431 2716 489 2767 kelt
502 2713 665 2784 megerdsitd'
677 2709 934 2785 privilegiumdbdl)

555 3009 817 3038 ffl-

645 3491 723 3560 359.

123 3677 228 3744 Istodn
249 3677 352 3763 o'fjcdb
371 3677 476 3763 leirdlp
491 3677 626 3763 Fripyee
642 3676 798 3742 deodrici
823 3675 1002 3760 terezepnet
1021 3701 1043 3742 a
1060 3698 1100 3739 az.
1128 3671 1247 3739 Vikwre'

124 3787 323 3854 cziszterczo'ek
333 3786 574 3852 monoetordouk
583 3783 886 3871 jocoru1248-ban
901 3784 1142 3864 loiadottleoelet,
1153 3783 1246 3868 nuely·

124 3895 175 3961 deu
199 3895 264 3961 okee
288 3893 418 3982 keppdro'
438 3893 628 3982 portfopdea
654 3893 710 3959 old
728 3891 878 3978 foqadja,
904 3889 1002 3975 dtirju
1026 3914 1041 3955 e
1062 3889 1246 3978 moperdet'ti.

636 3999 734 4067 1259.

225 4177 491 4269 StephanusDei
506 4180 619 4267 gracia
639 4182 709 4247 Rex
725 4179 958 4266 primgenitus
983 4178 1126 4248 Illustris
1145 4177 1246 4262 Regis

125 4289 285 4375 Margarie
301 4297 333 4356 et
348 4291 424 4356 Dux
440 4289 539 4356 Stirie
555 4288 703 4356 omnibus
719 4307 856 4375 presens
871 4287 1027 4374 scriptum
1046 4287 1245 4374 inspecturis

125 4398 259 4465 salutem
276 4399 308 4463 in
325 4399 475 4466 Domino.
502 4399 628 4480 Regum
645 4397 830 4463 sublimitas
855 4396 950 4463 iustis
965 4393 1118 4481 precibus
1133 4401 1247 4481 peteu-

125 4505 203 4571 cium
220 4525 331 4572 aurem
349 4505 446 4573 debet
466 4504 681 4574 fauorabilem
704 4504 871 4590 adhibere,
894 4503 1036 4570 maxime
1059 4521 1158 4589 super
1173 4503 1247 4588 hys,

125 4629 182 4700 que
198 4611 316 4680 cedunt
339 4612 383 4680 ad
408 4613 640 4684 incrementum
666 4611 907 4683 commoditatis
922 4611 1070 4679 Ecclesia
1094 4617 1127 4676 et
1142 4611 1244 4678 hono-
