3112 5148
597 291 757 396 Q„
863 309 869 320 .

643 748 718 818 132.

119 923 170 986 Aa
196 921 262 1004 syri
285 915 497 1002 briptuluouul·
522 913 785 998 biaorrpsa'plccele,
811 890 893 996 'lcopy
918 911 1011 974 Ponit
1027 909 1178 972 Pour'tuol·
1194 909 1242 990 fio

121 1027 305 1092 ,lliskolezon
332 1026 397 1088 blau
420 1024 554 1090 hirtuleii
569 1023 638 1088 Pate
656 1022 787 1106 zcu'prdbi
803 1018 990 1108 propostuuk
1005 1018 1116 1082 eludia.
1145 1016 1242 1081 lm.

230 1186 383 1253 Omnibus
399 1183 520 1251 Christi
546 1182 694 1249 fidelibus
710 1189 777 1247 tarn
799 1181 1004 1267 presentibus
1025 1199 1122 1262 quam
1140 1183 1241 1260 poste·

120 1297 174 1380 ris,
202 1295 316 1381 quibus
333 1301 501 1380 presentes
526 1294 700 1379 patuerint,
725 1291 894 1376 Agriensis
920 1288 1065 1356 Ecclesie
1093 1287 1243 1354 deuotum

120 1403 305 1490 Capitulum
331 1402 470 1467 salutem
486 1399 518 1466 in
534 1399 614 1467 Jesu
629 1399 757 1467 Christo
778 1421 798 1465 a
814 1399 928 1467 Judeis
947 1420 1004 1486 pro
1031 1395 1124 1466 nobis
1146 1394 1243 1462 cruci-

122 1514 195 1580 lixo.
213 1507 424 1576 Vniuersitati
440 1513 547 1574 uestre
563 1513 674 1575 tenore
689 1507 892 1595 presencium
909 1507 1059 1574 duximus
1078 1505 1243 1572 declaran-

120 1620 205 1706 dum,
226 1618 312 1701 quod
328 1615 486 1684 accedens
503 1617 546 1683 ad
556 1617 757 1704 presenciam
774 1623 919 1684 nostram
935 1615 1031 1684 Ponit
1046 1614 1132 1681 filius
1150 1609 1244 1679 Ponit

120 1747 181 1792 sna
198 1726 292 1794 nobis
313 1725 475 1792 relacione
490 1727 695 1810 monstrauit,
713 1725 799 1810 quod
814 1731 916 1794 totam
933 1733 1052 1793 terram
1068 1723 1176 1791 fratris
1194 1719 1244 1786 sui

119 1835 259 1904 Wurosd
277 1833 423 1919 Comitis,
449 1854 547 1916 quam
573 1835 717 1900 babebat
732 1835 765 1900 in
781 1835 958 1920 lliseorcy,
984 1854 1047 1918 quc
1068 1833 1111 1899 ad
1136 1831 1243 1919 ipsum

117 1945 187 2010 inre
207 1942 405 2010 hereditario
431 1949 481 2009 est
507 1943 661 2010 deuolute
686 1951 811 2011 mortno
828 1941 968 2010 Worosrl
986 1939 1110 2008 Comitc
1133 1957 1244 2023 supra·

119 2049 217 2136 dicto,
238 2048 442 2116 uendidisset
456 2051 615 2134 Magistro
633 2051 704 2119 File
716 2051 887 2138 Proposito
904 2047 1118 2135 Zagrabicnsi
1135 2053 1167 2112 et
1182 2045 1243 2112 ira-

119 2159 225 2226 tribus
242 2157 319 2242 suis,
331 2161 432 2225 Teme
444 2157 572 2246 Comiti,
588 2169 619 2228 et
630 2161 736 2246 Petro,
753 2181 811 2246 pro
822 2159 956 2245 triginta
974 2157 1092 2224 marcis
1108 2154 1244 2239 argenti,

119 2289 202 2353 quas
219 2290 257 2335 se
273 2268 418 2354 plenarie
435 2271 601 2354 accepisse
617 2272 659 2336 ab
674 2269 796 2338 eisdem
813 2267 962 2336 recitauit
977 2265 1073 2332 Ponit
1088 2283 1243 2330 memora-

118 2383 190 2461 tus;
220 2375 438 2462 presentibus,
465 2383 497 2442 et
514 2379 556 2442 ad
574 2377 607 2443 id
624 2379 748 2462 absque
775 2377 861 2444 ernni
888 2373 1148 2442 contradiccione
1174 2389 1243 2454 per-

122 2481 326 2550 mittentibus
337 2484 475 2550 enndem
490 2487 637 2570 cognatis
657 2487 735 2570 suis,
753 2485 907 2552 uidelicet
918 2481 1059 2564 Georgio
1076 2479 1244 2562 filioMice,
1301 2503 1305 2516 ·

118 2592 259 2660 Nicolao
277 2599 308 2657 et
323 2593 428 2659 Jaeov
443 2593 519 2678 filijs
530 2595 714 2680 Pangrucij,
731 2595 869 2660 Nicolao
886 2591 951 2658 filio
971 2589 1075 2674 Pauli,
1093 2587 1244 2655 Juhannu

118 2701 185 2768 filio
203 2699 298 2766 Pauli
316 2699 358 2765 de
368 2699 491 2788 Ceben,
508 2701 667 2770 blicbaele
685 2703 750 2770 tilio
761 2701 954 2786 blancham,
977 2699 1033 2782 qui
1050 2695 1153 2764 eciem
1172 2715 1245 2764 cen·

118 2827 253 2874 sensnm
278 2806 311 2871 in
337 2807 401 2876 isto
428 2809 606 2896 empcionis
632 2817 663 2875 ct
688 2809 890 2877 uendicienis
916 2813 1084 2874 contractu
1109 2803 1243 2870 aliorum

118 2936 255 2986 suornm
271 2923 493 3002 cognatorum,
518 2917 572 3002 qui
588 2919 804 3004 personaliter
821 2936 929 2982 coram
946 2913 1039 2981 nobis
1056 2934 1119 2978 non
1136 2911 1245 2978 astite-

116 3031 203 3105 runt,
231 3031 472 3109 proposuerunt
497 3027 656 3093 ueraciter
682 3025 875 3093 constitisse.
903 3024 944 3088 Vt
961 3029 1068 3088 autern
1088 3020 1181 3088 buius
1197 3017 1246 3085 rei

117 3132 281 3200 memoria
296 3141 488 3218 perpetuam
514 3135 623 3222 capiat
639 3135 834 3217 firmitatem,
861 3152 920 3198 nec
938 3131 1066 3198 abulle
1094 3149 1245 3215 umquam

114 3241 297 3326 infringere
312 3241 442 3308 uolente
465 3245 683 3328 malignanter
699 3241 903 3310 uenrlicionis
928 3245 959 3307 et
975 3240 1152 3328 empoiunis
1171 3258 1244 3306 eon-

117 3355 246 3416 tractns
263 3348 469 3434 supradictus
486 3353 611 3420 cassari
631 3353 753 3436 ualeat,
778 3352 822 3418 ad
837 3349 1032 3417 instanciam
1049 3348 1151 3434 partis
1172 3349 1246 3414 utri·

114 3476 221 3540 nsque
248 3463 378 3522 nostras
406 3457 452 3524 eis
482 3479 579 3546 super
604 3462 665 3528 boc
689 3460 814 3526 litteras
840 3455 1060 3525 concessimus
1086 3457 1246 3522 communi

114 3565 257 3631 fratrum
267 3571 451 3632 nostrorum
463 3585 633 3652 consensa,
650 3568 855 3654 presentibus
867 3573 977 3633 tamen
989 3567 1084 3631 Petro
1095 3565 1243 3648 Cantore,

113 3672 214 3758 Cyka
232 3671 387 3756 Custode,
414 3673 570 3760 Magistro
587 3675 760 3743 Lenstacio
778 3675 865 3743 Noui
887 3673 1004 3758 (lastri,
1022 3673 1177 3741 Parcasio
1204 3675 1243 3740 de

112 3783 254 3864 Bursua,
273 3779 454 3848 Laureneio
472 3783 512 3850 de
527 3783 632 3850 Patha
649 3791 681 3849 et
697 3783 853 3851 Ladinlao
876 3784 916 3850 de
935 3783 1061 3850 Bursod
1077 3779 1243 3847 Archidia-

112 3889 218 3954 conis.
236 3887 408 3971 Regnante
425 3889 568 3975 glorioso
584 3889 752 3976 Hungarie
763 3891 853 3974 Rege
872 3889 970 3974 Bela;
992 3889 1156 3974 Stephano
1167 3891 1244 3956 Stri-

112 3997 281 4082 geniensi,
299 3997 475 4066 Benedictu
488 3997 657 4066 Colocensi
674 3999 957 4086 Arcbiepiscopis;
980 3997 1118 4065 Domino
1134 4005 1244 4065 nostro

112 4105 207 4172 Clctu
236 4103 426 4171 Uenerabili
443 4103 595 4190 Agricnsi
621 4107 768 4172 Ecclesie
796 4106 965 4172 existente.
993 4105 1086 4172 Anno
1114 4105 1242 4172 Domini

109 4211 236 4280 trem
247 4213 320 4280 XL.
338 4211 461 4296 quinto.

351 4319 380 4385 A
510 4321 537 4384 B
669 4321 694 4386 0
824 4323 853 4388 D
986 4323 1013 4388 n

112 4451 255 4502 ‘Eredetic
277 4446 452 4516 brirba'srtyaiu,
475 4450 586 4516 melyrb'l
599 4467 616 4502 u
629 4429 759 4514 lsiptalan
778 4449 900 4517 pecsbtje
919 4457 998 4504 vitrbs
1018 4451 1242 4516 selyernzsiuoron

353 4539 479 4604 filggbtt3
494 4555 509 4590 s
523 4539 604 4590 budai
619 4539 668 4588 kir.
684 4540 804 4592 kamarui
818 4535 1006 4605 levbltairban.)
