3198 5160
833 863 909 932 370.

305 1050 336 1114 A
354 1051 500 1117 antandri
515 1049 699 1114 koaceatnelr
716 1047 982 1133 dr'zonpsciptecede‚
1006 1048 1087 1131 120qu
1104 1045 1221 1130 Lepore
1237 1049 1316 1108 aecci
1333 1043 1437 1108 bertot

553 1155 668 1222 Hototc
681 1155 845 1220 enomeratis
861 1156 1070 1220 stotmciltotott.
1088 1156 1186 1218 1259.
1214 1252 1230 1268 a

412 1352 483 1418 Nos
498 1351 628 1418 Blassius
645 1349 859 1418 miseracione
873 1350 996 1416 Dinina
1012 1349 1125 1416 Abbas
1150 1349 1190 1414 de
1207 1350 1290 1416 Zela
1305 1349 1435 1414 uniuer-

305 1461 351 1530 sis
367 1460 411 1531 ad
427 1479 508 1544 qnos
528 1464 695 1545 presentes
711 1458 818 1525 littere
834 1455 1026 1545 peuencrint
1047 1458 1187 1524 salutem
1203 1456 1238 1522 in
1254 1475 1332 1522 uero
1349 1455 1437 1522 salu-

305 1570 379 1636 tari.
395 1566 840 1654 Significamnsuniuersitati
858 1571 976 1650 nostre,
995 1565 1083 1649 quod
1094 1566 1281 1632 mandatum
1293 1562 1436 1632 illustris

306 1676 428 1744 domini
443 1676 522 1742 Bele
537 1673 638 1760 Regis
654 1673 823 1758 Hungarie
836 1674 869 1740 in
886 1673 1003 1742 litteris
1019 1671 1203 1759 recepimus
1219 1672 1252 1738 in
1268 1673 1354 1738 hona
1370 1691 1435 1738 mo·

305 1783 393 1868 dnm,
417 1789 452 1849 ut
466 1782 586 1849 iremus
602 1799 700 1866 super
726 1786 846 1846 terram
861 1781 1001 1866 Legene,
1029 1800 1127 1864 quam
1143 1781 1329 1848 Demetrius
1348 1780 1436 1846 filius

305 1891 473 1976 Salomonj
490 1889 633 1972 tenebat,
651 1894 683 1954 et
699 1889 889 1956 conuocatis
905 1888 1023 1956 uicinis
1034 1894 1067 1956 et
1083 1887 1318 1956 commetaneis
1336 1906 1437 1973 snper

306 1999 427 2064 dictam
442 2002 574 2082 terram,
599 1997 628 2063 si
643 1995 898 2066 contradictores
914 2019 978 2064 non
995 1997 1169 2080 extiterint,
1186 1998 1291 2084 ipsam
1313 2001 1435 2062 terram

307 2105 464 2187 Magistro
480 2104 603 2172 Hoholt
625 2109 851 2172 statueremus.
878 2107 919 2172 Et
935 2125 1007 2174 oum
1022 2107 1056 2172 in
1072 2107 1245 2189 assignato
1264 2103 1318 2173 die
1334 2104 1436 2172 omni-

307 2211 368 2278 bus
383 2212 501 2280 uicinis
517 2218 549 2278 et
565 2212 795 2280 commetaneis
812 2231 911 2300 super
926 2215 1033 2300 ipsam
1048 2223 1167 2282 terram
1184 2211 1436 2297 exhistentibus,

306 2319 401 2384 nobis
418 2324 449 2385 et
463 2318 658 2403 Magistrato
674 2320 714 2384 H.
733 2321 956 2387 contradicere
972 2343 1037 2390 non
1053 2320 1274 2407 intenderent,
1291 2339 1350 2386 nee
1366 2321 1434 2386 uel-

243 2484 246 2492 .
306 2427 392 2512 lont;
419 2445 478 2492 nos
495 2433 707 2493 memoratam
724 2433 846 2493 terram
863 2435 1017 2514 precepto
1039 2428 1180 2494 illustris
1195 2427 1295 2510 Regis
1312 2429 1349 2492 B.
1367 2433 1435 2492 sta-

307 2533 425 2600 tuimus
440 2533 600 2618 Magistro
616 2533 656 2598 H.
673 2533 704 2598 in
722 2543 914 2620 perpetuom
937 2536 1182 2623 possidendam.
1207 2535 1330 2602 Datum
1346 2553 1436 2601 anno

308 2641 419 2724 gracie
435 2641 480 2707 Μο
491 2637 557 2706 00⁰
567 2640 606 2705 L⁰
616 2641 686 2707 IX⁰.

307 2833 447 2908 (Eredetie
459 2835 634 2906 bdrhdrtyim
648 2854 665 2890 a
677 2839 750 2905 rajta
763 2839 849 2904 idggd
862 2839 952 2905 paosdt
966 2843 1106 2894 elveszett,
1120 2858 1136 2894 a
1153 2843 1234 2896 butri
1248 2842 1298 2893 kir.
1312 2841 1438 2893 kamarai

753 2925 941 2996 leveittrban.)

736 3209 999 3224 ιοο--ψ--η

835 3687 913 3756 371.

308 3857 330 3922 l
334 3855 367 3922 V
392 3859 474 3926 Belo
498 3863 662 3952 hirdlyaolo
688 3867 871 3936 Glormicka
898 3873 1034 3941 birtolrdt
1063 3881 1214 3963 tdrypaao'
1244 3877 1436 3966 odorariam,

588 3973 756 4040 Porticus
772 4001 869 4043 comes
884 3981 1039 4047 encomia
1056 3987 1153 4050 1260

415 4165 497 4232 Bela
519 4167 583 4234 Dei
608 4169 721 4253 gracia
746 4171 922 4258 Hungarie,
944 4177 1125 4263 Dalmaeie,
1152 4179 1298 4266 Groneia,
1318 4185 1433 4268 Reme,

306 4271 427 4355 Seruio,
446 4273 592 4358 Gallicis,
612 4273 802 4344 Lodomerie
803 4279 1050 4366 ,Cumanieque
1065 4286 1134 4350 Rex
1152 4287 1300 4356 omnibns
1311 4291 1433 4360 Christi

306 4374 456 4446 fidelibus
483 4388 664 4468 presentem
680 4385 835 4471 paginam
863 4389 1059 4476 inspecturis
1085 4394 1249 4461 salutem
1240 4417 1273 4462 m
1289 4401 1433 4468 omnium

307 4483 482 4552 calcatore.
498 4490 614 4574 Regali
630 4491 763 4577 dignum
780 4501 830 4562 est
845 4504 878 4562 et
888 4499 1078 4586 expediens,
1097 4503 1145 4568 eis
1162 4503 1217 4588 qui
1233 4504 1265 4571 in
1281 4507 1432 4590 seruicijs

308 4587 481 4658 dominicis
497 4600 530 4660 et
546 4596 750 4685 obsequiosis
776 4601 987 4674 famulatibus
1009 4627 1044 4674 se
1061 4619 1220 4697 exercent,
1248 4613 1431 4682 munificen-
