3122 5154
104 1053 196 1118 bem
209 1051 317 1117 addon
337 1052 436 1118 Urias
445 1051 682 1136 pannonbolma'
697 1051 841 1138 apdtoalt
860 1051 999 1119 atraere
1016 1053 1131 1136 Koyar
1143 1051 1224 1139 dely·

105 1164 149 1246 sip
171 1159 504 1246 birtokmlsaonyot’nak
526 1159 687 1226 rendezdsa
712 1157 887 1245 tdrqydbaa
912 1159 1097 1227 iattzkodik.
1127 1161 1224 1225 1239.

211 1355 396 1442 Dionysius
422 1353 485 1422 Dei
510 1355 622 1440 gracia
647 1353 818 1422 Palatinas
845 1361 878 1420 et
902 1352 1018 1423 Oomes
1042 1356 1084 1422 de
1109 1357 1224 1424 Zonuk

106 1465 248 1534 omnibns
265 1469 437 1551 presentes
460 1462 586 1530 litteras
602 1461 796 1548 inspecturis
812 1463 952 1529 salntem
968 1464 1002 1529 in
1018 1465 1134 1531 salutis
1151 1484 1225 1531 auo-

104 1579 177 1640 tore.
197 1571 435 1639 Vniuersorum
451 1568 571 1637 noticia
585 1575 698 1636 tenore
714 1569 919 1656 presencium
938 1569 1090 1638 duximus
1105 1572 1225 1657 signifi·

103 1679 246 1765 andum,
263 1679 352 1764 quod
368 1677 572 1748 VrosAbbas
588 1677 701 1744 Sancti
712 1677 842 1745 Martini
859 1677 900 1744 de
915 1678 1086 1746 Pannonia
1104 1680 1149 1746 ad
1164 1697 1224 1746 nos

103 1789 270 1876 emmens,
296 1785 461 1855 bominem
477 1785 542 1854 sibi
566 1785 611 1852 ad
626 1783 845 1872 separandam
861 1791 980 1852 terram
1004 1805 1098 1853 suam
1114 1793 1147 1852 et
1161 1787 1225 1874 syl·

103 1916 172 1964 nam
187 1896 224 1964 in
239 1895 324 1964 villa
337 1894 453 1981 Kayer
469 1893 661 1962 existentem
677 1913 699 1960 a
713 1893 845 1979 populis
860 1892 1005 1960 eiusdem
1024 1893 1102 1960 riile
1117 1901 1224 1981 postu-

103 2004 197 2090 laeit;
224 2025 290 2089 qno
307 2010 454 2089 accepto,
470 2023 544 2070 eum
559 2002 603 2070 ad
618 2003 726 2089 ipsam
741 2007 861 2069 terram
885 2002 1135 2088 disiungendam
1150 2025 1225 2072 ven·

101 2119 162 2180 tom
177 2112 306 2197 inisset,
324 2109 472 2180 homines
488 2108 680 2193 dinteville,
706 2109 791 2176 siout
805 2110 901 2178 nobis
917 2110 1123 2197 postmodnm
1142 2112 1224 2180 rela-

102 2227 163 2286 tam
179 2229 242 2305 est,
259 2219 506 2306 prohibuerunt.
531 2216 595 2296 Qui
610 2237 683 2284 eum
698 2217 790 2284 nitati
806 2216 954 2303 fuissent,
975 2220 1224 2288 contradictum

102 2327 335 2414 responderunt
350 2327 514 2394 Abbatem
529 2325 563 2390 in
579 2326 665 2392 huno
679 2325 833 2394 modum:
853 2327 942 2410 qnod
956 2327 1056 2393 niobil
1071 2327 1174 2413 partis
1189 2329 1223 2394 in

103 2445 185 2504 terra
200 2437 255 2504 rel
272 2434 370 2520 syloe
385 2435 531 2518 baberet,
556 2439 666 2520 preter
680 2442 811 2519 terram,
829 2435 863 2501 in
879 2453 944 2520 qua
959 2435 1070 2502 Pouea
1088 2435 1223 2502 olerians

16 2629 17 2640 χ
104 2553 133 2613 et
145 2547 196 2616 sai
210 2543 403 2614 residebant
419 2543 560 2630 engrati,
577 2563 659 2628 quos
674 2543 828 2612 dioebant
846 2543 968 2612 dietum
983 2543 1144 2610 Abbatem
1162 2545 1224 2612 snb

16 2641 17 2664 ¹
103 2655 226 2722 nomine
235 2651 322 2739 jnris
348 2673 407 2720 sne
423 2651 572 2720 Eoolesie
587 2651 736 2720 retinere.
761 2650 873 2719 Abbas
890 2671 966 2718 vero
990 2659 1022 2720 et
1036 2650 1154 2720 iratres
1173 2653 1224 2719 soi

102 2762 256 2847 Pontiam,
272 2766 307 2829 et
320 2761 455 2830 fratrem
470 2779 565 2828 sunm
580 2761 711 2828 nomine
724 2759 821 2847 Pons,
837 2769 871 2828 et
884 2779 961 2828 suos
978 2765 1136 2846 cognatos
1147 2761 1224 2829 eor-

104 2870 235 2955 oasinm,
261 2868 458 2937 biiebaelem
481 2867 777 2954 etLaureneiem‚
803 2865 972 2936 libertinos
996 2887 1054 2936 sue
1077 2867 1223 2938 Eoolesie

102 2979 258 3048 instanter
273 2979 477 3046 asserebant.
504 2977 614 3046 Pouoa
628 2997 706 3045 vero
722 2982 755 3042 et
773 2976 824 3044 sui
839 2977 972 3062 eognati
996 2997 1032 3044 se
1047 2977 1168 3044 liberos
1191 2983 1224 3045 et

102 3088 411 3175 propriavoiuntate
421 3105 493 3152 eom
509 3105 569 3152 sua
585 3091 683 3168 terra,
700 3083 1049 3170 quinqugintaseilioet
1058 3085 1222 3169 Jugerum,

100 3194 294 3264 monasterio
320 3194 486 3262 antedioto
511 3211 548 3262 se
572 3191 759 3260 subdidisse
784 3191 1002 3258 affirmabant
1033 3191 1102 3260 Nos
1124 3193 1224 3278 igitur

99 3304 219 3372 aeditis
234 3310 304 3370 tram
320 3302 471 3388 Aboans,
487 3321 585 3386 qnam
600 3304 708 3370 Pouoe
724 3307 756 3367 et
772 3319 902 3367 suorum
921 3305 1132 3384 cognatorum
1146 3302 1223 3369 alle·

98 3411 304 3497 gaeionibee,
330 3410 458 3496 virique
483 3411 568 3499 parti
593 3409 635 3477 ad
660 3429 754 3477 snam
778 3409 981 3496 probandam
1005 3409 1223 3477 assertionem

99 3527 196 3587 testes
221 3518 433 3606 prodnoendi
452 3517 625 3586 terminum
651 3517 903 3604 assignauimns.
929 3521 1043 3588 Abbas
1067 3517 1165 3603 igitur
1191 3525 1224 3586 et

99 3628 224 3712 frenes,
251 3629 396 3695 Ponoam
412 3635 445 3695 et
459 3649 537 3696 snos
552 3635 722 3715 cognatos,
750 3649 771 3696 a
786 3627 927 3714 quadem
947 3629 1079 3698 domina
1094 3627 1224 3698 nomine

99 3735 298 3822 Cbequend
313 3743 510 3804 testamento
526 3736 674 3805 eiusdem
689 3737 829 3822 domine,
850 3737 937 3824 quod
952 3739 986 3805 in
1002 3759 1133 3806 camera
1149 3739 1224 3805 Jan·

98 3846 212 3912 riensia
229 3845 380 3912 Eeelesie
405 3843 513 3912 fuerat
528 3845 722 3932 depositum,
749 3853 782 3912 et
796 3845 936 3913 aliorum
960 3866 1058 3930 qnam
1081 3845 1223 3931 plurium

98 3952 284 4022 testimonio
291 3952 524 4040 libertinorum,
536 3953 682 4022 eiusdem
692 3953 878 4040 monasterii
890 3952 1131 4022 eondioionatos
1141 3969 1224 4019 oom-

99 4061 258 4146 probanit.
283 4059 395 4129 Pouea
412 4059 517 4127 eoiam
533 4067 567 4128 et
582 4061 632 4128 sui
649 4061 794 4146 eognati,
819 4060 957 4128 testibus
974 4060 1091 4145 quibus
1112 4066 1223 4145 potue-

102 4177 181 4254 rant,
198 4189 235 4237 se
245 4168 366 4239 liberos
377 4168 446 4236 iore
462 4167 690 4257 probauerunt.
710 4169 780 4238 Nos
795 4168 896 4254 igitar
910 4166 1029 4236 auditis
1040 4167 1223 4255 responsio·

16 4283 17 4290 ’
100 4277 192 4344 nibus
207 4275 340 4344 testium
356 4275 503 4363 paroium
518 4281 735 4362 virorumque,
756 4277 834 4343 lieet
848 4273 1069 4342 testimonium
1085 4273 1224 4343 Abbatis
1242 4289 1251 4300 ·

101 4393 182 4452 esset
206 4383 453 4470 strepentibus,
478 4390 629 4452 et'eausa
652 4404 710 4470 per
725 4384 787 4452 boo
811 4382 979 4450 terminari
995 4389 1123 4470 posset;
1148 4405 1220 4471 pro-

101 4498 169 4576 pter
185 4491 343 4559 maiorem
367 4496 476 4558 tamen
492 4491 677 4576 cautellam,
703 4499 736 4557 et
748 4491 914 4576 justiciam
934 4490 1220 4576 abundantiorem,

100 4597 139 4667 de
153 4597 289 4670 testibus
305 4597 446 4666 Abbatis
460 4605 528 4668 tres
542 4599 688 4669 homines
707 4623 714 4666 :
731 4599 806 4686 Apa
822 4597 991 4686 Comitem,
1009 4599 1162 4687 ipolitum
1178 4598 1222 4664 de
