3198 5160
856 306 1008 406 „iii-⁶„

374 501 593 589 heredumque
617 521 757 588 suorum,
784 501 827 568 ad
849 503 1044 588 habendum,
1068 504 1252 588 tenendum,
1279 501 1495 590 gnudendum,

373 609 618 701 possidendum,
643 609 798 696 quamdiu
814 611 935 680 fedelis
951 610 1038 700 (tgy)
1056 613 1198 680 seruicia
1214 612 1299 680 iuste
1315 620 1347 682 et
1362 613 1498 682 honesta

374 721 438 809 ipsi
455 722 507 789 uei
533 741 642 789 eorum
667 719 803 788 heredes
818 722 964 807 predicto
989 721 1146 790 Ledirluo
1175 727 1207 787 et
1231 723 1299 789 suis
1325 720 1497 789 heredibus

374 829 528 898 exhibere
543 828 703 898 volueriut
718 847 760 896 ex
777 830 900 898 eedem.
919 832 956 898 ln
974 830 1064 899 cuius
1082 830 1130 898 rei
1140 830 1359 900 testimonium
1374 837 1408 897 et
1425 849 1497 916 per-

373 947 507 1024 petuom
516 938 699 1006 firmitatem
713 939 754 1005 de
764 945 880 1025 rogatu
897 946 929 1007 et
945 939 1106 1024 peticione
1116 941 1264 1027 peruium
1279 939 1498 1026 predictorum

375 1047 435 1114 has
459 1054 627 1134 presentes
652 1048 845 1117 contulimus
872 1047 974 1134 sigilli
999 1049 1102 1117 nostri
1129 1047 1171 1118 de
1188 1049 1302 1119 subtus
1327 1045 1500 1136 pendentis

375 1155 548 1222 munimine
572 1155 751 1223 roboratus.
778 1158 897 1224 Datum
914 1158 1006 1224 Nono
1022 1158 1056 1224 in
1072 1157 1161 1226 dicte
1184 1165 1298 1226 nostre
1313 1155 1501 1224 kathedrali

375 1264 516 1332 ecclesie
539 1263 648 1332 Sancti
673 1265 781 1332 Assell
804 1264 863 1332 sub
889 1285 976 1334 anuo
997 1267 1128 1334 Domini
1150 1265 1192 1332 Μ.
1203 1264 1251 1333 11?
1261 1268 1297 1332 L.
1308 1265 1393 1332 VIII.
1414 1283 1501 1366 meu-

377 1371 423 1441 sis
438 1373 639 1462 Septembris
656 1372 710 1440 die
726 1374 835 1443 tercio.

376 1571 410 1639 (Δ
424 1571 534 1640 rigrtbi
548 1570 733 1640 kdpteieunuk
742 1570 896 1634 dtiretdde,
907 1574 977 1640 meiy
989 1574 1046 1626 kelt
1060 1575 1137 1624 rust.
1153 1573 1235 1634 „ieris
1249 1572 1367 1624 secunde
1377 1572 1501 1639 proximu

377 1669 442 1716 ente
454 1663 552 1716 festum
572 1665 775 1724 Puritieueiopis
788 1665 908 1732 Virginis
922 1663 1070 1726 Gloriose'·‚
1093 1665 1221 1729 smelyet
1241 1661 1409 1724 „Summum
1429 1661 1501 1713 filius

380 1753 399 1803 J
401 1751 504 1820 urizley
517 1762 544 1805 et
557 1754 648 1806 Metire
658 1754 729 1806 iilius
742 1753 842 1820 Pribop
852 1753 885 1806 de
898 1753 1026 1820 Somiyen
1039 1755 1071 1805 de
1082 1755 1262 1821 generatione
1275 1751 1413 1818 Htapertr‘
1427 1749 1500 1811 kern

686 1861 703 1896 u
716 1843 796 1896 brrdui
809 1843 860 1895 kir.
874 1845 996 1896 kumersi
1011 1841 1198 1909 ievtltdrban.)

902 2597 978 2668 394.

377 2801 408 2865 Α
424 2801 591 2888 oeezpre'roi
604 2798 816 2886 ddptulaunak
830 2799 1098 2886 biscopedqleoeic,
1111 2801 1192 2886 iropy
1208 2797 1338 2886 Gcrpelp
1354 2797 1505 2864 Persect-

369 2911 419 2993 fiu
438 2908 537 2974 Mielm
553 2907 827 2990 comecnelrfiuicul
842 2910 938 2996 onpja
952 2911 1064 2974 tirou-e
1079 2911 1165 2974 trono
1180 2907 1373 2994 eqyezlredett.
1401 2905 1504 2970 1258.

485 3105 553 3172 Nos
569 3102 752 3190 Capitulum
769 3103 1032 3192 wesprimiensis
1048 3105 1195 3173 Ecclesie
1220 3102 1336 3171 demus
1359 3123 1420 3190 pro
1437 3121 1507 3170 me-

379 3215 490 3298 morie,
508 3211 592 3298 quod
604 3211 780 3298 Gregorius
796 3213 881 3282 filius
896 3215 985 3282 Petri
996 3233 1105 3282 eorum
1120 3213 1214 3281 nobis
1231 3213 1424 3281 constitutus
1442 3231 1507 3298 pro

378 3339 423 3408 se,
442 3327 474 3386 et
489 3339 547 3408 pro
563 3320 660 3389 Petro
676 3319 803 3388 Comitc
825 3319 925 3390 iretro
940 3341 1007 3410 suo,
1024 3321 1204 3408 teuderico,
1226 3321 1288 3388 Sur
1305 3327 1337 3388 et
1361 3341 1420 3407 pro
1439 3321 1509 3388 An-

378 3429 457 3496 dreu
472 3427 626 3495 iratribus
642 3429 709 3497 suis
724 3429 865 3497 asseruit
879 3429 957 3498 vius
972 3451 1063 3516 voce,
1089 3427 1176 3516 quod
1192 3450 1265 3499 eum
1282 3431 1354 3518 ipse
1369 3435 1402 3496 et
1423 3449 1507 3516 pre-

379 3535 482 3604 notati
504 3536 623 3605 iratres
639 3538 689 3605 sui
705 3541 884 3607 munissent
908 3559 1040 3607 causum
1061 3547 1175 3606 contre
1190 3541 1311 3640 Atrum
1335 3543 1368 3605 ct
1383 3537 1511 3605 Renol-

377 3643 453 3712 dum
470 3641 676 3715 ii1iosMisiru
693 3643 838 3734 Comitis,
866 3648 1058 3731 requirendo
1075 3648 1118 3715 ub
1133 3644 1256 3716 eisdem
1274 3645 1382 3715 dotem
1399 3653 1434 3714 et
1453 3667 1511 3715 res

377 3749 601 3843 persistentes
617 3751 747 3819 domine
763 3753 950 3839 Margarete
966 3755 1088 3822 sororis
1104 3753 1258 3842 ipsorum,
1278 3751 1405 3821 seilicet
1421 3752 1511 3820 dicti

377 3859 465 3929 Petri
477 3859 611 3929 Comitis
628 3859 834 3947 proximioris
849 3861 958 3928 Misia
968 3861 1102 3930 Comitis
1119 3881 1227 3930 eorum
1244 3859 1374 3930 domiuo
1390 3867 1512 3930 nostro

377 3971 412 4038 Ζ.
428 3969 592 4057 Episcopo
610 3969 866 4056 Wesprimiensi,
894 3969 1009 4038 eedem
1035 3979 1144 4040 tamen
1169 3969 1345 4040 secuudum
1373 3977 1513 4040 senten·

378 4079 460 4147 eiem
476 4077 614 4166 predicti
640 4077 762 4147 domini
788 4079 891 4148 nostri
908 4079 1061 4168 Episcopi
1078 4081 1188 4148 taliter
1203 4081 1310 4148 extitit
1337 4079 1514 4169 ordinatu,

377 4185 462 4274 quod
477 4187 537 4274 diij
555 4185 664 4256 Missa
680 4185 815 4256 Comitis
840 4190 1007 4257 noluerunt
1021 4189 1140 4276 uiginti
1155 4197 1188 4256 et
1203 4189 1344 4274 quinque
1370 4207 1514 4257 meroes

378 4316 487 4365 eorem
502 4293 597 4364 nobis
613 4315 671 4383 pro
688 4295 762 4364 dote
779 4303 811 4364 et
827 4295 922 4364 rebus
946 4295 1209 4384 purut'ernelibus
1225 4296 1355 4364 domine
1371 4295 1515 4383 Murga-

378 4413 445 4471 rete
470 4405 666 4492 supradicte,
693 4407 788 4473 etsie
812 4403 897 4475 idem
914 4403 1093 4492 Gregorius
1119 4406 1232 4474 sibiet
1252 4404 1406 4472 iratribus
1437 4409 1517 4476 suis

378 4515 556 4598 prenotatis
571 4535 629 4598 pro
647 4515 722 4582 dote
740 4521 772 4582 et
788 4515 882 4584 rebus
892 4515 1151 4603 pureiern'eiibus
1169 4515 1254 4582 dicte
1269 4515 1400 4583 domine
1417 4513 1518 4583 dixit

379 4618 709 4708 suissesutisiaotum3
727 4625 783 4707 itu,
801 4623 887 4708 quod
904 4625 944 4692 de
955 4634 1061 4692 cetero
1078 4644 1136 4690 neo
1154 4625 1225 4710 ipse
1236 4625 1428 4708 Gregorius,
1448 4647 1518 4694 nse
