3112 5148
604 309 765 408 283„

119 509 195 572 mete
212 503 256 571 de
272 511 380 588 terra;
407 503 526 572 deiude
541 524 599 592 per
615 525 765 592 eampum
790 504 893 574 tendit
908 505 952 572 ad
975 525 1131 591 maguam
1149 505 1248 592 viam,

118 612 168 677 vbi
195 620 273 680 sunt
288 611 353 680 due
378 619 465 678 mete
480 611 524 680 de
545 618 651 699 terra3
678 612 797 681 deinde
822 613 986 681 transiens
1015 632 1248 699 permagnam

115 720 199 786 viam
225 727 341 787 eontra
367 718 537 786 meridiem
560 720 653 787 uadit
679 720 722 787 ad
740 727 858 788 terram
884 721 941 806 filij
969 719 1132 806 anheliu,
1159 721 1248 787 ouius

116 836 197 894 terre
223 827 502 912 nontermiuatur3
527 826 603 894 inde
627 827 720 894 uadit
746 828 789 894 ad
815 835 936 895 terram
962 831 1111 896 Damasa
1135 834 1249 894 eontra

116 936 309 1021 aquilonem,
338 943 371 1004 et
387 937 641 1004 conterminatnr·
664 945 751 1004 terre
766 939 929 1022 Damasa3
957 937 1076 1004 exhiuo
1100 935 1183 1003 redit
1204 935 1248 1002 ad

117 1049 234 1111 terram
248 1045 353 1131 ipsius
364 1043 521 1120 Tristaui,
539 1050 572 1112 et
582 1045 834 1113 conterminales
842 1052 929 1112 terre
945 1043 1108 1130 eiusdem
1130 1042 1248 1111 deiude

117 1152 234 1220 mansit
248 1171 308 1239 per
317 1174 473 1239 maguam
482 1153 578 1239 uiam,
594 1159 628 1220 et
637 1153 759 1222 direote
769 1152 861 1220 uadit
876 1153 919 1220 ad
928 1154 1063 1239 Murem,
1083 1160 1116 1220 et
1124 1153 1246 1221 ibidem

117 1263 318 1329 terminatur.
345 1263 388 1328 Vt
409 1269 517 1329 antem
534 1263 598 1330 ista
623 1263 749 1350 empeio
765 1263 860 1330 firma
884 1253 916 1330 et
939 1263 1035 1330 illesa
1060 1269 1248 1348 perseueret

116 1369 342 1455 inposterum,
369 1370 404 1436 in
420 1369 638 1438 testimonium
664 1370 735 1438 eius
756 1368 905 1438 dedimus
931 1375 1099 1458 presentes
1119 1368 1245 1436 litteras

117 1477 215 1562 sigilli
225 1479 330 1546 nostri
341 1478 521 1546 munimine
531 1479 712 1564 roboratus,
730 1497 816 1547 anno
832 1498 944 1565 gruere
954 1475 1245 1554 mooxlrnlr

117 1585 288 1654 Existente
312 1587 496 1655 venerabili
512 1587 587 1654 llila
608 1586 824 1672 Zagrabiensi
848 1586 1030 1674 Proposito,
1051 1588 1150 1652 Petro
1165 1581 1247 1652 (lau-

118 1700 195 1776 tore,
225 1695 360 1760 Barauo
386 1696 533 1778 Leetore,
558 1691 717 1780 Gregorio
744 1692 897 1779 Custode,
925 1692 1020 1760 Petro
1044 1693 1188 1776 Deeauo,
1214 1695 1248 1759 et

116 1800 231 1868 ueteris
246 1799 406 1870 fratribus
423 1801 567 1870 eiusdem
587 1801 662 1870 loei.

117 1984 252 2044 (Eredetie
274 1979 456 2048 bllrhlrtytu,
479 1983 590 2050 melyrt'l
613 1978 782 2050 alrtptalen
803 1979 925 2049 peosetje
938 1982 999 2034 zeid
1019 1977 1246 2049 selyemasintron

378 2071 457 2139 sugg,
470 2087 487 2124 a
499 2071 582 2125 budai
595 2073 646 2124 kir.
659 2071 782 2124 kamarai
794 2067 984 2138 levtlttrben.)

644 2619 722 2688 121.

114 2785 145 2852 A
162 2785 591 2872 kaaemebwkeeaterpamr'
605 2784 739 2870 mealia
753 2785 853 2870 ottrp'a
863 2785 1005 2852 Boudaia
1020 2788 1246 2874 olorezdpbiro'·

357 2894 421 2959 eale
429 2891 570 2980 seatebbt'
584 2893 624 2958 11
628 2894 659 2959 ὂ.
675 2915 717 2959 ez.
733 2917 762 2961 α.
777 2893 893 2960 tetra
909 2893 1007 2960 1244.

225 3073 412 3141 Gonuentus
428 3073 551 3141 Domus
566 3072 748 3160 Hospitalis
766 3070 878 3140 Sauoti
900 3071 1062 3160 Stephani
1077 3073 1178 3160 Regis
1203 3073 1246 3142 de

114 3179 284 3266 Strigonio
311 3180 464 3248 omuibus
489 3185 660 3266 presentes
684 3179 814 3246 litteras
829 3179 1026 3268 iuspeoturis
1051 3181 1191 3250 salntem
1210 3181 1245 3248 in

113 3287 269 3358 Domino.
287 3287 447 3356 Noueriut
460 3292 528 3354 tam
543 3293 713 3374 presentes
732 3307 832 3372 quam
847 3287 980 3376 posteri,
1007 3287 1094 3372 quod
1110 3288 1245 3376 Stepha-

111 3417 176 3464 nus
191 3396 236 3463 de
251 3396 355 3482 Papa,
381 3393 559 3484 pristaldus
575 3393 746 3463 Benedicti
770 3393 829 3481 filij
846 3393 942 3480 Syke
954 3393 1081 3463 litteras
1101 3395 1246 3464 eiusdem

111 3503 317 3574 llioeindioie
333 3511 411 3572 tune
435 3503 591 3591 temporis
608 3501 704 3572 Curio
730 3503 853 3572 domiui
869 3503 970 3590 Regis
988 3504 1084 3574 uobis
1099 3505 1247 3574 exhibuit

110 3615 175 3681 sub
190 3613 255 3680 huo
272 3612 396 3682 forma:

223 3721 295 3790 Nos
309 3719 505 3790 Benedictus
530 3719 616 3790 filins
631 3721 725 3808 Syke
741 3721 782 3789 de
808 3740 929 3808 genere
954 3724 1049 3808 Papa
1064 3721 1246 3792 Uioeiudex

110 3828 240 3898 domiui
255 3829 355 3916 Regis
371 3829 433 3898 etb.
451 3827 550 3916 (mint
564 3829 696 3899 feutebb
715 3831 789 3898 115.
809 3848 854 3898 ea.
872 3831 920 3917 a.)

223 3935 326 4004 Cuius
350 3937 520 4003 memorati
544 3934 662 4004 iudieis
678 3936 861 4005 litterarum
887 3938 1006 4004 seriem
1022 3935 1064 4002 (le
1082 3935 1183 4004 uerbo
1199 3938 1244 4004 ad

110 4045 253 4113 uerbum
268 4043 387 4112 litteris
412 4043 621 4130 presentibus
643 4045 826 4114 inserentes
841 4044 874 4112 iu
897 4047 1123 4130 argumentum
1147 4043 1245 4112 maio·

110 4153 158 4220 ris
174 4151 253 4220 fidei
268 4157 455 4239 presentem
480 4152 638 4240 paginam
662 4151 773 4240 sigillo
799 4159 911 4222 nostro
927 4150 1063 4222 intimus
1087 4151 1245 4222 roborari.

110 4261 210 4330 Auno
229 4260 403 4328 Dominioe
418 4259 657 4330 Iuearnau'ouis
680 4261 854 4329 millesimo
870 4258 936 4328 00⁰
945 4261 1017 4330 ΧΗ
1026 4259 1115 4328 11110.

465 4387 898 4456 ABcD

114 4535 261 4600 (Eredetie
284 4527 458 4599 bt'rhlrtytn,
476 4531 618 4600 melyrtla
636 4530 730 4600 peostt
752 4533 926 4588 simonetta
949 4531 1031 4586 budai
1051 4533 1103 4586 kir.
1123 4531 1245 4586 lemorel

589 4617 778 4694 lertlttrban.)
