3134 5150
760 319 919 420 -.ll-

272 518 375 584 tribus
393 517 544 599 solueret,
561 515 694 583 residua
710 534 789 581 nero
805 512 966 580 medietas
984 511 1159 596 sepedictis
1179 512 1407 580 castrensibus

278 623 407 689 cederet
415 622 645 707 persoluenda.
663 619 779 705 incipit
793 626 902 686 antem
911 627 997 686 terre
1011 619 1101 684 illins
1114 625 1202 686 meta
1216 621 1258 686 ab
1268 621 1408 704 oriente,

274 735 306 794 et
322 736 461 795 metatur
476 748 548 794 cum
565 725 787 812 castrensibus
803 724 978 812 predictis;
996 725 1031 792 in
1046 727 1149 812 plaga
1163 747 1242 793 nero
1259 727 1411 792 meridio-

275 836 344 900 nali
360 842 501 901 metatur
526 855 599 900 cum
615 833 696 899 villa
712 833 829 899 Bnken
845 832 990 916 Comitis,
1018 853 1081 916 qne
1098 832 1234 900 (lheolen
1251 841 1410 916 nocatnr;

271 943 306 1009 in
321 943 488 1010 occidente
514 961 592 1007 uero
609 961 682 1007 cnm
698 941 779 1006 villa
795 939 1054 1022 uduornicorum,
1080 946 1149 1007 eta
1168 941 1403 1026 septemtrione

273 1056 396 1118 metata
423 1055 473 1115 est
497 1067 570 1114 cnm
595 1055 683 1114 terra
709 1049 814 1115 Sebus
840 1048 985 1116 Comitis.
1017 1048 1092 1114 Hiis
1116 1048 1229 1133 itaque
1254 1047 1408 1115 omnibns

276 1156 399 1241 ordine,
416 1177 480 1238 qno
497 1156 649 1239 diximus,
665 1155 819 1240 peractis,
837 1154 954 1220 (lomes
969 1155 1121 1221 Andreas
1136 1155 1299 1223 hominem
1310 1175 1408 1223 sunm

275 1263 487 1348 Stephanum,
513 1281 608 1345 quem
624 1283 723 1329 cause
739 1262 932 1349 pristaldum
949 1262 1141 1350 prefecerat,
1163 1282 1229 1327 una
1245 1283 1318 1327 cnm
1333 1283 1412 1350 par-

277 1370 366 1436 tibus
383 1369 527 1453 utrisque
553 1369 597 1436 ad
612 1379 757 1438 nostram
774 1377 807 1436 et
829 1369 964 1435 fratrum
980 1369 1116 1436 Posenii
1141 1371 1344 1456 presenciam
1360 1369 1410 1436 di-

279 1477 375 1561 rexit,
400 1484 524 1545 attente
539 1479 722 1564 postulans,
747 1483 783 1543 ut
798 1479 846 1544 rei
862 1485 966 1562 geste,
993 1497 1035 1544 ne
1049 1485 1156 1546 tractu
1175 1479 1328 1566 temporis
1355 1499 1410 1545 ou-

276 1584 416 1669 iuspiam
433 1584 620 1670 calumpnia
636 1584 824 1669 infirmaret,
844 1583 947 1666 sigilli
961 1583 1065 1652 nostri
1086 1603 1324 1668 apponeremus
1340 1607 1411 1653 mn-

278 1691 469 1756 nimentnm.
495 1689 589 1756 Vnde
614 1711 674 1758 nos
700 1691 835 1757 adeius
860 1699 893 1756 et
916 1691 1065 1777 parcium
1092 1691 1249 1756 iustarum
1273 1713 1410 1778 precum

277 1800 482 1884 instanciam,
499 1817 577 1866 sane
594 1799 672 1882 qnia
687 1798 834 1864 eiusdem
844 1797 980 1865 Comitis
996 1798 1140 1882 sigilium
1150 1798 1269 1866 litteris
1285 1821 1411 1887 appen-

279 1925 351 1972 sum
368 1925 480 1971 sumus
504 1903 623 1990 intuiti,
651 1905 778 1971 litteras
793 1905 855 1971 has
875 1905 1058 1989 sigillorum
1082 1910 1265 1971 nostrornm
1290 1907 1412 1976 robore

278 2011 556 2078 communiuimus.
572 2012 666 2078 Anno
681 2010 771 2076 verbi
789 2011 950 2078 incarnati
964 2013 1010 2078 Μ’
1020 2009 1320 2082 GO⁰XXX⁰sexto

280 2207 397 2272 (Roland
406 2205 490 2260 mador
500 2205 528 2259 es
538 2209 641 2260 Vineae
649 2209 750 2272 nyitrai
762 2209 933 2274 ptlspttlrnelr,
946 2212 1015 2260 mint
1027 2209 1165 2260 niknldott
1175 2207 1310 2262 biraknsln
1326 2214 1410 2266 1865-

563 2299 594 2349 kt
608 2295 767 2364 jdvtlragyd
780 2297 918 2351 italectbtl
937 2301 1005 2350 mint
1017 2297 1118 2366 subu)

707 2595 963 2606 ——.---—....

817 3051 871 3118 lt.

279 3237 309 3301 A
325 3233 485 3298 litaldotc
508 3231 630 3317 kirdlya'
644 3230 737 3295 birtilo
753 3254 773 3293 a
790 3231 982 3318 darmepyec'
1005 3229 1235 3318 odrjobbcipyolt
1256 3234 1287 3296 ds
1303 3255 1324 3296 a
1341 3233 1410 3299 Ga-

278 3364 349 3406 rum
364 3339 491 3406 melletti
509 3361 551 3403 ez.
567 3337 712 3404 boredeki
732 3340 811 3424 apol
826 3338 918 3420 lodzti,
935 3338 1062 3402 kocdocc'
1077 3336 1220 3403 lireotra
1236 3339 1414 3406 coactlrozo

658 3455 734 3532 pert
749 3443 903 3508 elintdzc'k.
924 3445 1020 3512 1236.

387 3643 457 3708 Nos
473 3637 606 3706 Jndices
622 3647 782 3704 terrarum
799 3637 916 3705 Comes
927 3638 1123 3724 Alexander,
1141 3637 1258 3706 Comes
1274 3639 1409 3724 Zochet,

280 3753 396 3820 (lomes
411 3749 535 3814 Benete
551 3753 584 3811 et
599 3745 706 3829 Ozyas
722 3745 978 3812 Arolridiaconus
988 3745 1180 3832 chiensis,
1202 3747 1371 3814 constituti
1386 3769 1410 3814 a

279 3859 410 3925 domino
427 3858 518 3940 Rege
534 3853 616 3920 Bela
630 3854 664 3919 in
679 3854 847 3938 provincia
862 3853 1040 3939 Borsiensi,
1059 3861 1171 3923 notum
1186 3855 1326 3922 facimus
1342 3877 1414 3944 om7

279 3965 375 4031 nibus
402 3981 538 4049 presens
565 3961 719 4045 scriptum
743 3959 949 4045 inspecturis,
976 3962 1061 4045 quod
1080 3961 1282 4046 yobagiones
1307 3967 1411 4032 castri

280 4072 465 4140 Borsiensis
481 4069 522 4137 de
538 4070 618 4136 villa
635 4070 771 4156 Orusan,
789 4069 914 4136 scilicet
928 4071 1038 4137 Ponsa
1054 4077 1087 4136 et
1102 4070 1153 4136 sui
1172 4073 1409 4158 oonsanqninei

281 4179 321 4245 de
337 4178 453 4245 ecdem
469 4179 559 4256 uilla,
575 4178 738 4244 Abbatem
749 4175 900 4244 cosmam
916 4177 1063 4244 Ecclesia
1079 4177 1172 4244 Beati
1188 4176 1358 4246 Benedicti
1374 4188 1411 4249 et

282 4283 484 4370 yobagiones
500 4284 644 4351 eiusdem
654 4283 800 4350 Ecclesia
810 4303 919 4351 coram
929 4284 1023 4351 nobis
1039 4285 1072 4350 in
1083 4303 1217 4350 causam
1225 4291 1409 4375 traxerunt,

280 4389 436 4473 dicentes,
460 4391 545 4456 utin
561 4391 642 4458 uilla
658 4392 797 4476 dracho,
814 4411 876 4476 que
892 4397 943 4459 est
958 4393 1072 4460 Sancti
1087 4391 1263 4477 Benedicti,
1284 4399 1407 4465 terram

280 4516 392 4564 eornm
417 4497 658 4581 hereditariam,
686 4497 730 4564 ad
753 4497 817 4565 duo
842 4505 972 4584 aratra,
999 4499 1156 4568 uiolenter
1180 4511 1408 4586 occupassent.

279 4605 394 4670 Dictus
409 4619 489 4668 uero
501 4603 613 4668 Abbas
624 4623 696 4669 cnm
712 4605 781 4671 suis
792 4605 1028 4690 J‘obagionibus
1046 4605 1168 4673 eisdem
1179 4607 1407 4680 contradicens
