3082 5150
846 287 1006 390 ἕξ-

359 483 438 552 inde
455 486 575 552 transit
593 505 688 550 unum
715 487 936 571 oscswpotolr,
963 493 996 552 et
1012 487 1102 552 uenit
1117 487 1159 552 ad
1186 487 1353 571 quoddam
1381 487 1479 568 berch,

360 595 394 659 in
410 593 501 660 cuius
518 592 623 658 medio
642 594 703 658 sub
719 591 847 660 duabus
859 595 1001 680 ylicibns
1017 601 1094 660 sunt
1109 593 1172 661 dne
1188 601 1292 680 mete,
1313 596 1390 662 inde
1400 597 1481 662 vadit
1528 611 1529 660 3

362 700 406 766 ad
422 701 505 767 duas
532 704 647 784 metas,
674 719 736 784 que
761 707 918 787 separant
941 701 1046 788 ipsam
1072 707 1192 767 terram
1209 710 1334 769 atcrra
1359 703 1481 771 llouka

362 815 394 875 et
405 805 607 893 Crystoiory‚
625 811 659 872 et
674 805 789 892 incipit
803 813 916 874 tenere
932 815 1038 875 metas
1054 828 1127 874 cnm
1137 809 1260 875 Azaria
1275 812 1480 894 etSamuele;

362 915 438 982 inde
455 931 515 1000 por
529 913 613 980 duas
630 920 733 982 metas
749 914 967 1001 procedendo,
994 916 1084 983 venit
1099 916 1237 985 inferius
1254 915 1299 982 ad
1315 918 1411 984 illum
1425 917 1481 986 ion-

363 1033 439 1107 tem,
455 1022 513 1088 vbi
528 1023 705 1107 inceperat,
722 1024 826 1090 etsub
843 1023 984 1107 quadam
997 1023 1099 1091 salice
1116 1023 1318 1092 terminatur.
1339 1026 1383 1092 Vt
1393 1024 1483 1108 igitur

362 1129 548 1198 huiusmodi
564 1137 639 1196 acta
655 1137 711 1196 aut
727 1149 885 1198 concessa
900 1152 1056 1216 processu
1072 1133 1226 1219 temporis
1250 1133 1347 1200 salua
1363 1153 1484 1220 semper

364 1244 578 1326 permaneant
603 1243 635 1304 et
651 1238 756 1324 illesa,
782 1247 951 1326 presentes
976 1241 1199 1307 concessimus
1223 1240 1365 1325 litteras,
1391 1241 1483 1326 sigilli

364 1345 467 1414 nostri
484 1345 624 1430 duplicis
640 1345 817 1412 munimine
833 1345 1054 1431 consignatas.
1081 1349 1202 1414 Datum
1218 1368 1304 1414 anno
1321 1349 1483 1416 Dominice

364 1455 608 1522 Incarnacionis
623 1453 742 1520 M⁰OO⁰
759 1455 1028 1540 quinquagesimo
1045 1457 1199 1541 secundo,
1217 1456 1358 1543 septimo
1380 1457 1482 1522 kalen·

365 1563 425 1630 das
441 1562 576 1650 Aprilis,
593 1562 699 1647 Regni
715 1569 823 1630 autem
840 1562 942 1629 nostri
959 1563 1086 1631 decimo
1107 1571 1234 1632 octauo.

456 1759 506 1826 (du
520 1761 621 1815 eredeti
633 1757 700 1813 utta
712 1761 808 1813 Knauu
821 1764 846 1814 N
849 1758 943 1823 tendor,
956 1764 1070 1828 ldagyar
1084 1762 1150 1814 Sion
1163 1764 1200 1814 11.
1215 1764 1273 1814 lca
1287 1765 1349 1815 bib.
1364 1763 1394 1828 l.)

369 2767 391 2830 Ι
397 2765 429 2830 V.
445 2766 524 2832 Be'la
538 2765 642 2852 kirclp
658 2764 802 2830 Miloztct
816 2768 907 2850 aficit
922 2766 1046 2832 Budua
1061 2773 1092 2831 e's
1107 2767 1264 2834 Domaiint
1278 2766 1483 2856 lirdiyr'scsa·

582 2872 744 2938 carosolrat
758 2872 838 2938 tadi
852 2874 940 2958 nepot
954 2872 1171 2958 kdzc'felocszi.
1193 2873 1291 2938 1252.

477 3067 560 3134 Bela
575 3067 637 3134 Dei
655 3066 769 3152 gracia
785 3067 963 3153 Hungarie,
979 3069 1161 3154 Dalmacie,
1179 3067 1369 3156 Choroacie,
1385 3072 1486 3146 Rane,

370 3173 494 3258 Seruie,
513 3174 663 3259 Gallicis,
677 3173 868 3241 Lodomerie
878 3173 1102 3258 (inmaniaque
1117 3176 1187 3242 Rex
1203 3175 1365 3244 uniuersis
1378 3175 1484 3245 Christi

371 3279 520 3349 fidelibus
547 3282 751 3370 presencium
776 3281 933 3350 noticiam
956 3281 1115 3350 habituris
1140 3283 1280 3350 salutem
1305 3283 1340 3352 in
1365 3305 1415 3368 eo,
1439 3283 1486 3369 qui

371 3385 518 3474 Regibus
534 3389 591 3457 dat
607 3389 757 3457 salutem.
783 3387 835 3455 Ad
851 3387 1074 3456 uniuersorum
1089 3395 1158 3456 tarn
1175 3389 1381 3475 presencium
1399 3411 1485 3476 quan

370 3505 573 3586 posterorum
599 3497 754 3566 noticiam
779 3493 893 3564 harum
919 3497 1004 3565 serie
1027 3497 1175 3565 uolumus
1200 3499 1384 3586 peruenire,
1409 3496 1485 3586 quod

371 3605 567 3692 quibusdam
583 3605 747 3674 buobariis
763 3603 894 3687 nostris,
922 3604 1075 3670 uidelicet
1090 3604 1202 3673 llilozt
1216 3612 1250 3672 et
1276 3605 1403 3674 dnobus
1422 3604 1487 3674 liliis

371 3716 451 3802 eius,
470 3713 595 3781 scilicet
612 3712 718 3780 Budul
734 3719 767 3780 et
781 3713 944 3780 Damiano
961 3710 1003 3780 de
1018 3713 1099 3779 uilla
1115 3713 1246 3798 Dehter,
1270 3714 1304 3780 in
1323 3714 1425 3782 armis
1440 3713 1486 3778 mi-

372 3821 522 3890 litaribus
548 3821 641 3888 nobis
660 3825 692 3887 et
707 3823 821 3904 Regno
847 3827 958 3890 nostro
984 3821 1110 3888 seruire
1135 3821 1410 3907 desiderantibus,
1436 3821 1486 3888 snb

373 3951 413 3998 ea
429 3930 619 3998 condicione
635 3928 780 4016 graciam
793 3927 941 4013 fecimus,
958 3936 994 3995 ut
1010 3928 1039 3995 si
1055 3929 1119 4004 duo
1129 3927 1186 3994 tilii
1203 3930 1343 4016 predicti
1353 3932 1397 3999 ad
1411 3949 1486 3997 exer-

371 4039 469 4106 citum
495 4044 651 4120 nostrum,
677 4055 772 4121 quem
788 4043 902 4103 contm
917 4035 953 4105 P.
971 4035 1190 4104 Marcbionem
1215 4037 1375 4126 Morauie,
1399 4039 1486 4105 filiun

369 4145 511 4214 Illustris
539 4146 641 4231 Regis
665 4145 799 4212 Boomie
828 4143 1008 4229 ediximus,
1034 4144 1136 4211 arinis
1162 4145 1361 4214 militaribus
1386 4143 1488 4228 induti,

371 4255 496 4323 scilicet
511 4251 632 4337 loricis,
661 4251 798 4338 capellis
813 4249 856 4319 de
871 4251 967 4338 terro,
995 4251 1119 4341 clipeis,
1148 4251 1282 4336 lanceis,
1311 4253 1449 4321 arcubus
1463 4259 1488 4316 et

373 4359 513 4446 sagittis,
530 4379 630 4446 equos
646 4382 705 4448 pro
722 4364 867 4428 exercitu
884 4361 1053 4446 habentes,
1071 4359 1221 4428 uenirent
1236 4367 1270 4428 et
1286 4367 1488 4438 assumerent

374 4469 415 4534 de
431 4474 538 4538 cetero
553 4488 682 4554 semper
698 4468 732 4535 in
748 4477 860 4538 nostro
876 4469 1023 4537 exercitu
1039 4471 1088 4537 sic
1104 4470 1236 4555 seruire,
1254 4476 1376 4538 extunc
1391 4492 1412 4538 a
1425 4489 1486 4539 con·

373 4574 501 4640 dicione
526 4575 755 4645 bucheriorum
788 4583 956 4665 exemptos
987 4576 1021 4646 in
1053 4596 1220 4646 numerum
1252 4579 1487 4648 exercitualiun
