3122 5154
864 293 907 358 52

324 492 393 558 riae
417 497 549 559 nostrae
564 490 716 560 Civitatis
742 488 914 576 plurimum
930 487 1078 571 indigeat
1094 483 1314 572 reparatione,
1343 503 1404 551 uec
1421 484 1457 550 in

323 599 427 686 ipsius
443 596 592 666 aedificio
609 597 761 684 propriae
777 595 939 662 sufficient
953 592 1148 678 facultates,
1165 611 1225 661 nos
1236 592 1278 658 de
1293 611 1456 660 consensu

324 713 356 773 et
372 707 524 773 concordi
540 706 708 774 voluntate
724 703 847 771 domini
863 701 1009 786 Comitis,
1026 707 1059 770 et
1075 701 1175 768 totius
1192 699 1456 784 communitatis,

325 823 358 884 et
374 813 509 881 maioris
534 813 639 900 partis
656 811 881 880 Praelatomm
906 815 939 876 et
962 809 1062 878 totius
1078 809 1233 896 Capituli,
1260 808 1457 876 unanimiter

324 923 550 1009 possessiones
582 919 824 1010 suprascriptae
849 919 1018 986 Ecclesiae
1043 918 1077 984 in
1102 938 1196 986 usum
1221 923 1253 984 et
1279 917 1455 984 utilitatem

326 1029 468 1095 Sanctae
483 1028 609 1095 Mariae
624 1025 830 1094 Gatbedralis
846 1026 1015 1093 Ecclesiae
1031 1031 1164 1120 nostrae
1187 1023 1456 1094 condonavimus.

325 1137 447 1204 Verum
462 1136 542 1220 quia
556 1135 681 1220 elapsis
697 1134 823 1202 dnobus
838 1131 944 1217 anuis,
961 1152 1003 1199 ex
1020 1153 1083 1217 quc
1099 1131 1252 1200 Ecclesia
1266 1131 1457 1218 supradicta

328 1241 510 1329 Capellano
527 1243 679 1326 vacabat,
704 1238 1039 1321 domiuusladrensis
1058 1239 1332 1326 Arcbiepiscopus
1357 1235 1459 1304 domi·

327 1372 403 1418 num
431 1351 611 1419 Jordanum
627 1350 826 1436 Episcopum
852 1355 999 1414 nostrum
1022 1347 1209 1414 instituerat
1229 1346 1458 1435 Capelianum,

328 1458 416 1544 quod
441 1457 550 1524 facere
565 1457 697 1525 minime
722 1455 899 1539 debuerat,
926 1455 1014 1541 qnia,
1040 1456 1125 1522 sicut
1149 1456 1302 1540 diximus,
1329 1455 1458 1522 duobus

329 1564 424 1632 annis
449 1565 516 1631 iam
533 1564 656 1650 elapsis
680 1562 842 1631 institutio
859 1563 1031 1648 Capeliani
1056 1583 1120 1630 non
1136 1563 1178 1630 ad
1194 1563 1312 1650 ipsum,
1337 1561 1397 1630 scd
1412 1559 1459 1627 ad

328 1672 495 1739 dominum
520 1671 745 1759 Apostolicum
770 1671 908 1755 dejure
933 1672 1123 1757 spectabat;
1151 1671 1282 1756 quade
1309 1689 1344 1736 rc
1369 1668 1460 1736 idem

330 1781 513 1868 Episcopus
529 1788 641 1848 noster
657 1780 739 1848 dnos
755 1779 938 1847 canonicos
955 1781 994 1844 D.
1012 1786 1044 1845 et
1059 1781 1102 1846 bl.
1120 1779 1282 1847 malitiose
1307 1777 1457 1860 sociavit,

330 1889 364 1954 in
382 1905 462 1972 quos
479 1907 501 1952 a
516 1884 711 1969 quibusdam
727 1884 843 1971 paucis
858 1883 1085 1952 fundatoribus
1105 1885 1221 1952 electio
1238 1882 1355 1953 dicitur
1370 1883 1461 1950 facta

330 1993 441 2075 fuisse,
468 1993 581 2059 volens
607 2009 680 2057 cum
704 1991 786 2078 ipsis
813 1993 934 2058 intres
959 1997 1070 2078 partes
1096 1990 1243 2059 dividere
1270 1989 1460 2078 praedictas

330 2099 566 2186 possessiones,
593 2099 709 2167 maiori
733 2099 882 2168 Ecclesia
898 2099 1104 2168 defraudata.
1130 2100 1199 2168 Nos
1215 2100 1314 2186 igitur
1336 2105 1460 2167 statum

332 2214 365 2274 et
380 2207 536 2273 honorem
551 2205 760 2274 Gathedrelis
776 2207 945 2274 Ecclesiae
961 2209 1139 2275 sublimare
1156 2209 1314 2294 volentes,
1335 2228 1394 2293 pro
1410 2227 1461 2274 re·

332 2315 533 2382 staurationc
557 2322 590 2382 et
605 2315 774 2384 commodo
790 2335 892 2402 saepe
917 2316 1025 2385 dictae
1040 2317 1220 2402 Ecclesiae,
1245 2318 1312 2384 iam
1336 2316 1461 2382 dictam

331 2426 514 2493 Ecclesiam
529 2424 643 2493 Sancti
659 2423 789 2491 Martini
815 2444 888 2492 eum
904 2426 972 2492 suis
995 2425 1154 2494 reditibus
1179 2425 1401 2509 refutavimus,
1426 2429 1462 2490 et

331 2533 586 2603 condonavimus
603 2534 790 2600 nominatae
800 2535 887 2600 Sanc
903 2535 1087 2620 aeMariae,
1104 2541 1250 2603 nostrum
1260 2534 1461 2620 Episcopum

331 2641 544 2726 postulantes,
561 2650 597 2708 nt
612 2661 710 2728 super
725 2643 786 2709 boc
802 2639 966 2709 canonico
978 2641 1053 2725 jnre
1073 2641 1328 2710 confirmationis
1343 2659 1461 2708 munus

332 2749 514 2833 praebaret,
540 2749 628 2833 quod
642 2749 729 2816 idem
754 2749 864 2816 facere
888 2749 1014 2834 renuit;
1041 2749 1101 2816 sed
1119 2750 1206 2833 quod
1231 2749 1373 2818 deterius
1397 2755 1462 2832 est,

332 2861 434 2922 totam
449 2863 571 2922 terram
597 2864 742 2924 nostram
759 2856 932 2943 supposuit
943 2917 947 2924 .
957 2856 1129 2925 interdicto
1145 2857 1179 2922 in
1195 2865 1341 2924 nostrum
1365 2875 1462 2944 prae-

333 2960 487 3028 iudicium
502 2967 536 3029 et
551 2983 617 3030 non
642 2963 804 3030 modicum
819 2983 1011 3051 granamen,
1037 2985 1058 3032 a
1073 2983 1136 3048 quo
1162 2983 1224 3031 nos
1239 2963 1359 3032 Sedem
1374 2965 1464 3051 Apo-

332 3068 484 3136 stolicam
501 3069 754 3156 appellauimus.
777 3072 868 3138 Haec
883 3077 958 3138 sunt
974 3071 1072 3157 igitur
1086 3071 1218 3139 nomina
1233 3071 1463 3138 fundatorum:

334 3177 586 3264 christophorus
602 3178 743 3246 blaldius
759 3185 880 3264 noster,
891 3177 1144 3266 christophorus
1153 3179 1271 3266 ludex,
1293 3179 1463 3262 Albertns,

333 3287 472 3354 Duimns
483 3292 544 3353 ete.
562 3285 684 3353 Omnes
701 3286 831 3372 quidem
846 3287 1063 3374 suprascripti
1078 3285 1277 3372 fundatores,
1295 3285 1465 3354 alentiam

334 3394 468 3481 saepius
485 3399 714 3480 praetaxatum
730 3403 791 3480 est,
817 3394 857 3462 de
874 3394 1017 3481 propria,
1035 3403 1068 3462 et
1083 3395 1167 3482 pari,
1191 3405 1224 3464 et
1239 3394 1386 3464 corcordi
1408 3415 1466 3460 vo·

333 3501 458 3570 luntata
483 3502 605 3572 domini
621 3501 768 3589 Comitis,
795 3509 828 3570 et
844 3503 976 3571 maioris
1000 3505 1105 3590 partis
1124 3503 1279 3593 Capituli,
1304 3511 1337 3572 et
1359 3503 1465 3571 totins

335 3609 584 3678 communitatis
609 3611 767 3678 Arbcnsis
783 3611 965 3681 Ecclesiam
990 3613 1250 3700 suprascriptam
1269 3612 1362 3680 Beati
1378 3612 1465 3678 blar-

334 3718 394 3788 tini
411 3719 452 3786 da
468 3719 611 3786 Barbato
627 3739 700 3786 cum
719 3721 870 3788 omnibns
886 3721 1045 3790 reditibus
1056 3722 1125 3790 suis
1140 3723 1328 3806 refutamus,
1344 3718 1467 3788 condo-

332 3849 449 3896 namus
474 3827 508 3894 in
534 3848 627 3896 usum
652 3837 685 3896 et
709 3829 883 3896 utilitatem
909 3851 950 3896 ac
975 3833 1245 3900 restaurationem
1270 3829 1467 3898 Oatbedrali

333 3937 483 4004 Eclesiae
506 3935 647 4004 Sanctae
672 3938 796 4004 Mariae
825 3939 934 4023 quiete
961 3959 1002 4006 ac
1027 3947 1183 4025 perpetuo
1214 3935 1467 4025 possidendam.

333 4043 438 4123 Quam
462 4043 691 4114 refutationem
717 4051 750 4112 et
765 4045 1050 4132 condonationem,
1076 4047 1155 4132 qnia
1178 4047 1327 4114 dominus
1342 4044 1468 4114 Jorda-

334 4171 395 4218 nus
421 4151 604 4239 Episcopus
628 4153 734 4221 noluit
758 4151 960 4241 confirmare,
980 4155 1172 4242 Apostolico
1196 4156 1336 4242 petimus
1361 4157 1469 4222 muni-

335 4258 419 4324 mine
439 4259 596 4326 roborari.

441 4365 1470 4486 EpocbristophornsCotopagncExaminatoretludexmann

336 4489 408 4537 mea
424 4489 551 4554 scupsr.

440 4578 483 4644 Et
498 4599 559 4662 ego
575 4585 708 4667 Sergius
724 4585 881 4653 Arbensis
897 4587 1053 4654 Notarius
1078 4589 1120 4655 de
1146 4593 1319 4676 praecepto
1345 4607 1468 4674 supra·
