3102 5160
886 243 952 312 226

838 333 1000 348 ¹-

355 441 412 508 stri
426 440 529 508 nostri
543 437 728 526 Nytriensis
738 437 910 509 Vduoruuc
926 439 1097 527 uocabulo,
1113 440 1171 508 nbi
1180 448 1362 512 castrenses
1378 445 1490 512 nostri

353 547 644 634 commorabantur,
670 553 702 614 ct
717 545 799 634 ipsis
813 565 872 634 per
897 548 1055 617 Teucros
1075 546 1280 636 interemptis
1303 569 1410 618 vacua
1435 570 1489 618 re·

353 662 520 724 manserat
543 663 576 724 et
600 655 732 742 inculta,
759 655 905 744 exceptis
922 660 1063 742 quatuor
1090 656 1316 726 mansionibus
1340 663 1489 727 casmen-

352 763 436 832 sium
451 762 709 850 supradictorum
724 761 847 831 ibidem
862 762 1088 850 existenoinm,
1104 773 1343 852 prememorato
1354 765 1488 835 Thome

354 872 472 942 comiti
487 871 576 942 fideli
602 877 711 941 nostro
736 877 769 940 et
793 892 852 960 per
876 893 951 942 eum
966 871 1035 942 suis
1060 872 1234 943 heredibus
1258 874 1488 962 heredumque

352 979 593 1051 successoribus
608 979 804 1050 contulimus
819 981 889 1048 iure
905 987 1063 1069 perpetuo
1079 981 1321 1070 possidendam.
1338 984 1374 1050 lu
1387 983 1487 1050 cuius

351 1099 437 1161 terre
452 1090 695 1180 possessiouem
720 1089 921 1178 corporalem
946 1090 1052 1178 ipsum
1078 1111 1137 1178 per
1163 1092 1315 1161 dilectum
1339 1091 1434 1160 uobis
1450 1097 1490 1158 et

352 1200 480 1268 fidelem
495 1199 685 1268 llasuicium
710 1197 901 1285 Magistrum
921 1197 1150 1286 Dapiserornm
1175 1209 1358 1270 nostrorum
1373 1207 1408 1268 et
1423 1198 1488 1266 Oo-

352 1309 462 1378 mitem
488 1309 633 1378 eiusdem
659 1307 768 1378 castri
791 1308 978 1396 Nytrieusis
1003 1308 1196 1378 auctoritate
1214 1309 1320 1395 Regia
1345 1307 1489 1376 fecimus

351 1417 530 1504 introduci;
557 1417 743 1488 memoratis
759 1437 837 1486 uero
853 1422 992 1502 quatuor
1018 1417 1242 1487 mansionibus
1266 1415 1487 1486 castrensium

351 1525 384 1592 iu
400 1545 466 1594 una
481 1531 575 1614 parte
600 1525 745 1594 eiusdem
771 1533 856 1594 terre
872 1545 930 1614 per
946 1545 983 1594 se
999 1526 1178 1612 collocatis,
1206 1532 1325 1594 terram
1340 1525 1383 1592 ad
1399 1544 1485 1611 qua-

350 1641 422 1701 tuor
437 1642 548 1703 arotra
562 1634 774 1704 sufficientem
789 1653 846 1723 per
862 1635 929 1703 iam
945 1634 1067 1704 dictum
1076 1635 1268 1704 Mauricium
1283 1635 1485 1720 Magistrum

351 1741 448 1809 certis
463 1741 606 1827 undique
626 1742 720 1810 metis
743 1741 941 1828 distinctam,
964 1741 1004 1809 de
1020 1747 1107 1810 terra
1130 1741 1318 1830 supradicta
1340 1741 1486 1810 fecimus

351 1849 526 1936 assignari.
544 1851 588 1919 Vt
605 1850 705 1938 igitur
720 1850 781 1918 hec
795 1871 816 1917 a
832 1850 928 1919 uobis
944 1847 1033 1918 iacta
1057 1847 1196 1920 donacio
1213 1849 1379 1937 sepedicto
1395 1849 1488 1916 Tho-

352 1977 403 2026 me
420 1957 538 2025 Comiti
554 1964 586 2026 et
601 1957 669 2026 suis
686 1956 928 2026 successoribus
951 1963 1109 2046 perpetuo
1125 1957 1256 2024 illibata
1279 1962 1485 2044 perseueret,

350 2085 411 2133 nec
429 2087 582 2152 umquam
607 2087 762 2155 processu
787 2074 970 2153 temporum
995 2085 1054 2152 per
1080 2065 1265 2153 quempiam
1290 2065 1324 2132 iu
1350 2064 1485 2132 irritum

350 2174 456 2261 possit
471 2181 529 2243 aut
544 2173 663 2243 debeat
677 2175 835 2260 reuocari,
855 2179 1024 2261 presentes
1042 2173 1150 2241 eidem
1165 2173 1385 2242 concessimus
1394 2171 1486 2240 litte-

350 2303 406 2350 ras
422 2281 586 2372 dupplicis
602 2281 704 2370 sigilli
720 2283 823 2352 nostri
838 2281 1015 2350 munimine
1032 2281 1215 2350 roboratas.
1231 2281 1352 2349 Datum
1367 2281 1401 2346 iu
1418 2282 1484 2348 Zo-

351 2391 418 2459 lum
444 2412 530 2460 anno
564 2392 695 2461 Domini
720 2393 765 2460 ll⁰
783 2391 850 2460 OG·
867 2389 1033 2462 xn⁰v11r
1059 2389 1203 2460 secundo
1228 2387 1302 2458 idus
1324 2388 1485 2476 Augusti,

348 2501 453 2588 Regni
469 2507 578 2570 autem
593 2503 697 2572 nostri
712 2520 798 2570 anno
814 2499 1017 2571 duodecimo.

349 2699 485 2765 (Eredetie
498 2697 671 2766 bdrhtrtydu,
693 2714 711 2752 a
722 2697 870 2768 lrirdlynak
883 2700 982 2762 lrettbs‚
1002 2695 1137 2751 lrelrvdrds
1150 2696 1376 2764 selycmnsiudrou
1390 2697 1485 2764 tuggo

539 2791 658 2856 poosetJe
670 2788 747 2854 alatt,
761 2805 778 2841 a
790 2789 874 2842 budai
887 2789 938 2840 lrir.
951 2787 1074 2840 kamarai
1094 2783 1284 2854 lovdlttrbau.)

775 3071 1046 3086 ffl-

870 3517 948 3586 loc.

344 3695 407 3764 IV.
432 3697 512 3764 Be'la
535 3697 635 3765 Jutut
651 3699 782 3780 bardtot,
808 3723 828 3764 u
843 3695 1096 3782 fcreaoarcndr'elc
1120 3699 1378 3783 mapparorcsdpi
1402 3718 1483 3781 prc-

344 3805 532 3889 ca'noialr'srtt,
544 3803 686 3871 Rorndbu
702 3803 726 3870 I
729 3803 764 3872 V.
780 3805 870 3872 Incze
882 3805 1030 3893 pctpdlroz
1049 3803 1147 3888 kdtdi,
1161 3804 1242 3890 copy
1259 3807 1292 3868 dt
1305 3827 1326 3866 α
1342 3821 1488 3888 trappas·

697 3913 844 4002 ripyclcrdl
859 3915 1000 3980 ebtcsc'tsc.
1018 3906 1117 3976 1247.

449 4109 663 4180 sanctissimo
690 4109 724 4178 iu
740 4109 869 4178 Christo
895 4109 993 4196 patri,
1019 4106 1150 4176 domino
1167 4107 1192 4173 l.
1209 4105 1334 4173 Diuiua
1359 4106 1478 4190 proui-

342 4213 461 4282 dencia
475 4217 692 4286 sacrosancte
717 4218 865 4285 Romane
880 4215 1028 4284 llcclosie
1043 4213 1175 4283 Summo
1192 4211 1343 4284 Pontifici
1355 4211 1392 4277 Β.
1414 4213 1489 4282 Dei

342 4323 456 4405 gracia
470 4323 540 4390 Rex
556 4325 785 4409 Hungarorum
810 4323 1165 4395 recommeudcciouem
1181 4341 1255 4390 oum
1276 4319 1370 4387 filiali
1386 4339 1489 4389 reue·

342 4430 455 4496 rencia
471 4432 583 4500 debita
599 4441 632 4500 et
647 4433 778 4504 deuota.
804 4435 1021 4520 Negooiorcm
1037 4439 1219 4500 nostrorum
1238 4429 1357 4498 seriem
1373 4430 1488 4498 seria·

342 4532 401 4600 tim
417 4537 591 4604 Sanctitati
607 4546 715 4609 vestm
741 4559 800 4628 per
815 4543 885 4608 Deo
912 4538 1087 4607 amabilem
1102 4538 1208 4607 virum
1233 4537 1392 4606 Jacobum
1419 4539 1492 4605 lli-
