3198 5160
668 879 745 948 363.

283 1063 314 1125 A
331 1061 394 1128 Juk
408 1059 668 1147 oemzrtsdpbcb‘elc
682 1061 749 1126 ludet
764 1063 876 1128 tiirtdot
891 1060 1015 1148 cczta'ly.
1035 1059 1134 1128 1259.

252 1259 373 1324 Datum
389 1278 448 1343 pro
464 1256 642 1338 memoria;
661 1256 897 1340 quodMartino
914 1255 1041 1326 Comite
1057 1257 1125 1325 filio
1138 1259 1273 1328 Comitis

141 1367 276 1433 Martini
293 1385 333 1430 ex
344 1385 409 1432 una
425 1373 528 1451 parte,
547 1364 753 1450 ebibistano,
769 1366 879 1452 Myke,
896 1366 1036 1434 Martino
1049 1367 1272 1452 acReynoldo

142 1473 186 1538 dc
202 1473 421 1558 generatione
437 1472 503 1538 Jak
521 1493 561 1538 ex
583 1473 687 1540 altera
707 1492 818 1538 coram
838 1473 934 1542 nobis
952 1472 1154 1560 constitutis,
1173 1474 1273 1560 ijdem

140 1601 244 1668 super·
268 1581 429 1650 diuisione
446 1590 529 1648 terre
554 1601 612 1648 sue
628 1579 835 1666 hereditarie,
863 1603 961 1669 super
981 1602 1047 1666 qua
1073 1585 1157 1650 inter
1181 1583 1272 1670 ipsos

141 1690 367 1759 controuersia
392 1691 581 1756 vertebatur
604 1709 714 1756 coram
739 1689 845 1773 nobis,
874 1710 911 1758 se
935 1691 1113 1758 retulerunt
1137 1691 1182 1758 ed
1206 1691 1274 1759 tale

141 1799 238 1882 pacis
256 1798 458 1866 commodum
475 1797 666 1865 deuenisse:
684 1797 778 1876 Quod
794 1797 958 1884 predictus
974 1796 1091 1866 Comes
1112 1799 1271 1866 Martinus

142 1903 291 1975 dedisset
306 1904 461 1993 predictis
476 1907 641 1992 tristano,
658 1904 768 1991 Myke,
784 1905 923 1974 Martinc
950 1925 990 1972 ac
1006 1905 1176 1991 Reynoldc
1201 1927 1271 1992 por-

142 2013 269 2082 cionem
294 2021 380 2083 terre
406 2013 624 2099 Dabrapatak
651 2019 783 2098 vocate,
814 2021 978 2101 receptam
1004 2035 1025 2080 a
1049 2015 1217 2102 Stephano
1242 2019 1274 2082 et

142 2123 350 2190 Bartolomeo
366 2122 443 2208 filijs
454 2121 571 2190 Jacobi
582 2120 718 2189 Comitis
728 2121 762 2188 in
778 2122 1001 2190 concambium
1012 2121 1175 2209 porcionis
1190 2127 1275 2190 terre

144 2248 205 2296 sue
215 2231 345 2297 nomine
354 2231 491 2316 Korpna
506 2229 566 2296 snb
583 2229 700 2314 ijsdem
717 2229 824 2313 metis,
840 2229 959 2312 quibus
969 2228 1167 2298 venerabilis
1182 2237 1275 2317 pater

143 2335 183 2402 O.
202 2337 386 2425 Episcopus
412 2336 597 2404 Janriensis
623 2336 664 2403 de
688 2341 800 2404 nostro
825 2335 1002 2419 mandato,
1029 2357 1102 2403 cum
1127 2339 1274 2423 cognitor

143 2451 234 2511 essct
259 2463 357 2512 cause
382 2442 600 2530 predictorum
625 2443 791 2526 nobilium,
819 2441 964 2529 predicto
990 2439 1109 2510 Comiti
1134 2443 1272 2512 Marb‘no

144 2574 205 2640 per
220 2552 396 2621 Custodem
413 2553 560 2620 Ecclesie
576 2553 688 2618 Ferrei
705 2551 811 2618 Castri
835 2549 957 2617 iecerat
971 2551 1145 2636 assignari.
1175 2553 1273 2621 Cuius

144 2661 278 2745 quidem
303 2669 388 2728 terre
414 2660 588 2729 coliccicci
604 2659 839 2742 Baitolomeus‚
867 2659 1005 2743 quitum
1028 2681 1086 2746 pro
1103 2679 1148 2745 se,
1174 2679 1272 2744 quam

143 2793 205 2858 pro
221 2770 387 2856 Stephano
414 2769 515 2836 fratre
531 2789 590 2837 suc
608 2769 721 2855 astitit,
748 2769 789 2835 de
805 2767 922 2852 quibus
938 2766 1087 2852 predicta
1110 2774 1197 2835 terra
1213 2767 1271 2834 Co·

14 2865 21 2879 ’
144 2877 216 2946 miti
232 2879 371 2947 Martino
388 2879 573 2964 denenerat,
590 2877 757 2946 consensit
772 2875 1017 2963 presencialiter
1033 2895 1140 2942 coram
1157 2878 1272 2963 nobis;

142 2985 207 3052 boc
233 3005 399 3074 expresso,
427 2987 515 3070 quod
541 3007 599 3073 pro
626 2985 788 3072 particula
813 2991 898 3051 terre
923 2983 1084 3069 predicte,
1112 2983 1189 3050 date
1214 3006 1274 3071 per

144 3093 304 3162 Comitem
330 3095 504 3160 Martinam
531 3093 609 3160 viria
627 3090 833 3179 supradictis,
859 3110 956 3174 quum
975 3089 1170 3177 particulam
1189 3092 1272 3159 Jurir

142 3203 232 3269 filins
247 3201 353 3270 (delire
381 3202 530 3288 inhibuit,
547 3202 707 3270 Martinus
734 3199 851 3268 Comes
866 3199 958 3266 iuxta
981 3218 1084 3266 nonas
1100 3205 1206 3268 metas
1223 3221 1274 3268 cc-

143 3331 218 3378 ram
243 3309 372 3378 homine
389 3309 534 3396 Capituli
550 3308 662 3375 Ferrei
679 3307 787 3374 Castri
803 3313 948 3394 erectas3
975 3327 1090 3374 uersus
1110 3308 1274 3396 Zurnapa-

141 3419 204 3488 tok
219 3438 242 3485 a
256 3427 348 3504 parte
364 3416 561 3487 occidentali
578 3415 755 3482 secundnm
772 3414 942 3481 arbitrium
952 3413 1057 3482 Pouse
1075 3423 1108 3482 et
1123 3415 1274 3485 Siluestri

143 3526 315 3612 Comitum,
342 3525 395 3593 uel
411 3524 545 3593 alterins
562 3543 684 3608 eorum,
709 3523 738 3590 si
755 3522 852 3590 ambo
869 3522 1028 3592 interesse
1048 3545 1112 3593 non
1129 3533 1273 3610 possent,

143 3635 353 3704 considerata
362 3636 521 3721 qualitate
538 3643 570 3702 et
586 3632 768 3718 quantitate
783 3632 942 3700 dictarum
960 3640 1118 3699 terrarum
1135 3633 1273 3701 sabbato

142 3743 292 3831 proximo
306 3750 380 3830 post
400 3745 505 3812 Pasoa
520 3763 630 3810 eoram
648 3742 874 3832 prenominato
889 3739 1030 3808 Custode
1048 3741 1157 3807 Ferrei
1167 3742 1274 3809 Castri

142 3855 186 3922 de
203 3859 292 3920 terra
307 3873 369 3920 soa
394 3853 524 3939 pignori
541 3852 719 3936 obligabit3
747 3851 804 3934 ita,
821 3849 953 3935 quodsi
970 3849 1062 3916 illam
1078 3850 1272 3934 particulam

143 3962 318 4030 inhibitam
335 3982 358 4027 a
371 3961 518 4028 Jnrkone
543 3961 689 4047 predicto
706 3959 822 4026 Comes
838 3959 996 4024 Martinus
1013 3958 1164 4026 euincere
1179 3963 1272 4045 pctu-

143 4073 217 4150 crit,
243 4069 343 4156 iidem
358 4069 420 4136 viri
437 4074 574 4156 accepta
599 4067 662 4134 sibi
680 4065 793 4134 eadem
816 4066 987 4152 particula,
1012 4065 1132 4133 dictam
1151 4073 1273 4134 terram

142 4178 276 4266 pignori
300 4177 481 4263 obligatam
497 4176 638 4243 Martino
655 4174 772 4260 Comitj
790 4173 1013 4259 resignabunt.
1037 4173 1072 4241 Si
1089 4194 1167 4242 vero
1184 4175 1272 4242 idem

142 4288 228 4354 Jurk
245 4284 382 4352 candem
399 4291 520 4352 terram
537 4283 694 4351 aComitc
705 4281 845 4349 Martino
860 4281 942 4348 iuris
959 4282 1072 4349 ordine
1084 4284 1273 4369 optinuerit,

141 4395 265 4462 dictam
282 4401 403 4461 terram
419 4395 672 4480 inpignoratam
689 4389 828 4477 predicti
843 4389 905 4457 viri
921 4389 992 4456 sine
1011 4388 1273 4462 contradiceione

141 4504 258 4588 aliqua
268 4509 424 4589 perpetuo
436 4501 658 4591 possidebunt.
675 4500 829 4567 Preterea
840 4498 1000 4584 obligauit
1016 4519 1051 4566 se
1061 4498 1146 4568 idem
1158 4499 1273 4570 Comes

140 4610 314 4694 Martinus,
340 4608 426 4696 quod
442 4613 470 4678 si
486 4609 630 4697 predicto
657 4607 795 4676 sabbato
810 4607 958 4695 proximo
982 4607 1057 4692 post
1071 4609 1186 4697 Pasce,
1211 4617 1273 4681 ter·
1325 4683 1328 4692 Α
