3122 5154
840 269 997 374 —oa-

349 466 427 532 bent
444 466 570 534 soluere
586 465 790 551 ehybriones.
817 466 892 532 Tali
908 473 1018 535 tamen
1033 473 1147 537 tenore
1170 469 1376 558 interposito,
1393 473 1487 556 qnod

350 574 378 640 si
395 575 499 642 dietus
514 575 555 639 H.
575 573 691 641 Comes
714 594 774 660 pro
800 573 888 641 diota
904 582 992 643 terra
1012 576 1126 660 aliqua
1152 580 1403 665 superueniente
1429 599 1484 646 oa-

349 683 498 767 lumpnia
524 702 583 768 per
607 683 750 768 aliquem
776 683 1007 770 impeteretur,
1032 684 1172 770 predieti
1196 685 1344 754 homines
1372 686 1483 774 ipsum

349 790 524 859 defendere
539 799 736 860 tenerentur.
762 792 817 860 Ad
835 794 929 862 euius
943 793 1148 861 vendicionis
1173 801 1206 860 et
1221 794 1401 880 emptionis
1418 815 1485 862 me·

348 900 484 966 morium
499 899 676 986 pleniorem
700 906 732 966 et
747 899 971 967 inuiolabilem
991 899 1189 983 firmitatem,
1214 907 1381 984 presentes
1395 900 1481 968 litte-

347 1027 402 1075 ras
417 992 478 1093 p'ro
493 1007 679 1074 testimonio
705 1007 923 1075 eoncessimns
940 1007 1042 1092 sigilli
1056 1006 1162 1074 nostri
1188 1007 1366 1075 munimine
1384 1011 1481 1078 robo-

346 1122 448 1182 ratas.
480 1117 602 1182 Datum
631 1133 690 1201 per
722 1133 838 1181 manus
865 1113 1025 1182 Jobannis
1051 1113 1218 1200 Leetoris,
1252 1133 1338 1181 enno
1367 1118 1483 1200 gracie

345 1225 391 1291 M⁰
401 1223 465 1290 00⁰
479 1223 590 1290 XXX⁰
601 1223 715 1290 vl1110.
740 1222 930 1290 Venerabili
947 1223 982 1288 in
999 1220 1129 1289 Christo
1153 1227 1250 1308 patre
1273 1229 1384 1291 nostro
1400 1223 1484 1290 Bar-

347 1332 510 1401 tholomeo
535 1331 713 1418 Episcopo,
737 1330 877 1398 Henrieo
906 1330 1088 1417 Proposito,
1115 1329 1299 1397 Laurentio
1325 1328 1480 1420 Cantore,

345 1439 483 1528 Mathya
498 1439 641 1508 Custode
660 1439 884 1508 existentibus.

345 1635 380 1703 (A
392 1637 539 1705 vessprdmi
552 1635 681 1705 ktptslsn
693 1637 803 1688 mse-nt
815 1634 970 1698 deirattbdl,
980 1637 1052 1702 moly
1061 1651 1079 1689 a
1087 1633 1155 1689 bird
1164 1633 1368 1702 Mednyinszky
1380 1635 1480 1690 mrsu

675 1725 787 1778 beerkdi
799 1723 984 1777 lerdltdrdban
997 1723 1142 1791 drirtetilr.)

779 2037 1041 2050 —-—-

877 2553 933 2621 tl.

344 2749 392 2816 Aa
408 2753 506 2838 opteri
521 2749 714 2815 kenrentnet
730 2747 991 2834 bizonpodpleoole
1007 2747 1126 2815 Miletos
1143 2771 1240 2814 eomas
1257 2749 1480 2836 odorandotke·

783 2857 910 2923 atsto-tt.
937 2859 1034 2927 1239.

452 3051 620 3118 Vniuersis
631 3049 752 3118 Ohristi
767 3051 917 3119 fidelibus
927 3061 994 3119 tam
1014 3051 1222 3138 presentibus
1235 3073 1336 3140 ‘quam
1353 3051 1479 3122 futuris

343 3163 528 3246 presentem
558 3159 715 3243 paginam
740 3158 934 3242 inspecturis
959 3157 1061 3225 frater
1085 3159 1125 3225 A.
1152 3159 1257 3227 dietus
1282 3159 1398 3226 Abbas
1432 3161 1486 3230 de·

340 3265 443 3352 Egres
459 3273 492 3332 et
508 3263 652 3331 eiusdem
668 3264 732 3350 looj
751 3263 938 3333 (tenuentns
953 3266 1092 3334 salutem
1116 3265 1150 3332 in
1167 3267 1297 3335 domino
1313 3267 1382 3334 nite
1397 3289 1475 3355 pre·

342 3375 444 3442 sentis
471 3380 504 3441 et
519 3373 638 3440 future.
664 3371 804 3440 Nouerit
818 3373 1017 3441 uniuersitas
1032 3380 1153 3462 uestra,
1183 3375 1271 3461 quod
1295 3395 1368 3441 oum
1384 3375 1479 3443 bone

341 3482 496 3550 memorie
521 3479 561 3548 N.
579 3477 696 3546 (lomes
722 3480 762 3545 de
787 3477 952 3568 (iuedeeh,
979 3481 1082 3550 frater
1096 3483 1135 3548 V.
1162 3481 1397 3567 strigoniensis
1413 3483 1480 3550 Ar-

342 3587 552 3674 ehiepiseopi,
572 3585 737 3654 laboraret
759 3586 793 3654 in
809 3588 971 3674 extremis,
988 3591 1027 3655 A.
1043 3595 1121 3656 tuno
1135 3591 1295 3676 temporis
1309 3589 1474 3676 Priorem,

340 3699 372 3766 S.
385 3695 603 3782 Subpriorem,
619 3695 660 3761 Η.
674 3695 850 3764 Custodem
865 3703 1011 3764 nostrum
1027 3697 1071 3764 ad
1090 3717 1127 3765 se
1142 3697 1220 3766 feeit
1230 3697 1386 3766 aeeersiri
1397 3719 1480 3767 oon-

339 3803 492 3888 sessione,
509 3803 596 3886 quod
612 3802 783 3869 salutifera
798 3809 1008 3888 peecatorum
1018 3805 1181 3890 permissa
1197 3806 1323 3872 litteras
1343 3804 1478 3874 domini

339 3915 378 3979 Α.
396 3917 428 3978 et
443 3907 479 3975 B.
495 3909 632 3996 Regum,
658 3919 690 3977 et
706 3908 850 3997 Capituli
865 3909 1020 3978 Albensis
1046 3909 1169 3979 eisdem
1192 3912 1310 3980 obtulit
1324 3911 1482 3981 testimo·

337 4019 452 4104 nieles,
471 4015 644 4102 quoddam
655 4017 728 4105 ipse
737 4017 901 4104 prosperis
917 4019 1026 4086 adhue
1035 4019 1241 4087 habundaret
1250 4019 1477 4107 suooessibus,

336 4125 627 4214 possessionesque
653 4131 779 4193 suaset
803 4126 920 4212 predia
941 4127 975 4193 in
998 4135 1137 4211 quatuor
1162 4133 1273 4213 partes
1299 4123 1477 4197 diuisisset

336 4233 441 4300 tribus
463 4233 547 4317 filiis,
565 4237 661 4301 Isaae
677 4234 811 4320 seilicet,
828 4233 1012 4303 Laurenoio
1029 4241 1062 4302 et
1078 4235 1229 4320 Johenni,
1251 4241 1378 4322 partem
1394 4255 1478 4321 pro·

338 4339 443 4424 priam
460 4339 592 4406 onilibet
608 4342 829 4430 assignand03
857 4365 897 4411 ne
913 4363 970 4430 per
987 4345 1056 4429 ejus
1072 4341 1195 4411 obitum
1215 4341 1381 4408 discordia
1397 4349 1479 4429 pnl-

337 4447 456 4513 lularet
480 4449 705 4539 inter-iratres,
731 4461 868 4541 excepta
895 4461 985 4521 terra
999 4452 1107 4538 Houd,
1133 4471 1229 4536 quam
1245 4451 1317 4538 ipse
1341 4449 1486 4522 dimisit

335 4553 370 4620 in
386 4573 573 4638 commune,
599 4566 748 4638 quartam
764 4569 890 4646 partem
914 4568 1023 4629 tamen
1038 4561 1142 4627 libere
1169 4557 1232 4626 sibi
1248 4569 1477 4650 reseruasset,
