3148 5156
823 265 986 368 ‘as-o—

342 470 506 557 quaudam
530 468 660 551 vallem,
685 472 719 532 et
740 483 799 551 per
826 481 899 530 earn
925 461 1126 530 deseeudens
1151 460 1240 530 eadit
1264 457 1300 526 iu
1323 459 1465 526 riuulum

341 579 516 662 Desuieha,
540 583 574 644 et
586 595 644 662 per
660 574 767 660 ipsam
783 568 889 640 eundo
905 570 973 639 exit
989 569 1023 636 iu
1039 569 1159 636 vallem
1183 567 1315 636 nomine
1331 568 1464 653 Hymet·

341 687 433 754 liuns
447 687 504 773 (i),
523 691 555 751 et
570 682 663 751 vadit
687 681 731 748 ad
746 685 847 767 eaput
872 677 1028 763 eiusdem,
1055 677 1167 763 ibique
1183 682 1258 746 suut
1283 676 1347 744 due
1370 683 1467 762 mete,

341 813 478 880 quarum
494 813 560 861 vna
576 790 716 873 Gordus,
742 789 848 856 altera
863 787 1021 874 Stephani
1038 786 1181 872 Vngari3
1207 783 1284 852 inde
1310 786 1354 852 ad
1378 785 1468 854 uiam

341 901 405 968 itur
429 901 546 966 iterum
571 897 615 965 ad
632 897 715 964 duas
732 899 853 980 metas;
880 893 999 961 abhinc
1024 911 1083 978 per
1108 892 1197 958 uiam
1221 893 1328 960 eundo
1354 912 1468 962 uersus

342 1006 512 1072 meridiem
527 1004 714 1093 peruenitur
729 1000 872 1074 adduas
887 1006 1000 1084 metas,
1022 1019 1159 1084 quamn
1174 1020 1240 1066 una
1255 1007 1307 1067 est
1323 1001 1467 1087 Gordus,

343 1115 447 1180 altera
462 1113 638 1199 Stepbaui3
663 1109 782 1177 deiude
807 1109 900 1176 iuxta
922 1107 1075 1176 siiuulam
1099 1127 1157 1194 per
1181 1128 1318 1196 paruam
1345 1112 1468 1178 uallem

343 1219 511 1288 deseendit
525 1219 570 1286 ad
594 1225 713 1286 metam
729 1217 790 1285 sub
805 1215 921 1283 arbore
934 1217 1081 1304 pertunsa
1089 1242 1103 1294 ,·
1128 1215 1247 1283 abhinc
1262 1216 1356 1285 iuxta
1374 1218 1466 1286 iene-

342 1335 410 1396 tom
425 1327 528 1415 ipsius
545 1325 675 1395 Gordus
691 1345 750 1413 per
774 1332 879 1392 metas
894 1324 928 1390 iu
945 1343 1077 1392 nemore
1100 1325 1207 1392 eundo
1232 1326 1322 1394 eadit
1336 1328 1370 1394 in
1387 1329 1469 1396 Gru·

343 1437 453 1520 seueh,
479 1435 535 1520 qui
551 1433 698 1518 distingit
723 1433 842 1500 limites
859 1431 1082 1522 Grassauieba
1098 1437 1130 1499 et
1147 1431 1268 1520 Garig5
1293 1455 1353 1522 per
1369 1437 1467 1507 Orus·

343 1544 442 1613 seueh
458 1550 566 1612 autem
590 1543 696 1612 eundo
716 1541 903 1629 peruenitur
928 1540 973 1608 ad
999 1548 1096 1628 eaput
1118 1541 1265 1610 eiusdem
1289 1544 1409 1612 iterum
1425 1549 1469 1614 ud

343 1659 463 1719 metam
477 1651 579 1740 ipsius
596 1649 729 1718 Martini
754 1648 898 1732 comitis,
924 1647 1033 1734 ibique
1048 1649 1108 1716 sub
1125 1647 1269 1734 quadum
1285 1651 1381 1720 vinea
1396 1677 1470 1743 pro-

344 1759 496 1845 grediens
513 1758 601 1827 eadit
617 1759 651 1826 iu
667 1777 821 1843 nagnam
837 1755 934 1841 riam,
952 1763 986 1824 et
1000 1774 1060 1842 per
1074 1757 1182 1842 ipsam
1193 1758 1299 1828 eundo
1319 1761 1419 1848 louge
1434 1765 1471 1832 in

343 1870 431 1935 beret
457 1869 644 1955 peruenitur
669 1865 848 1932 adsuetam
873 1865 933 1930 sub
950 1864 1066 1932 arbore
1081 1865 1185 1950 rubim
1209 1874 1242 1933 et
1265 1867 1385 1936 abbiua
1408 1893 1471 1958 per

344 1976 464 2042 vallem
480 1975 570 2042 eadit
583 1975 618 2042 in
632 1975 784 2058 Lesuram,
800 1981 832 2041 et
848 1992 907 2060 per
922 1971 1024 2039 aliam
1040 1972 1160 2040 vallem
1175 1975 1325 2044 aseendit
1343 1978 1387 2044 ud
1403 2001 1471 2047 ma·

226 2121 230 2130 ·
345 2103 445 2168 guam
461 2082 549 2148 viam
566 2083 745 2149 admotam
770 2081 937 2166 antiquam
963 2099 1165 2148 communem
1189 2081 1273 2149 iuter
1296 2083 1472 2154 Grassani·

345 2189 439 2255 eham
455 2195 488 2256 et
504 2185 620 2272 Garig,
642 2187 756 2272 'ibique
771 2187 969 2256 transeundo
986 2187 1074 2253 viam
1099 2207 1158 2274 per
1174 2209 1270 2256 ruam
1290 2192 1411 2259 vallem
1428 2215 1472 2262 eu

344 2302 438 2383 parte
462 2295 640 2363 oeeidentis
666 2295 836 2364 deseendit
860 2295 893 2361 in
909 2296 1102 2381 Cotynuam‚
1120 2301 1154 2361 et
1167 2298 1369 2364 transeundo
1394 2319 1472 2368 eam

344 2401 486 2470 adduas
512 2403 646 2472 arbores
663 2403 704 2470 de
728 2403 852 2470 oerasis
868 2401 961 2470 vadit
986 2401 1030 2469 ad
1046 2409 1186 2470 montem
1202 2403 1246 2470 ad
1271 2412 1392 2474 memus
1408 2412 1473 2477 sub

345 2513 461 2580 arbore
477 2531 614 2597 uuoum;
639 2510 716 2578 iude
732 2531 792 2597 per
807 2513 894 2577 berch
910 2509 1122 2596 progrediens
1145 2511 1353 2596 perlongum
1369 2517 1403 2583 iu
1421 2520 1472 2586 la-

344 2631 412 2692 tere
427 2621 522 2688 vuius
548 2619 668 2689 montis
682 2617 851 2686 deseendit
864 2617 906 2685 ad
923 2625 1043 2685 metam
1059 2617 1121 2686 sub
1137 2618 1254 2686 arbore
1272 2624 1389 2708 beesca·
1415 2627 1474 2694 ab

343 2731 419 2797 hino
435 2730 481 2796 ad
496 2729 646 2796 arborem
662 2729 859 2814 boekenffa;
873 2725 992 2793 deinde
1007 2745 1066 2813 per
1081 2727 1188 2794 valles
1203 2735 1235 2795 et
1251 2730 1350 2798 eolles
1366 2754 1474 2822 prope

346 2839 510 2905 sessiones
526 2837 630 2924 ipsius
647 2837 779 2903 Martini
794 2835 886 2903 vadit
901 2836 945 2901 ad
961 2835 1090 2902 vineam
1100 2835 1191 2920 Jelk,
1207 2844 1239 2903 et
1255 2836 1331 2906 inde
1346 2838 1475 2910 direeto

344 2943 389 3010 ad
414 2945 553 3030 priorem
579 2952 709 3030 metam,
735 2944 791 3010 vbi
816 2942 877 3010 fuit
896 2943 1036 3029 iueepta,
1062 2943 1172 3026 ibique
1198 2945 1401 3016 terminatur.
1431 2931 1477 3020 Vt
1560 3003 1561 3012 ,

345 3055 445 3138 igitur
470 3051 635 3140 predictus
651 3053 820 3136 Martinus,
846 3058 879 3118 et
893 3049 994 3118 irater
1010 3049 1114 3136 ipsius
1134 3052 1273 3140 Gordus,
1299 3075 1340 3122 ae
1357 3076 1476 3126 eorum

345 3161 499 3246 beredes;
526 3170 558 3232 ot
580 3163 738 3251 sepedicti
764 3169 955 3247 castrenses,
982 3162 1038 3246 qui
1061 3167 1174 3230 eontra
1198 3162 1290 3250 ipsos
1315 3165 1476 3253 agebant,

345 3289 428 3357 paee
442 3275 600 3356 perpetua
625 3271 839 3354 gratulentur,
865 3277 1033 3356 presentes
1049 3269 1176 3336 litteras
1191 3269 1227 3336 iu
1251 3271 1476 3344 testimouium

346 3382 501 3464 perpetue
525 3377 687 3444 firmitatis
703 3375 775 3444 dari
790 3377 936 3460 fecimus,
963 3377 1065 3461 sigilii
1080 3376 1184 3444 nostri
1203 3376 1341 3463 duplieis
1366 3383 1475 3448 muni·

347 3486 622 3554 mineroboratas.
640 3487 759 3553 Datum
776 3507 835 3573 per
846 3505 961 3553 manus
970 3485 1120 3571 Magistri
1130 3485 1304 3572 Smaragdi
1314 3488 1476 3558 Albensis

347 3593 495 3661 Eeotesie
509 3595 671 3680 Prepesiti
686 3595 761 3660 aule
776 3599 888 3661 nostre
903 3591 1193 3678 viee-Canoellarij
1218 3593 1328 3662 dilecti
1344 3604 1378 3662 et
1394 3598 1475 3666 fide·

345 3701 388 3767 lis
404 3700 516 3786 nostri,
542 3720 628 3769 auno
646 3701 778 3768 Domini
793 3699 913 3768 M⁰OO⁰
924 3700 1010 3767 LVI⁰
1025 3705 1140 3785 quarto
1165 3699 1243 3800 idus
1263 3701 1475 3791 Nouembris,

329 3807 450 3893 ,segni
465 3812 573 3876 autem
588 3809 692 3876 nostri
708 3829 795 3877 anuo
810 3808 965 3876 vicesimo
980 3807 1135 3878 seeundo.

345 4002 481 4072 (Ersdetie
494 4003 665 4072 bir'rbirtptu,
684 4006 796 4072 melyrb'l
809 4023 827 4058 a
838 4008 930 4059 kattb's
942 4005 1035 4074 peostt
1047 4005 1175 4060 tbredeks
1193 4004 1372 4076 ubres-sarpa
1384 4013 1476 4064 asino·

552 4113 600 4147 ron
612 4096 690 4164 sugg,
703 4113 720 4150 a
732 4095 832 4149 semele.
843 4097 888 4164 hg.
899 4094 1046 4164 Batthyani
1058 4093 1263 4166 levtltsrtbsn.)

774 4373 1037 4388 m
