3134 5158
864 288 1015 392 -e—ur-

382 509 443 577 pus
458 489 665 576 syrmiensis,
692 483 862 556 attendens
890 492 985 574 grata
1000 491 1033 553 et
1056 491 1193 572 accepto
1218 485 1350 554 servitia
1377 485 1443 552 sibi
1469 493 1502 548 et

382 597 559 682 Syrmicnsi
585 597 730 665 Ecolesio
755 601 827 664 ato
851 597 1010 684 impensa,
1036 615 1096 662 nec
1118 616 1181 662 non
1207 603 1239 662 et
1264 615 1361 680 quam
1386 595 1502 681 plures

381 705 532 791 labores,
558 725 640 789 quos
665 725 723 794 pro
747 708 818 793 ipso
844 711 877 774 ot
902 705 1016 774 eadem
1041 704 1189 771 Ecclesia
1213 703 1360 788 subiisti,
1383 702 1502 768 villam

384 813 557 898 quamdam
574 815 670 882 sitam
695 815 728 881 in
744 815 874 900 Zlaobo,
901 834 962 900 que
978 814 1058 881 villa
1074 815 1203 881 Drascb
1225 811 1405 898 vulgariter
1420 831 1499 876 nnn-

383 929 529 1009 cupatur,
545 925 614 1008 tibi,
631 931 725 1010 prout
746 926 910 1012 sperabat,
937 922 979 990 ad
997 943 1069 990 eum
1090 924 1141 991 sui
1158 923 1298 1009 Capituli
1322 919 1502 990 ascedente

383 1052 552 1117 consensu,
568 1031 707 1119 provida
723 1033 957 1101 deliberatione
972 1031 1179 1115 concesserit,
1204 1053 1224 1097 a
1241 1041 1274 1098 te
1289 1029 1397 1116 quoad
1412 1031 1502 1095 vixe-

384 1141 429 1209 ris
445 1139 686 1230 possidendam,
712 1142 796 1209 sicut
812 1142 844 1209 in
860 1141 962 1229 ipsius
986 1140 1101 1209 litteris
1118 1138 1271 1208 confectis
1297 1145 1414 1206 extunc
1435 1136 1502 1220 ple-

384 1247 458 1316 nius
474 1249 662 1317 continetur.
688 1249 756 1316 Nos
773 1249 837 1317 tuis
852 1248 1148 1337 supplicationibus
1173 1247 1328 1332 inclinati,
1354 1245 1441 1331 quod
1458 1245 1502 1312 ab

384 1356 507 1425 eisdem
521 1357 685 1444 Episcopo
711 1365 743 1425 et
759 1356 909 1445 Capitulo
925 1377 1022 1445 super
1048 1359 1108 1424 hoc
1135 1355 1267 1442 provide
1293 1355 1414 1422 laetum
1441 1360 1502 1438 est,

384 1469 490 1532 ratum
514 1463 672 1534 babentes
691 1473 723 1532 et
738 1473 876 1550 gratum,
903 1467 937 1532 id
962 1466 1155 1535 auctoritate
1172 1465 1361 1551 apostolica
1386 1463 1500 1531 contir-

385 1591 510 1642 mamus
525 1581 557 1640 et
572 1573 731 1661 presentis
757 1575 869 1662 scripti
884 1573 1063 1662 patrocinio
1089 1573 1330 1656 communimus,
1357 1577 1502 1639 tenorem

384 1681 563 1750 litterarum
589 1683 733 1770 ipsarum
758 1683 962 1769 presentibus
985 1680 1025 1749 de
1052 1681 1149 1749 verbo
1176 1682 1219 1748 ad
1244 1683 1376 1749 verbum
1400 1679 1502 1746 inseri

384 1787 543 1872 facientis,
565 1789 619 1874 qui
634 1789 711 1857 talis
727 1795 795 1856 est:
1463 1757 1488 1820 ⁹

491 1897 559 1966 Nos
575 1896 613 1963 0.
630 1897 693 1964 Dei
718 1899 826 1984 graba
841 1899 1024 1987 Episcopus
1046 1901 1242 1988 syrmiensis
1257 1899 1318 1967 stb.
1346 1896 1503 1964 kbvetlro·

386 2003 439 2070 nik
450 2003 561 2071 Oliver
578 2005 713 2073 saeremi
729 2006 924 2093 puspoknck
938 2007 1074 2076 lesu-ki
1090 2007 1283 2094 adomtnya,
1301 2006 1379 2072 mint
1393 2005 1504 2088 Fejtr·

387 2109 440 2178 nel
457 2109 536 2179 cod.
552 2111 640 2198 Dipl.
656 2113 710 2180 IV.
727 2113 794 2182 ket.
815 2119 846 2182 2.
864 2136 888 2181 r.
907 2117 958 2183 ts.
975 2113 1012 2204 l.)

493 2219 582 2285 Nulli
598 2238 675 2306 ergo
692 2221 819 2288 omnino
830 2222 993 2291 hominum
1008 2225 1105 2292 liceat
1120 2225 1205 2291 hanc
1221 2223 1375 2309 paginam
1391 2227 1503 2288 nostre

386 2326 637 2394 confirmationis
653 2327 839 2416 intringere,
865 2331 918 2399 vel
934 2332 964 2398 ei
980 2351 1062 2398 ausu
1078 2332 1251 2398 temerario
1276 2328 1449 2398 oontraire.
1467 2328 1501 2392 Si

387 2434 459 2521 quis
476 2442 584 2501 autem
600 2437 661 2504 boc
677 2444 871 2526 attemptare
891 2441 1131 2528 presumpserit,
1156 2437 1411 2525 indignationem
1429 2436 1502 2502 Om-

386 2541 561 2628 nipotentis
578 2543 638 2610 Dei
663 2551 696 2612 et
710 2545 883 2614 Beatorum
905 2546 992 2615 Petri
1017 2555 1049 2614 et
1066 2547 1161 2616 Pauli
1176 2546 1404 2634 Apostolorum
1429 2546 1502 2611 eius

386 2671 421 2718 se
436 2652 563 2719 noverit
579 2651 790 2727 incursurum.
806 2655 925 2732 Datum
941 2655 1081 2742 Neapoli
1091 2655 1200 2723 idibus
1210 2654 1378 2741 Februarij
1391 2655 1503 2721 Ponti-

386 2761 498 2826 ficatus
515 2761 616 2828 nostri
633 2781 719 2830 anno
734 2761 845 2848 primo.

431 2938 567 3006 (Tbsiner,
581 2943 678 2996 Vetera
690 2940 866 2998 Monumeuta
878 2944 1018 2996 Slavorum
1031 2944 1248 2996 bleridionalium
1261 2945 1283 2993 l.
1298 2945 1354 2996 lrdt.
1368 2947 1411 2995 83.
1425 2941 1457 3010 l.)

443 3153 448 3192 t

813 3229 1073 3241 ---..

903 3675 978 3744 278.

389 3853 410 3918 l
415 3851 447 3917 V.
465 3853 593 3918 Sdoctor·
614 3859 702 3940 pcipe
726 3859 897 3940 mepadu'te'
911 3856 1060 3922 ttettdtu
1084 3861 1228 3925 birdinut
1251 3885 1288 3925 oz
1308 3865 1374 3945 eprt'
1399 3887 1503 3950 mappa

441 3962 561 4026 tizedeit
575 3967 604 4026 e'o
619 3963 708 4048 eppeb
718 3963 845 4048 oppbciei
852 3963 1205 4052 jduedetmeittdlppuzd
1220 3971 1333 4034 ttetete't.
1353 3970 1449 4034 1255.

492 4155 676 4225 Alexander
692 4161 872 4248 Episcopus
889 4180 999 4229 servus
1016 4181 1180 4229 servorum
1198 4163 1259 4230 Dei
1282 4165 1410 4234 dilectis
1426 4169 1503 4253 filijs

386 4263 576 4332 Rectoribns
593 4273 626 4332 et
640 4269 806 4355 perpetuis
818 4269 956 4336 vicariis
973 4268 1192 4338 Ecclesiarum
1209 4271 1503 4361 DiooesisAgrien-

388 4373 433 4440 sis
449 4372 586 4440 salutem
602 4381 634 4440 et
649 4373 870 4462 Apostolioam
887 4378 1150 4446 benedictionem.
1178 4377 1257 4446 Cum
1273 4402 1293 4447 a
1309 4383 1403 4450 nobis
1422 4385 1503 4470 peti-

386 4491 448 4565 tur,
473 4479 560 4567 quod
576 4483 694 4549 iustum
711 4495 760 4551 est
776 4493 808 4552 et
824 4487 1002 4566 honestum,
1030 4495 1096 4555 tam
1113 4489 1207 4574 vigor
1221 4491 1384 4576 equitatis,
1403 4511 1502 4574 quarn

388 4587 466 4656 ordo
482 4590 584 4675 exigit
600 4593 746 4676 rationis,
773 4603 807 4660 ut
823 4592 856 4659 id
872 4613 929 4681 per
945 4597 1193 4664 sollicitudinem
1212 4598 1306 4667 ollioii
1335 4599 1436 4666 nostri
1457 4603 1503 4667 ad
