3148 5156
119 1075 135 1138 l
142 1073 169 1138 V.
183 1076 307 1141 mador
320 1081 407 1162 pdpu
424 1101 444 1140 o
456 1080 686 1163 paunoodolmi
700 1085 808 1165 apcitot
823 1105 843 1146 a
858 1105 899 1146 or.
918 1083 1059 1150 Benedelr
1076 1085 1225 1152 condecet·

119 1185 360 1268 umppurorszdpi
381 1187 583 1248 recrudescere
606 1187 844 1252 bertoldicurte
861 1189 1148 1277 jopccr'tua‘cpolrlrcl
1161 1193 1224 1278 scl-

529 1291 674 1357 colciaco.
699 1291 796 1356 1256.

210 1483 396 1551 Alexander
412 1485 595 1572 Episcopus
620 1505 735 1552 seruus
759 1506 928 1556 seruorum
944 1489 1005 1556 Dei
1022 1490 1140 1557 dilecto
1160 1491 1224 1558 filio

118 1590 301 1659 ...Abbati
326 1593 516 1660 Monostcrii
541 1594 653 1662 Sancti
670 1594 802 1660 Martini
827 1614 928 1681 supra
953 1595 1156 1665 Pannoniam
1181 1597 1225 1664 cd

118 1698 282 1764 Romanam
297 1698 479 1764 Ecclesiam
507 1700 595 1768 nullo
612 1699 717 1767 medio
742 1701 932 1786 pertinentis
958 1701 1088 1770 Ordinis
1113 1705 1224 1774 Sancti

118 1805 272 1872 Benedicti
297 1793 480 1872 lauriensis
500 1804 651 1874 Dioccsis
676 1806 864 1874 salutemet
882 1799 1104 1894 Apostolicam
1131 1812 1225 1879 benc·

118 1911 287 1982 dictionem.
316 1912 496 1998 Religionis
513 1917 643 1984 domum
672 1914 802 1980 Domini
828 1915 1012 1984 decorantis
1037 1919 1223 1987 desideran-

53 2011 59 2019 ’
118 2026 159 2086 tes
174 2027 388 2104 augmentum,
405 2021 434 2086 si
451 2029 561 2086 nostro
577 2020 610 2084 in
629 2021 689 2088 huc
702 2027 796 2106 parte
812 2022 943 2090 affectui
959 2026 1141 2093 contrarius
1151 2046 1225 2111 qoo-

116 2126 278 2196 modolibct
298 2125 452 2194 succedat
468 2127 613 2212 effectus,
634 2129 843 2196 uehementer
863 2128 1038 2198 dolendum
1055 2140 1103 2199 cst
1120 2133 1225 2219 uobis,

117 2245 146 2302 ct
158 2237 316 2302 salubrem
327 2235 416 2301 circa
431 2235 492 2303 hoc
509 2234 665 2304 debemus
678 2236 834 2303 adhibere
848 2237 1008 2304 medelam
1020 2239 1226 2307 solicitudine

116 2348 270 2428 oportuna.
288 2341 376 2408 Sanc
401 2342 485 2410 sicut
501 2350 534 2408 tc
549 2343 708 2410 referente
724 2345 910 2430 accepimus
928 2347 1039 2413 Sancti
1057 2346 1226 2414 Benedicti

116 2450 397 2517 excellentissimus
424 2448 510 2516 Ordo
536 2449 570 2514 in
586 2450 698 2534 Regno
716 2451 862 2535 Vngarie
884 2458 951 2518 tum
967 2459 1099 2540 propter
1121 2455 1225 2540 ipsius

115 2556 209 2640 Regni
234 2555 522 2643 depopulationem
548 2557 732 2623 a'lartaris
749 2557 826 2624 olim
846 2557 977 2643 factam,
1003 2565 1070 2626 tum
1094 2567 1226 2646 propter

115 2664 267 2732 Abbatnm
283 2671 316 2732 ct
341 2663 570 2732 monachorum
596 2665 631 2731 in
648 2665 855 2734 monasteriis
881 2665 1025 2734 eiusdem
1042 2669 1147 2754 Regni
1172 2668 1226 2734 dc·

114 2771 247 2856 gentium
272 2771 482 2840 insolentiam
507 2771 552 2838 ad
570 2778 696 2838 tantam
721 2773 946 2842 dissolutionis
971 2775 1135 2842 miseriam
1159 2776 1226 2842 iam

115 2876 245 2964 deuenit,
262 2879 351 2964 quod
366 2880 495 2947 omnino
515 2879 636 2966 peribit
652 2880 784 2966 ibidem,
808 2881 873 2950 nisi
889 2883 987 2950 celeri
1003 2883 1108 2950 eidem
1129 2904 1227 2962 remc-

114 2985 161 3052 dio
175 3007 232 3072 par
240 2986 395 3054 Divinam
412 2987 617 3055 clementiam
634 2995 666 3054 ct
676 2987 866 3076 Apostolicc
877 2989 972 3057 Sedis
989 2989 1228 3078 prouidentiam

112 3099 320 3162 succurratur.
334 3095 385 3160 De
395 3099 454 3162 tua
463 3094 574 3180 itaque
584 3095 890 3183 circumspectiones
900 3097 1030 3182 plenum
1045 3098 1079 3164 in
1089 3099 1227 3166 Domino

111 3200 253 3282 fiduciam
278 3201 471 3289 obtinentes,
503 3201 646 3286 eligendi
671 3210 736 3270 tres
756 3204 902 3270 Achates
927 3205 1072 3272 ciusdem
1097 3203 1228 3272 Ordinis

111 3311 209 3376 colum
224 3309 394 3390 habentes,
419 3311 522 3398 ipsius
538 3333 611 3379 cum
627 3311 764 3380 consilio
781 3320 814 3379 et
835 3333 972 3380 assensu
989 3313 1133 3400 Capituli
1150 3311 1228 3379 dicti

111 3417 236 3484 Ordinis
262 3417 439 3504 generalis,
465 3440 504 3487 ac
521 3420 716 3505 regulariter
733 3419 900 3505 uisitandi,
927 3419 1111 3506 corrigendi
1136 3425 1169 3485 et
1182 3437 1229 3486 rc·

110 3525 267 3595 iormandi
283 3528 477 3594 auctoritate
500 3533 615 3595 nostra
637 3547 710 3596 cum
726 3526 850 3594 eisdem
874 3527 978 3595 tribus
993 3527 1177 3595 Abbatibus
1194 3527 1229 3592 in

108 3635 239 3720 prefatis
263 3635 469 3702 monasteriis
495 3642 563 3702 tam
588 3637 621 3702 in
648 3635 765 3722 capite,
792 3654 890 3720 quam
911 3637 946 3702 in
973 3635 1136 3720 membris,
1166 3651 1229 3720 quc

107 3741 308 3832 visitationis,
326 3741 537 3810 correctionis
553 3747 586 3808 ct
601 3740 841 3810 reformationis
858 3740 965 3810 oflicio
981 3740 1128 3808 sideritis
1148 3741 1229 3808 indi·

107 3869 189 3935 gere,
208 3849 338 3936 plenam
354 3849 413 3917 tibi
428 3850 491 3916 hnc
507 3851 579 3916 vice
596 3848 802 3916 concedimus
819 3848 1011 3917 auctoritate
1032 3847 1228 3933 presentium

107 3958 302 4026 laenitatem.
334 3959 455 4026 Datum
480 3957 630 4044 Anagnia
656 3958 710 4024 Vl.
739 3957 817 4024 Idus
843 3956 993 4024 Octobris
1018 3955 1229 4022 Pontificatus

107 4067 206 4134 nostri
221 4087 307 4134 anno
323 4065 476 4132 secundo.

294 4263 432 4330 (Ercdctis
445 4279 462 4316 a
474 4263 667 4330 paonouhalmi
682 4259 827 4330 ldaprltsdg
839 4259 1050 4332 lcvdltdrlban.)
