3148 5156
840 277 993 381 st

276 511 283 524 ·
352 485 457 564 mele;
474 475 592 546 exinde
608 475 788 565 procedens
804 477 911 546 adhue
926 478 1048 547 directe
1064 477 1108 547 ad
1124 481 1309 568 aquilonem
1328 501 1389 571 per
1404 483 1476 570 pla·

351 588 468 657 nioiem
484 583 658 673 quandam,
675 583 821 653 declinat
835 585 998 654 invallem
1015 607 1123 674 unam,
1140 589 1196 656 uhi
1211 595 1288 658 eunt
1298 589 1362 659 due
1376 596 1478 677 mete,

350 697 385 764 in
401 717 467 764 una
483 694 583 783 pirus,
609 693 677 760 alia
692 693 897 780 graminoea5
924 693 1043 764 abinde
1061 716 1238 785 parumper
1263 697 1477 784 progrediens

349 807 385 874 in
400 805 489 874 dieta
504 804 601 887 velle,
618 802 719 871 intrat
730 802 917 892 virgultum,
937 809 970 872 et
985 804 1019 872 in
1036 805 1149 874 eodem
1164 807 1306 894 virgulto
1320 814 1395 877 eunt
1409 807 1477 876 due

350 921 446 998 mete,
471 913 505 980 in
522 912 704 1000 anaplum,
732 913 838 981 altera
863 911 1020 1001 dumoea5
1047 913 1125 982 hine
1141 916 1208 983 exit
1231 917 1407 1002 virgultum
1428 915 1476 984 ad

349 1027 466 1110 locum,
492 1023 548 1109 qui
564 1021 706 1108 Nogeoel
732 1021 868 1108 dieitur,
884 1023 939 1092 uhi
959 1029 1033 1090 eunt
1048 1023 1111 1091 due
1136 1032 1221 1093 mete
1246 1033 1370 1112 terree;
1395 1033 1475 1114 poet

349 1133 410 1200 heo
434 1133 534 1200 intrat
550 1133 637 1200 uiam
652 1133 770 1216 Naree,
797 1151 891 1201 eeour
909 1152 1006 1219 qnam
1023 1138 1097 1200 eunt
1115 1132 1178 1200 due
1201 1139 1296 1220 mete,
1320 1134 1413 1202 vadit
1438 1133 1474 1200 in

351 1239 467 1312 eadem
482 1240 538 1308 uia
554 1239 648 1308 metio
664 1237 823 1308 distinctis
838 1241 935 1308 eertie
960 1240 1042 1309 leole
1067 1261 1169 1328 neque
1194 1249 1298 1310 metae
1312 1241 1389 1310 ville
1404 1242 1474 1308 Na·

348 1367 412 1436 ree,
439 1358 472 1419 et
486 1350 532 1418 ibi
549 1371 570 1417 a
585 1356 672 1417 terra
687 1347 846 1436 Stephani
872 1348 930 1435 tilij
948 1349 1107 1437 Stephani
1131 1355 1323 1436 reparatum
1350 1349 1473 1418 deinde

349 1458 438 1526 uenit
452 1458 495 1526 ad
510 1456 674 1545 quoddam
691 1463 819 1545 pratum
835 1457 879 1525 ad
893 1464 1013 1526 terram
1030 1457 1188 1526 diotorum
1207 1459 1385 1544 Benedieti,
1405 1461 1473 1526 Da-

348 1566 416 1635 niel
432 1573 465 1634 et
480 1567 613 1652 Thome,
629 1566 685 1633 vti
701 1565 735 1632 in
752 1563 858 1634 dumis
873 1564 1031 1634 aulioibuo
1045 1573 1121 1636 eunt
1136 1566 1198 1636 due
1214 1573 1319 1653 mete3
1345 1574 1378 1636 et
1391 1567 1474 1636 inde

348 1696 407 1764 per
423 1683 526 1745 metuo
552 1675 706 1763 antiquae
733 1675 879 1744 eiusdem
895 1681 979 1745 terre
994 1677 1114 1764 vtique
1133 1679 1240 1764 binae,
1266 1684 1352 1746 mete
1366 1677 1474 1766 priori

283 1771 289 1793 ¹
348 1785 546 1854 terminatur.
571 1787 609 1852 Iu
625 1784 716 1853 ouius
732 1785 780 1851 rei
806 1785 995 1854 memoriam
1010 1787 1189 1874 pleniorem
1213 1787 1256 1855 ad
1275 1787 1473 1874 petioionem

348 1895 496 1982 purnium
511 1894 545 1962 in
561 1893 779 1962 tertimonium
803 1895 852 1962 rei
867 1903 960 1981 geete
974 1903 1143 1983 presentes
1158 1897 1285 1965 Htterae
1308 1897 1473 1965 oonoeeai·

346 2021 420 2070 mne
436 2001 538 2087 sigilli
554 2001 656 2070 nostri
672 2002 846 2071 munimine
865 2003 1046 2072 roboratae.
1063 2005 1153 2072 Luca
1165 2005 1378 2074 Proematore
1393 2005 1473 2072 Pre-

348 2109 492 2199 poeiture
508 2109 655 2178 Eooleeie
678 2118 788 2180 neutro
804 2111 975 2196 existente,
1003 2111 1147 2182 Oliuerio
1160 2113 1312 2200 Gantere,
1338 2111 1472 2181 Omhud

347 2217 498 2304 Custode,
515 2219 648 2288 Andrea
664 2221 809 2290 Deouno.
835 2221 928 2290 Anno
945 2223 987 2290 ah
1002 2223 1234 2292 Iuoamaoione
1249 2223 1379 2290 Domini
1396 2222 1471 2289 mil·

345 2328 460 2398 lesimo
477 2327 697 2398 ducentesimo
713 2329 983 2418 quinquagesimo
1000 2331 1157 2420 reptim03
1183 2333 1283 2422 sigilli
1299 2330 1403 2400 nostri
1418 2329 1470 2398 in·

345 2437 526 2506 nouaoione
541 2457 626 2508 anno
642 2437 755 2525 primo.

572 2617 1229 2722 noenu

429 2796 478 2864 (Aa
492 2799 595 2855 eredeti
607 2799 674 2856 utin
686 2799 759 2856 Rdth
771 2797 881 2871 likely,
895 2803 983 2857 Hanni
996 2801 1166 2872 Okmduytdr
1179 2805 1202 2858 Ι.
1213 2803 1272 2857 keu
1286 2803 1330 2856 dd.
1343 2803 1374 2870 l.)

771 3091 1038 3105 mon—0

865 3578 942 3647 eet.

342 3753 375 3821 A
391 3757 594 3843 nappe-drudo·
607 3755 758 3844 kdptalaa
772 3784 793 3825 o
810 3759 946 3829 Chondd
961 3763 1221 3850 melopoeiae
1235 3763 1317 3829 lodati
1333 3765 1467 3852 oaztdlyt

720 3867 958 3956 soponotoeiuy'a.
974 3867 1072 3936 1257.

447 4060 515 4129 Noa
525 4061 709 4150 Capitulum
719 4065 867 4134 Eooleeie
875 4065 1102 4138 Waradieneie
1114 4069 1335 4156 significamus
1345 4068 1465 4156 quibus

342 4167 484 4255 expedit,
511 4171 598 4256 quod
624 4171 741 4240 Gomee
765 4175 887 4242 Paulur
912 4176 998 4246 filim
1023 4177 1180 4266 Stephani
1203 4197 1245 4246 ex
1268 4197 1336 4245 vna
1357 4185 1462 4265 parte,

341 4277 514 4346 Ladiulaue
530 4279 714 4349 et'l'homae
731 4281 789 4368 filij
804 4283 980 4372 Pangraoij
996 4283 1167 4372 degenere
1176 4284 1316 4354 (lhanad
1333 4305 1376 4352 ex
1394 4283 1464 4352 alia

340 4393 432 4473 parte
448 4389 482 4456 in
499 4387 624 4458 ootuuie
639 4391 752 4459 Sunoti
762 4393 895 4480 Georgij
912 4409 1021 4463 eoram
1036 4395 1130 4465 nohia
1140 4395 1317 4475 oonotitnti,
1331 4393 1461 4462 litterae

340 4492 462 4666 domini
478 4495 557 4563 Belo
573 4497 712 4565 illustris
729 4499 828 4585 Regio
842 4502 1011 4586 Huugarie
1034 4501 1128 4570 nobie
1143 4503 1328 4571 obtulerunt
1349 4499 1384 4568 in
1399 4502 1461 4570 heo

340 4617 397 4666 ver
421 4621 461 4667 a:
