3112 5148
838 885 895 956 al.

300 1070 348 1138 Aa
364 1069 547 1157 cutcrpumi
561 1067 783 1154 kdptutouuolc
798 1063 1070 1153 biscoputpteuclc,
1095 1065 1175 1153 lcpy
1190 1063 1307 1148 occe,
1329 1063 1435 1128 Haru-

299 1178 424 1244 turualr
441 1174 672 1262 semilateres
702 1174 837 1241 birtolrclt
865 1172 1016 1239 Kalauria
1032 1171 1162 1257 fluiaok
1187 1171 1305 1238 etndtc.
1331 1173 1435 1240 1243.

667 1349 1052 1420 Asel)

417 1529 562 1600 Achilles
586 1529 709 1597 Diuina
735 1529 950 1598 miseracione
975 1527 1165 1615 Prepositus
1191 1525 1430 1612 strigoniensis

298 1638 548 1724 uniuersumque
563 1634 710 1705 eiusdem
735 1636 800 1716 loci
816 1635 1003 1723 Capitulum
1020 1635 1170 1704 omnibus
1192 1640 1359 1722 presentes
1375 1633 1431 1703 lit-

297 1751 384 1812 teras
400 1744 594 1833 inspecturis
611 1744 749 1812 salutem
765 1743 799 1810 iu
815 1743 956 1812 Domino
973 1743 1055 1810 Jcsu
1073 1741 1211 1810 Christo.
1233 1741 1285 1808 Ad
1299 1741 1431 1809 rniuer-

296 1870 405 1919 sorum
421 1853 577 1920 noticiam
587 1851 737 1919 volumus
753 1851 935 1938 peruenire,
956 1850 1044 1934 quod
1054 1845 1165 1917 Oueud
1180 1848 1267 1916 filius
1277 1849 1433 1916 Hatubur

297 1959 458 2028 innostra
484 1958 679 2027 constitutus
705 1959 886 2046 presencia,
913 1979 972 2026 sua
988 1959 1083 2026 nobis
1106 1957 1270 2026 relacione
1297 1957 1431 2025 demon-

296 2067 426 2152 strauit,
453 2064 541 2149 quod
557 2063 765 2130 medictatem
789 2071 874 2131 terre
893 2065 1044 2133 Rubmau
1069 2085 1128 2153 pro
1145 2085 1204 2132 scu
1229 2064 1347 2132 marcis
1374 2087 1431 2134 ar·

296 2174 397 2258 genti,
415 2180 447 2241 et
464 2173 672 2239 medietatem
691 2171 859 2239 cuiusdam
879 2181 965 2239 terre
982 2173 1116 2240 alterius
1132 2170 1287 2240 videlicet
1301 2173 1429 2240 Taena-

296 2281 410 2367 pulay,
427 2301 489 2366 que
506 2287 557 2348 est
573 2281 638 2349 sita
653 2281 746 2347 iuxta
763 2288 883 2348 terram
901 2281 1065 2366 Kalauria,
1083 2302 1142 2368 pro
1160 2279 1286 2349 duabus
1304 2282 1428 2349 marcis

294 2391 423 2473 argenti
437 2390 507 2456 iure
521 2387 718 2458 hereditario
738 2408 921 2476 possessas,
938 2390 1038 2456 Petch
1055 2395 1089 2456 et
1103 2388 1197 2457 fratri
1208 2387 1354 2458 eiusdem
1367 2410 1425 2459 uo-

297 2497 385 2564 minc
401 2496 588 2585 Benedicto,
615 2495 693 2583 filijs
718 2497 807 2564 Petri
834 2497 875 2565 de
891 2495 1053 2582 Kolenda,
1077 2496 1241 2564 uendidltt
1264 2503 1426 2584 perpetuo

294 2603 530 2691 possidendas,
560 2610 593 2669 ct
608 2602 696 2670 idem
713 2601 823 2670 Ousud
838 2603 1008 2690 professus
1026 2611 1084 2690 est,
1112 2602 1234 2669 dictam
1249 2605 1426 2690 pecuniam

294 2711 441 2797 plenarie
466 2709 641 2796 recepisse.
677 2710 777 2779 Cuius
803 2711 907 2779 eciam
932 2718 1018 2780 terre
1044 2709 1192 2778 Rubman
1217 2711 1425 2778 medietatem

294 2817 395 2884 aliem
412 2817 612 2884 Lauduauue
638 2826 670 2885 et
687 2817 877 2902 Gregorius,
899 2819 1097 2904 jobagiones
1116 2819 1225 2887 Oaslri
1240 2817 1426 2904 Nengradi-

292 2924 382 2992 ensis
398 2923 440 2988 ab
457 2921 573 2990 eodem
589 2920 700 2990 Ousurl
717 2943 915 3010 possessam,
936 2925 1152 2994 vendiderunt
1172 2927 1295 2995 eisdem
1318 2929 1423 2997 Peteh

293 3037 325 3098 et
339 3030 527 3116 Benedict0‚
544 3038 640 3117 prout
655 3032 689 3098 in
706 3031 822 3099 litteris
839 3033 962 3102 uostris
978 3034 1142 3122 prioribus
1159 3036 1360 3120 continetur,
1389 3043 1423 3103 et

293 3141 340 3206 ita
355 3137 468 3206 totalis
493 3145 581 3205 terra
597 3139 746 3205 Ruhman
763 3139 807 3207 ari
831 3141 882 3209 ius
901 3148 933 3209 et
956 3143 1133 3210 dominium
1149 3143 1248 3212 Petcb
1273 3151 1307 3212 et
1322 3143 1424 3212 Beue·

291 3245 371 3312 dicti
395 3251 639 3332 prenotatorum
657 3253 707 3314 est
723 3247 877 3316 deuolute
892 3251 977 3319 iusto
998 3250 1093 3319 titulo
1113 3251 1300 3338 empcionis.
1329 3251 1422 3319 Oum-

292 3354 435 3421 metanei
460 3359 568 3421 autem
593 3361 681 3422 terre
705 3357 856 3424 Ruhman
884 3364 960 3425 sunt
984 3358 1055 3443 by:
1079 3357 1196 3442 Arrua,
1228 3360 1305 3444 Isyp
1333 3359 1421 3426 filins

291 3459 408 3546 Pulan,
426 3468 459 3528 et
474 3461 595 3530 Fulcus
612 3463 698 3531 lilius
714 3463 853 3533 Poucbe.
878 3466 920 3531 Vt
935 3466 1035 3550 igitur
1057 3484 1158 3549 supra
1178 3463 1264 3530 dicta
1288 3483 1422 3550 posses-

292 3569 342 3635 sio
359 3569 456 3636 salua
470 3589 598 3656 semper
614 3580 807 3658 permaneat
822 3582 855 3640 et
870 3573 1075 3656 inconcussa,
1097 3591 1197 3658 super
1211 3572 1274 3642 boc
1289 3593 1421 3661 presen-

290 3681 342 3742 tes
368 3677 496 3744 litteras
521 3679 742 3747 concessimus
773 3679 876 3764 sigilli
901 3679 1002 3748 nostri
1028 3679 1203 3747 munimine
1236 3683 1417 3754 roboratas.

289 3786 414 3852 Datum
424 3805 484 3871 per
494 3786 914 3874 manueLicurdiLectoris,
925 3808 1010 3856 anno
1021 3788 1417 3874 gracieM⁰CO⁰XL⁰llI⁰.

291 3891 479 3960 Venerabili
490 3900 584 3980 patre
594 3900 704 3962 nostro
713 3895 880 3979 Stephano
888 3895 1151 3984 Archiepiscopo,
1158 3899 1256 3968 Petro
1264 3898 1417 3985 Cantore,

287 3998 437 4065 Fabiano
453 4001 598 4083 Dccauo,
609 3998 783 4068 Ambrosio
794 3998 949 4090 Custode,
966 4002 1148 4086 ceterisque
1158 4003 1333 4074 Canonicie
1349 4005 1418 4074 feli·

288 4105 369 4172 citer
391 4105 616 4175 existentibus.

294 4299 424 4356 Eredetie
437 4303 613 4373 bbrhtrtytn,
627 4321 644 4358 a
656 4305 749 4374 peccet
758 4309 896 4372 elveseett,
909 4323 926 4359 u
939 4307 1041 4364 fbmelt.
1055 4309 1171 4376 hereaeg
1181 4309 1346 4379 mauruny
1356 4327 1417 4366 esa-

689 4393 789 4451 ltdnslr
801 4394 1011 4462 levelttrtbau.)
