3112 5148
589 367 747 470 „mo-

103 562 206 632 dietus
224 565 383 633 Niuolans
399 563 441 630 de
457 583 578 649 genero
592 565 725 652 Katpun
741 566 865 632 nullam
888 566 973 634 iuter
988 566 1080 653 ipsos
1096 587 1233 635 eommo-

101 681 216 741 taneos
243 675 378 742 haberat
403 673 603 760 porcionem,
631 681 740 760 preter
755 673 975 762 qnadraginta
999 676 1116 762 iugera
1134 682 1231 758 terre,

100 801 162 864 que
177 781 241 849 sub
266 790 376 850 monte
393 781 465 867 Nyr
479 782 514 848 in
530 789 657 870 partem
681 783 751 850 eius
766 783 921 850 deberent
938 783 1120 870 peruenire,
1138 781 1234 849 Nioo-

101 889 153 957 lao
170 889 233 958 boo
250 888 339 956 idem
363 889 555 976 confitente3
581 890 639 958 sed
654 891 713 958 illa
728 890 788 958 XL
804 891 919 976 iugera
934 899 1019 958 terre
1034 891 1121 958 idem
1135 891 1231 958 tueo-

101 996 185 1082 lnus,
201 993 319 1066 eontra
335 995 517 1064 liabariam
533 996 669 1065 bilotum
685 998 726 1065 da
742 999 837 1066 Petet
852 998 1017 1068 ordinario
1043 997 1165 1066 indicio
1181 1018 1232 1066 eo·

99 1124 168 1172 ram
178 1105 275 1174 nobis
285 1126 344 1193 pro
354 1103 504 1192 predicta
514 1124 615 1174 eausa
630 1110 715 1173 terre
724 1105 918 1194 populorum
928 1093 1054 1190 Regino
1065 1105 1106 1174 do
1117 1105 1232 1193 Boyon

99 1213 278 1300 uonnietus,
295 1211 383 1280 dioto
400 1211 581 1300 Soomeyno
597 1213 713 1281 Gomiti
736 1235 797 1302 per
811 1213 1063 1283 oonuanoionem
1092 1214 1126 1280 in
1148 1233 1231 1301 pane

99 1322 243 1408 dimisit;
260 1321 338 1406 quia
348 1320 391 1388 ad
407 1319 609 1407 perdendam
618 1340 746 1389 omnem
757 1327 879 1388 terram
889 1341 982 1388 suam
992 1321 1110 1407 luerat,
1120 1341 1231 1408 ,super

99 1431 215 1497 eadem
226 1449 330 1496 eausa
344 1435 431 1494 terre
445 1447 505 1514 per
515 1428 696 1496 Mahariam
711 1429 911 1497 nominatum
922 1449 1032 1501 eoram
1043 1428 1138 1496 nobis
1154 1448 1228 1496 oon-

98 1540 214 1607 uiotus.
232 1539 274 1604 ut
285 1537 334 1604 sio
342 1543 464 1604 terram
474 1537 668 1624 populorum
677 1539 802 1625 Regine
812 1540 909 1607 sitam
920 1539 954 1606 in
970 1539 1049 1606 villa
1059 1539 1183 1624 Boyon,
1199 1542 1231 1603 et

97 1649 157 1715 illa
172 1647 326 1736 predicta
338 1645 399 1713 XL
410 1645 525 1730 iugera
540 1653 633 1734 terre,
651 1653 765 1717 eontra
779 1646 1038 1735 prenominatum
1048 1645 1230 1714 Mahariam

97 1753 709 1842 pereuidenstestimoniumpleniusio
720 1753 1228 1842 nostrapresenoiaiustitioatam

96 1865 280 1949 Saemeyno
295 1861 417 1929 Comiti
433 1881 474 1930 ex
490 1870 642 1950 precepto
668 1861 791 1932 domini
806 1863 908 1947 Regis
928 1869 960 1929 et
975 1861 1100 1950 Regino
1118 1881 1229 1949 perpe·

96 1979 150 2040 tuo
167 1969 407 2059 possidendam
432 1971 529 2039 sertis
543 1971 638 2039 metis
654 1973 838 2059 statuimus,
854 1973 944 2040 nulla
963 1973 1125 2060 particula
1146 1977 1231 2039 terre

96 2079 267 2167 sepedicto
282 2075 424 2146 Nicolao
440 2075 482 2146 de
498 2097 618 2162 genere
633 2081 768 2168 Katpan
784 2081 818 2147 in
833 2087 921 2150 terra
947 2081 1052 2168 ipsius
1067 2083 1230 2167 Soemeyn

97 2187 236 2255 Comitis
254 2193 462 2272 remanente;
489 2188 722 2274 prenominatis
739 2195 847 2256 antem
863 2190 1116 2258 commetanais:
1141 2189 1229 2274 Jula,

96 2299 203 2381 Petro,
215 2295 336 2379 Gutus,
349 2295 498 2377 Nicolao,
514 2297 634 2384 Jegdu,
652 2302 683 2364 et
694 2295 844 2384 Boeslao,
855 2305 982 2386 partem
992 2315 1085 2365 suam
1101 2297 1144 2364 de
1156 2298 1231 2381 ipsa

96 2427 158 2473 non
185 2403 433 2492 separantibus,
464 2403 523 2470 sed
548 2407 761 2473 communiter
788 2425 860 2474 eum
886 2405 1067 2490 Soemeyno
1093 2405 1228 2490 Gemite,

96 2517 178 2582 sient
194 2513 289 2600 prius
305 2509 484 2596 habebant,
500 2509 535 2578 in
549 2531 633 2599 paee
648 2511 920 2600 permittentibus.
937 2513 1023 2578 Mete
1036 2511 1127 2578 ouius
1143 2519 1229 2578 terre

14 2689 15 2702 ,
96 2621 241 2710 primum
257 2619 439 2708 incipiunt:
455 2615 651 2686 ATezerout
667 2620 710 2686 ab
728 2619 878 2687 orientali
893 2625 996 2706 parte,
1022 2617 1078 2686 nbi
1093 2625 1167 2686 sunt
1182 2640 1230 2686 ar·

15 2809 16 2818 ἵ
96 2731 193 2798 bores
209 2745 343 2812 nusum,
361 2733 393 2794 et
409 2725 455 2792 ibi
470 2733 546 2794 sunt
562 2723 626 2794 due
642 2733 746 2813 mete;
772 2735 804 2796 et
818 2736 937 2816 postea
952 2723 1160 2795 ascendendo
1175 2747 1231 2816 pa·

16 2877 17 2898 r
97 2859 166 2905 rum
182 2836 248 2904 sub
258 2835 347 2919 ylice
363 2837 438 2901 sunt
455 2833 518 2900 due
532 2839 638 2922 mete;
655 2834 775 2903 abinde
785 2835 888 2903 eniam
904 2833 1111 2904 ascendendo
1127 2835 1230 2903 alsius

97 2949 130 3012 in
146 2945 279 3014 uertice
306 2941 451 3010 eiusdem
467 2942 586 3011 montis
607 2949 682 3011 sunt
698 2943 761 3012 due
776 2950 880 3030 mete;
906 2945 1022 3013 iterum
1039 2943 1159 3012 abinde
1177 2941 1232 3011 de·

97 3049 289 3122 seendendo
305 3068 366 3136 per
389 3047 509 3116 uallem
525 3055 610 3118 retro
626 3049 756 3117 foueam
773 3049 951 3136 uinearum,
972 3055 1102 3138 aparte
1121 3059 1232 3119 tamen

97 3157 299 3230 orientaliin
314 3155 418 3224 latere
429 3155 547 3223 montis
566 3155 609 3223 ad
625 3155 775 3226 arborem
794 3156 857 3244 piri
868 3162 944 3225 sunt
959 3155 1021 3224 due
1032 3163 1136 3246 mete;
1153 3159 1232 3226 item

97 3269 218 3338 abinde
235 3265 346 3334 eundo
373 3271 405 3331 et
421 3264 618 3332 transeundo
633 3263 778 3350 fluuium,
805 3265 860 3350 qni
881 3265 1048 3333 deseendit
1074 3263 1115 3333 de
1130 3267 1229 3354 Pelis,

98 3389 127 3447 et
135 3379 233 3447 uenit
243 3375 287 3442 de
303 3371 400 3442 domo
415 3373 543 3440 Nicolai
561 3373 654 3441 iuxta
669 3371 947 3442 eundamllunivm
966 3381 1042 3441 sunt
1053 3374 1117 3441 due
1127 3379 1231 3460 mete;

100 3491 176 3556 item
193 3482 324 3555 abinde
337 3482 430 3550 uadit
445 3481 538 3550 iuxta
552 3483 650 3569 uiam,
677 3501 740 3568 que
755 3481 859 3551 tendit
874 3501 988 3550 uersus
1003 3479 1141 3570 Budam,
1158 3487 1234 3550 sunt

99 3597 159 3665 due
176 3599 288 3679 mete;
306 3591 469 3658 etiterum
485 3592 577 3658 iuxta
593 3591 731 3658 eandem
748 3590 837 3657 uiam
853 3587 957 3657 tendit
973 3589 1016 3656 ad
1032 3588 1149 3678 pirum,
1170 3589 1231 3657 sub

100 3727 162 3791 qua
179 3707 262 3772 sunt
278 3699 343 3766 due
358 3705 462 3784 mete;
491 3705 523 3765 et
539 3697 658 3765 abinde
674 3697 780 3765 tendit
795 3699 888 3764 iuxta
903 3701 1066 3782 stagnum,
1087 3697 1168 3765 etin
1184 3715 1233 3762 rn-

99 3813 173 3877 beto
190 3813 273 3877 snut
284 3803 347 3872 due
363 3809 467 3887 mete;
485 3801 604 3871 deinde
621 3801 678 3869 ubi
688 3801 762 3869 fons
777 3801 891 3870 ebullit
907 3803 968 3870 sub
984 3821 1065 3869 nuoe
1077 3809 1154 3870 suut
1170 3801 1233 3869 due

25 3937 26 3965 ¹
100 3925 201 4004 mete;
219 3920 254 3983 et
263 3908 385 3980 abinde
395 3907 499 3976 tandit
508 3907 551 3976 ad
561 3906 721 3994 quasdam
730 3909 873 3997 arbores,
885 3909 942 3977 ubi
953 3907 1094 3996 populus
1106 3913 1138 3976 et
1148 3909 1233 3993 tylia

100 4028 289 4097 sentinetur
303 4019 451 4107 superius
467 4018 590 4087 iontem
606 4023 727 4105 poutou
739 4014 834 4106 (lgy),
852 4023 884 4084 et
894 4023 969 4084 sunt
984 4015 1031 4082 ibi
1050 4016 1113 4084 due
1130 4024 1233 4103 mete;

100 4145 130 4203 et
143 4155 207 4224 per
219 4127 547 4216 eandamprediotam
557 4125 646 4193 uiam
662 4125 767 4195 eundo
778 4124 867 4193 eadit
879 4125 912 4192 in
923 4125 1059 4191 alteram
1078 4143 1232 4209 magnam

100 4245 201 4330 niam,
227 4256 294 4328 que
310 4237 371 4305 sub
388 4242 496 4304 monte
511 4233 583 4320 Nyr
599 4231 640 4300 de
657 4233 822 4318 Strigouio
848 4231 1000 4300 similiter
1016 4229 1109 4298 uadit
1127 4232 1160 4298 in
1175 4232 1236 4298 Bu·

101 4355 188 4438 dam,
219 4349 319 4418 etsie
345 4352 433 4413 terra
457 4342 560 4432 ipsius
584 4343 742 4430 Soomeyn
760 4341 896 4410 Comitis
921 4361 942 4408 a
964 4348 1051 4408 terra
1076 4339 1235 4428 sepedicti

101 4459 234 4530 bieolai
253 4459 318 4541 bys
334 4453 428 4522 metis
444 4459 476 4520 et
491 4450 640 4518 terminis
656 4447 876 4534 distinguitur.

103 4611 135 4658 uA
147 4600 329 4659 ksrssztesslr
341 4597 503 4665 ssatergami
526 4591 730 4662 konvontjdnslr
752 4607 916 4662 ugyunasou
938 4591 982 4644 dvi
1001 4587 1157 4655 btiratlbdl,
1171 4593 1238 4641 mint

285 4670 365 4724 sltbb
380 4671 439 4721 lul.
452 4685 488 4720 aa.
501 4683 533 4729 a,
547 4683 565 4718 a
576 4667 661 4719 budnl
673 4667 725 4718 lrir.
738 4667 861 4718 kamarai
874 4661 1064 4726 levdltdrbau.)

1012 4755 1078 4812 12*
