3122 5154
649 284 690 350 81

115 480 285 567 pctrocinio
311 479 515 550 roborantes.
541 481 662 548 Datum
677 481 806 588 lanuini
830 502 916 552 auno
941 485 984 550 ab
999 483 1232 600 lucarnacione

118 590 238 696 Domini
252 591 298 657 ll⁰
308 587 375 657 00⁰
385 587 548 658 Xllell.o

157 769 288 838 (llredetm
300 769 481 838 autuman,
500 772 613 839 melyrdl
625 787 656 824 aa
669 774 772 841 egylror
785 774 871 840 tuggo
883 771 975 840 peccet
988 769 1047 826 mdc
1059 771 1189 826 sirmate

367 877 386 914 a
397 861 595 928 paunonhalmi
606 859 751 930 fdapdtskg
763 858 972 928 levslrlrtban.)

538 1145 803 1158 -.-.-..-..-,...

645 1625 701 1694 53.

116 1808 216 1874 Ειιιιιο
230 1805 494 1894 orsadpbo'ro'uak,
519 1829 540 1869 a
556 1807 660 1871 nudor
676 1828 862 1894 upyaaazoc
885 1808 1090 1876 iatdekeddsdt
1111 1809 1238 1902 ιιιῃρω

504 1912 609 2000 leapyd
623 1916 734 1980 scotere.
752 1915 850 1980 1239.
954 2001 956 2006 Α

216 2109 365 2178 Andreas
392 2107 479 2175 filius
505 2107 701 2199 Seraphini
696 2105 792 2180 curre
816 2109 919 2196 Regio
934 2107 1087 2178 Judexe
1088 2111 1237 2222 tOomes

19 2229 20 2314 }
117 2222 156 2288 de
169 2222 275 2287 Posou
300 2217 452 2284 omnibus
467 2224 635 2302 presentes
651 2215 777 2282 litteras
793 2214 989 2308 inspecturis
1010 2221 1158 2290 salutem.
1184 2189 1238 2329 dd

19 2329 20 2416 ᾗ
118 2331 332 2397 uniuersorum
361 2332 430 2392 tam
455 2325 658 2411 presencium
684 2345 781 2408 quam
804 2323 982 2395 futurorum
997 2311 1144 2396 volumus
1169 2317 1239 2417 per·

117 2439 220 2504 uenire
236 2435 403 2516 noticiam,
428 2433 516 2518 quod
531 2453 604 2499 cum
619 2431 752 2516 quidam
768 2433 904 2503 clericus
919 2433 1037 2507 Pouka
1051 2437 1182 2521 nomine
1198 2436 1238 2502 de

119 2545 191 2610 villa
205 2545 343 2627 Kayaar
359 2539 523 2608 Abbatem
539 2539 651 2607 Sancti
666 2540 798 2606 Martini
818 2542 858 2608 de
872 2541 973 2609 Sacro
989 2544 1099 2610 Monte
1114 2543 1240 2612 Panno-

118 2653 165 2719 nie
180 2651 315 2718 citatum
330 2651 366 2716 in
391 2647 514 2714 domini
530 2647 629 2732 Regis
645 2647 782 2714 traxerit
796 2648 1013 2734 presenciam,
1040 2657 1237 2735 conquestus

118 2767 163 2827 cst
176 2760 335 2829 obiiciens
352 2756 471 2837 cidem,
487 2755 575 2838 quod
591 2761 710 2820 terram
721 2774 814 2821 suam
830 2762 862 2825 et
872 2776 1002 2826 suorum
1015 2764 1238 2846 cognatorum,

118 2869 273 2936 incudem
291 2865 372 2932 villa
387 2865 526 2946 Kayaar
548 2860 751 2947 existentem,
767 2862 926 2931 violenter
952 2872 985 2932 et
999 2866 1082 2952 citra
1100 2867 1157 2952 jus
1173 2867 1238 2934 sibi

19 2969 20 3054 ᾗ
121 2983 302 3064 usurpatam
316 2971 486 3051 detineret,
504 2977 597 3051 etse,
614 2966 739 3034 scilicet
752 2969 860 3055 ipsum
879 2971 1032 3057 Poucam,
1059 2978 1092 3040 et
1106 2974 1238 3043 damam

19 3135 20 3142 ι
118 3105 204 3152 suum
218 3083 306 3150 Pcua
321 3079 463 3165 nomine,
489 3097 550 3143 nec
565 3095 631 3142 non
646 3075 750 3162 ipsine
766 3086 933 3163 cognatos,
954 3100 1090 3165 quorum
1107 3085 1240 3152 nomina

118 3201 185 3260 sunt
199 3194 282 3260 hec:
299 3185 487 3269 Geruasius,
499 3184 639 3252 Michael
655 3190 687 3251 et
697 3185 907 3275 Laurentius,
918 3191 1078 3278 cumfilijs
1096 3192 1240 3276 ipsorum

19 3329 20 3374 ι
118 3310 224 3369 contra
234 3301 292 3386 jus
309 3298 344 3363 ιιι
367 3292 595 3362 libertinorum
614 3291 713 3358 vellet
735 3293 885 3378 redigere
908 3297 1161 3384 caritudinem,
1188 3319 1241 3366 vo

117 3408 220 3475 luntas
246 3411 357 3473 autem
383 3400 506 3470 domini
522 3398 622 3482 Regia
648 3406 681 3465 et
696 3401 947 3488 circumspeocio
973 3424 1106 3472 oausam
1127 3426 1240 3476 eorun-

118 3513 187 3581 dem
201 3521 315 3582 nostro
331 3505 495 3578 commisit
520 3504 663 3572 examini
678 3503 931 3574 discuciendam.
956 3511 1104 3580 Instante
1126 3513 1239 3598 itaque

119 3621 250 3688 termino
266 3625 301 3684 et
317 3617 375 3684 die
390 3609 620 3700 respondendi,
644 3612 792 3695 partibus
808 3633 917 3682 coram
934 3617 1028 3684 nobis
1044 3619 1239 3706 constitutis,

119 3729 250 3800 abbas
240 3747 308 3796 ram
324 3723 430 3792 dictus
446 3721 576 3807 litteras
591 3718 815 3810 priuilegiales
831 3723 984 3812 Dionysii
996 3726 1131 3796 (lomitis
1147 3729 1239 3796 Pala·

118 3842 173 3907 tini
197 3836 316 3914 attulit,
343 3837 375 3897 ct
399 3827 492 3894 nobis
519 3798 693 3919 manifeste
660 3831 938 3930 tpresentauit3
966 3852 1102 3916 quarum
1128 3841 1239 3937 tenore

120 3949 259 4034 inspecto
283 3937 514 4012 intelleximus,
542 3908 684 4032 Poucam
710 3935 945 4006 clericumvna
964 3921 1155 4010 cumfratre
1178 3961 1238 4009 suo

121 4063 152 4118 et
173 4049 322 4136 cognatis
352 4039 586 4132 prenominatis
615 4058 656 4106 ex
689 4043 830 4111 euidenti
864 4053 896 4111 et
926 4048 1074 4134 legitima
1103 4048 1242 4140 predicti

120 4159 255 4228 Abbatis
279 4148 559 4240 comprobacione,
587 4147 670 4214 sicut
686 4169 727 4216 ex
752 4152 876 4220 eisdem
899 4154 1016 4223 litteris
1039 4157 1155 4243 patuit,
1181 4179 1241 4252 per

120 4269 225 4335 omnia
248 4265 318 4334 fore
344 4258 547 4336 conuictum,
574 4261 829 4350 elmonasterio
853 4264 963 4330 Sancti
989 4266 1120 4334 Martini
1146 4267 1241 4344 simul

122 4396 189 4441 cum
203 4377 304 4440 trane
329 4375 363 4436 ct
378 4366 447 4433 suis
474 4362 623 4446 cognatis
649 4363 828 4436 iamdictis
852 4369 1076 4457 libertinorum
1102 4377 1241 4443 seruicio

124 4483 231 4550 merito
256 4480 437 4548 subiacere.
464 4473 533 4538 Nos
559 4469 659 4554 igitur
683 4473 801 4542 litteris
821 4477 962 4547 Palatini
988 4482 1133 4568 Comitis,
1159 4484 1244 4550 siout

125 4589 220 4674 decet,
235 4612 298 4659 non
314 4584 495 4664 obuiantes,
522 4577 581 4645 sed
598 4579 701 4666 ipsius
717 4603 887 4674 censuram
902 4591 1012 4659 debito
1028 4592 1142 4660 fauore
1158 4609 1244 4657 oom-
1320 4665 1321 4668 Ἴ

166 4721 447 4766 aerumnosarum.
468 4725 503 4734 -
523 4714 594 4749 nuru.
613 4707 645 4746 ιι.
1063 4707 1080 4759 6
