3198 5160
340 1041 471 1126 Spoloto
487 1047 581 1106 odros
595 1040 718 1125 frdzadpc
733 1062 790 1126 epp
807 1040 914 1103 aurosi
927 1039 1056 1102 molmot
1071 1039 1115 1102 od
1128 1040 1339 1105 lassontsbe.
1370 1039 1469 1103 1258.

447 1240 486 1304 In
502 1236 631 1304 nomine
646 1234 748 1301 eterni
766 1241 798 1301 ct
814 1234 931 1302 summi
948 1234 1010 1301 Dei
1027 1237 1142 1302 Amen.
1158 1235 1254 1303 Anno
1270 1237 1469 1306 incarnatio-

340 1345 393 1414 nis
417 1343 562 1410 eiusdem
587 1342 760 1408 millesimo
787 1341 1010 1408 ducentesimo
1041 1341 1312 1428 quinquagesimo
1339 1352 1468 1428 octavo,

341 1452 517 1522 indictione
541 1451 694 1534 secunda,
729 1449 828 1516 tertia
853 1448 980 1516 decima
1005 1449 1060 1516 die
1084 1451 1233 1517 exeuntis
1263 1453 1469 1520 Novembris.

339 1559 554 1651 Temporibus
586 1556 710 1626 domini
737 1555 868 1642 Rogerij
895 1555 1093 1624 venerabilis
1125 1557 1332 1644 spalatensis
1357 1561 1470 1627 Archi-

341 1671 506 1760 episcopi,
532 1668 653 1735 nobilis
680 1665 742 1732 viri
767 1664 928 1732 cuidonis
953 1665 1089 1731 Comitis
1115 1666 1230 1750 Veglie
1258 1667 1413 1734 llodruse
1439 1679 1471 1736 et

341 1777 494 1848 Vinodoli
511 1773 694 1859 Potestatis,
717 1775 813 1839 Srcze
830 1773 957 1857 Gazete,
976 1773 1126 1859 Gregorii
1142 1773 1255 1861 Grubi,
1277 1776 1388 1844 Dobre
1406 1779 1470 1844 Du·

340 1909 417 1956 sace
426 1887 598 1971 tadicum,
619 1881 814 1950 Laurentius
824 1878 946 1948 domini
956 1881 1133 1949 Potestatis
1153 1881 1315 1968 Vicarius,
1334 1885 1470 1953 Judices

342 2004 376 2064 et
390 1993 586 2078 consiliarii,
604 2012 662 2078 pro
679 1989 819 2056 utilitate
835 1996 868 2055 et
882 1991 1080 2058 necessitate
1099 1991 1196 2059 totius
1217 1993 1470 2062 communitatis

342 2102 558 2171 vendiderunt
567 2085 668 2166 Sabbi
677 2097 1001 2165 Trauaieiutrobitus
1012 2097 1269 2168 molendinorum
1279 2102 1356 2168 hinc
1367 2125 1468 2190 usque

342 2210 386 2278 ad
403 2209 556 2277 tredecim
574 2228 701 2274 menses
719 2204 866 2291 proximo
891 2215 1043 2274 uenturos
1059 2208 1149 2276 finito
1167 2210 1272 2295 pretio
1288 2217 1322 2276 et
1338 2215 1469 2300 precisa

344 2319 530 2388 uenditiooe
546 2325 773 2384 sexcentarum
789 2317 947 2383 librarum
963 2319 1170 2386 denariorum
1183 2341 1367 2406 paruorum,
1387 2341 1470 2406 quas

341 2429 444 2494 libras
469 2425 542 2512 ipse
567 2425 694 2492 soluere
721 2424 818 2490 debet
838 2426 1069 2492 Communitati
1095 2427 1181 2492 infra
1200 2427 1264 2494 hiis
1290 2427 1466 2514 mensibus,

342 2533 468 2600 scilicet
492 2533 525 2597 in
551 2532 696 2616 quolibet
727 2551 837 2596 meuse
862 2531 1101 2616 quinquaginta
1125 2534 1227 2601 libras
1259 2535 1468 2603 denariorum

341 2661 517 2730 paruorum
534 2639 696 2722 usquead
713 2639 842 2723 plenam
856 2641 1050 2706 solutionem
1069 2639 1287 2726 predictarum
1298 2643 1471 2727 librarum,

342 2771 414 2816 cum
430 2749 587 2816 bonorum
612 2767 741 2813 suorum
767 2747 968 2832 obligatione
985 2755 1017 2814 ct
1033 2750 1093 2815 snb
1110 2769 1196 2836 pena
1221 2749 1322 2836 dupli.
1343 2753 1469 2840 Molem

342 2857 507 2924 dinavero
524 2860 599 2921 sunt
613 2853 645 2919 in
656 2855 790 2936 Salona,
807 2855 841 2919 in
859 2856 978 2940 quibus
988 2857 1112 2924 molunt
1121 2862 1193 2924 octo
1210 2857 1304 2940 mole,
1322 2865 1354 2924 ct
1370 2857 1471 2925 debet

340 2965 511 3058 percipere
527 2961 633 3029 dictus
643 2963 753 3028 Sabbe
770 2983 792 3027 a
807 2964 1047 3032 macinantibus
1063 2965 1095 3031 in
1107 2967 1155 3031 eis
1172 2963 1342 3033 duodecim
1360 2973 1393 3032 et
1403 2987 1470 3034 non

341 3077 427 3164 plus.
444 3073 617 3160 Expensas
644 3079 751 3136 autem
768 3075 800 3134 et
824 3071 891 3137 alia
907 3074 1105 3157 necessaria,
1131 3057 1194 3155 que
1215 3073 1302 3138 circa
1318 3073 1469 3159 predicta

341 3183 528 3252 molendina
542 3178 723 3265 oportuerit
739 3177 856 3266 facere,
874 3179 915 3246 de
932 3200 990 3246 suo
1007 3179 1141 3266 proprio
1157 3180 1267 3246 facere
1292 3181 1469 3265 tenebitur,

341 3289 463 3376 etipsa
479 3286 666 3354 molendina
682 3284 717 3351 in
742 3288 853 3372 capite
879 3288 958 3353 anni
983 3289 1107 3354 reversi
1124 3308 1196 3354 cunr
1216 3289 1366 3356 omnibus
1393 3290 1470 3354 arti·

340 3399 417 3468 titiis
434 3403 467 3465 et
482 3393 677 3462 necessariis
702 3415 787 3462 sana
813 3395 899 3461 dicte
916 3395 1145 3462 Oommunitati
1172 3395 1264 3463 dabit
1288 3402 1321 3462 ct
1341 3395 1469 3482 reddet,

341 3512 477 3592 excepto
502 3503 529 3570 si
547 3503 634 3571 mola
660 3503 870 3590 frangeretur,
899 3524 997 3587 quam
1014 3525 1079 3572 non
1105 3511 1240 3588 mutare,
1267 3503 1325 3570 sed
1351 3512 1471 3590 aptare

339 3617 394 3684 vel
411 3633 567 3702 reparare
592 3611 761 3678 tenebitur.
786 3611 821 3678 Si
838 3612 958 3679 ferrum
975 3631 1052 3679 vero
1077 3611 1290 3698 frangeretur,
1318 3612 1469 3680 Commu-

339 3723 427 3792 nitas
453 3723 482 3788 ei
500 3741 540 3788 ex
565 3721 674 3806 gratia
690 3719 791 3786 alium
818 3719 1032 3786 accomodare
1057 3719 1211 3804 promisit.
1239 3718 1323 3786 Etsi
1347 3739 1470 3803 guerra

339 3831 446 3900 medio
462 3837 606 3917 tempore
622 3827 863 3916 supervenisset
879 3827 1119 3913 Communitati,
1137 3849 1235 3912 quam
1255 3827 1406 3896 homines
1424 3827 1467 3892 ad

339 3938 559 4008 molendinum
576 3939 623 4006 ire
638 3959 703 4007 non
720 3941 871 4024 possent,
888 3943 1044 4022 qnantum
1061 3937 1191 4003 durabit
1206 3937 1263 4004 ille
1274 3937 1380 4024 timor,
1398 3943 1467 4003 tan-

337 4053 406 4114 tum
432 4047 580 4134 predicta
604 4046 826 4114 Communitas
852 4053 998 4130 tempore
1022 4045 1115 4131 pacis
1141 4045 1305 4112 tenebitur
1328 4045 1466 4112 redinte-

338 4175 434 4240 grare
459 4159 491 4220 et
507 4161 689 4220 restaurare
705 4152 850 4238 predicto
874 4151 985 4219 Sabbi.
1013 4153 1097 4220 Etsi
1123 4154 1269 4222 latrones
1286 4153 1339 4221 vel
1363 4151 1466 4235 aliqui

338 4261 417 4328 mali
433 4259 579 4328 homines
596 4260 784 4328 molendina
800 4260 852 4326 uel
870 4259 975 4326 molas
993 4259 1191 4347 frangerent,
1211 4261 1362 4328 similiter
1378 4261 1468 4327 Gom-

338 4367 477 4436 munitas
492 4367 655 4435 tenebitur
671 4366 714 4434 de
731 4387 789 4434 suo
814 4365 944 4452 proprio
971 4385 1139 4452 reparare.
1163 4369 1281 4434 Actum
1297 4369 1331 4434 in
1348 4365 1467 4454 ospitio

338 4473 460 4538 domini
484 4475 662 4541 Potestatis
687 4475 721 4540 in
752 4475 924 4561 presencia
948 4473 1045 4541 Curie
1071 4483 1106 4542 et
1128 4475 1292 4544 Johannis
1318 4473 1466 4561 Cigaide,

338 4575 450 4646 Duimi
466 4579 620 4664 (lassarij,
636 4581 742 4647 lliche
758 4581 859 4648 bladii
877 4587 909 4648 et
925 4583 1067 4666 plurium
1083 4583 1231 4652 aliorum.
