3112 5148
96 529 175 576 nunc
185 515 220 574 et
236 507 346 592 quoad
356 505 479 573 uixerit
494 506 527 572 in
538 525 672 594 corpore
689 527 748 575 suc
758 515 877 592 portet.
894 507 1088 593 specialiter
1100 513 1219 593 autem,

95 637 161 683 cum
175 614 212 681 in
228 615 345 703 prelio,
363 613 453 697 quod
468 611 583 680 babuit
598 613 687 680 circa
701 620 814 701 portes
831 613 1025 698 maritimus,
1050 613 1222 683 traiectum

93 724 185 791 inerit
209 729 322 808 guttur
349 723 422 789 eius
451 720 565 809 inpetu
590 721 689 789 mccli
714 721 890 809 balistulis,
919 723 1051 808 signum
1075 722 1221 812 euidens,

93 831 242 918 quodibi
258 831 362 898 latere
377 850 442 896 nou
459 836 578 916 potest,
595 828 765 897 euidenter
780 829 928 918 predicat
944 831 1096 917 preconio
1113 831 1221 900 laudis

95 942 169 1009 cius.
184 941 226 1006 In
245 939 438 1006 memoriam
453 945 564 1021 ltaque
581 938 810 1024 multiplicium
828 940 1040 1008 seruiciorum
1061 941 1139 1026 eius,
1156 960 1222 1008 non

95 1059 197 1116 umen
225 1047 261 1112 in
281 1047 414 1133 plenam
439 1046 788 1131 recompensacionem,
815 1067 888 1113 cum
913 1047 1011 1131 longe
1035 1047 1142 1114 minus
1168 1049 1221 1130 sit,

96 1155 177 1238 quod
191 1155 224 1220 ei
251 1153 421 1232 offerimus
437 1154 472 1218 in
486 1153 643 1238 presenti,
670 1173 767 1238 quam
785 1152 872 1238 quod
895 1156 940 1221 ab
957 1175 995 1222 eo
1019 1156 1221 1241 suscepimus

95 1260 263 1330 indecidue
290 1259 483 1328 liddclitatis
499 1279 539 1326 ac
555 1261 769 1328 eminencium
785 1260 997 1329 seruiciorum
1022 1265 1140 1331 merito
1158 1264 1219 1331 ire

94 1377 258 1456 quentata,
275 1367 439 1451 quasdam
456 1367 683 1455 possessiones
700 1369 826 1453 Destyn
844 1370 916 1436 sine
931 1370 1050 1438 herede
1067 1370 1220 1456 defuncti,

95 1479 263 1566 empticius
290 1487 325 1545 et
340 1478 427 1544 iusto
444 1477 510 1546 alio
527 1479 621 1546 titulo
638 1477 826 1562 acquisitus,
854 1497 916 1560 que
934 1479 1110 1548 secundum
1127 1499 1220 1565 apro-

94 1590 199 1655 batam
215 1586 326 1670 Regni
342 1585 444 1654 nostri
461 1585 729 1653 consuetudinem
746 1585 790 1652 ad
805 1607 922 1653 munus
945 1595 1076 1653 nostras
1091 1586 1221 1654 lucrant

96 1695 255 1777 deuolute,
281 1692 437 1759 videlicet
460 1694 594 1760 Vrbona
619 1693 652 1760 in
667 1694 875 1780 symigiensi,
903 1701 936 1760 et
958 1695 1077 1760 Horost
1101 1693 1136 1760 in
1151 1693 1220 1761 Ori·

95 1801 187 1868 sieusi
204 1797 425 1865 comitatibus
451 1799 638 1880 existentes,
666 1804 760 1886 prout
775 1800 819 1865 ad
835 1800 941 1887 ipsum
957 1800 1127 1866 Destinum
1152 1819 1221 1886 per·

95 1909 252 1990 linebant,
280 1905 488 1991 bereditarijs
506 1913 614 1972 tannen
640 1907 902 1992 possessionibus
918 1906 1063 1974 ciusdem
1077 1908 1220 1993 Destyni

95 2015 241 2101 mgnatis
257 2013 327 2079 suis
344 2013 486 2098 relictis,
505 2020 537 2080 et
552 2012 719 2096 quandam
735 2014 871 2081 terciam
888 2015 1130 2100 possessionem
1141 2016 1220 2083 Obe-

96 2121 279 2191 rcoaburdu
298 2120 430 2188 nominc
445 2121 479 2188 in
496 2120 659 2190 Comitutu
676 2113 831 2190 Orisiensi
852 2124 1054 2209 existentem,
1081 2143 1143 2207 que
1159 2122 1220 2190 luit

95 2231 173 2297 Petlx
188 2229 281 2296 calm
297 2227 481 2312 Orisiensis,
499 2235 532 2295 et
545 2229 617 2315 ipsc
633 2229 762 2297 sublato
778 2229 819 2296 de
835 2231 952 2314 medio,
975 2231 1092 2298 cumei
1110 2231 1219 2298 nullus

95 2357 263 2406 successor
278 2335 445 2419 legitimus
461 2337 684 2420 remansisset,
701 2337 746 2404 ad
761 2357 876 2405 manus
892 2345 1021 2406 nostras
1042 2338 1134 2402 iuxta
1149 2357 1221 2422 pre·

95 2453 212 2512 uem
239 2443 511 2511 consuetudinem
533 2444 641 2510 iuerat
666 2444 829 2523 deuolute,
862 2463 1054 2530 quocunque
1078 2443 1219 2528 nominc,

95 2555 162 2618 siue
174 2549 377 2618 hereditario
387 2553 474 2636 jure,
500 2551 570 2619 siue
585 2571 607 2617 a
624 2558 731 2620 castro
745 2561 936 2638 exemptam
961 2553 1049 2638 prius
1069 2549 1221 2638 posscde-

95 2667 160 2744 ηις
176 2679 293 2728 omnes
312 2666 423 2726 autem
440 2659 544 2728 dictus
561 2667 628 2726 tres
643 2663 870 2745 possessiones
897 2680 970 2726 cum
986 2660 1122 2727 collecta
1139 2675 1222 2725 mar·

94 2769 274 2835 turinarum
301 2775 423 2834 etcum
448 2767 598 2836 omnibus
624 2769 811 2855 attinencijs
829 2776 861 2835 et
877 2768 1069 2835 utilitatibus
1094 2785 1219 2851 eurum,

94 2875 199 2942 eidem
214 2875 379 2959 Dyonisic
395 2875 488 2943 Bano
513 2885 546 2943 et
561 2876 645 2943 Duci
671 2875 776 2944 tocius
801 2875 984 2960 Selaucnie,
1012 2883 1044 2942 et
1069 2895 1128 2961 per
1146 2895 1220 2942 eum

95 2981 161 3048 suis
176 2981 356 3049 heredibus
385 2983 603 3066 heredumque
619 2984 860 3051 successoribus
887 2985 921 3050 in
936 2989 1125 3070 perpetuum
1149 3003 1223 3048 con·

92 3090 223 3157 tulimus
239 3097 274 3156 et
288 3088 494 3157 donauimus.
520 3091 759 3178 Exprimentes,
785 3092 873 3176 quod
889 3092 1077 3159 collectores
1102 3097 1222 3158 murtu-

92 3201 308 3284 rinarumpcr
318 3197 445 3265 Bunum
458 3199 528 3266 siue
540 3201 664 3266 Ducem
684 3201 869 3285 quicunque
879 3220 939 3286 pro
950 3206 1095 3286 tempore
1105 3199 1224 3267 fuerint

92 3306 271 3390 constituti,
301 3305 342 3373 de
359 3305 579 3393 percipiendis
606 3308 795 3375 marturinis
821 3328 935 3375 eurum
951 3328 986 3376 sc
1010 3307 1224 3375 intromittere

93 3436 155 3483 uon
171 3420 375 3500 presumunt.
394 3415 618 3483 Possessionis
635 3415 734 3502 igitur
748 3417 885 3501 Destyn,
903 3435 966 3499 que
982 3416 1114 3482 Vrbona
1128 3433 1223 3482 voea-

92 3531 152 3609 tur,
178 3529 281 3610 prout
297 3543 356 3608 per
372 3523 551 3590 Pctkonem
567 3523 669 3592 lilium
685 3525 804 3590 chhk
820 3525 861 3590 de
886 3545 1004 3608 genere
1020 3521 1221 3609 Kamancba‚

92 3630 208 3713 quide
225 3630 382 3698 mandato
401 3637 510 3698 nostro
525 3633 634 3718 ipsum
650 3632 684 3698 in
701 3632 839 3698 eandem
859 3631 1103 3718 possessionem
1126 3632 1222 3699 intro-

93 3739 194 3822 duxit,
224 3737 459 3824 cogucuimus;
486 3739 593 3827 prima
616 3747 704 3805 meta
719 3739 835 3826 incipit
860 3741 903 3806 ub
920 3739 1045 3806 oriente
1071 3741 1163 3806 iuxta
1180 3739 1224 3804 ri-

91 3865 188 3912 neam
198 3844 311 3913 Glcdlr
328 3847 391 3912 sub
407 3846 487 3930 piru,
504 3854 539 3914 et
553 3846 694 3912 tenendo
705 3851 809 3912 metas
826 3865 898 3912 cum
911 3851 999 3912 terra
1015 3847 1114 3911 castri
1128 3845 1225 3911 (ihes-

93 3953 202 4020 miebe
219 3949 312 4018 cudit
327 3971 466 4037 paruum
483 3954 652 4020 invallem
669 3953 713 4019 ud
727 3953 826 4040 viam,
855 3973 918 4037 quc
932 3954 1031 4019 intrat
1046 3952 1174 4036 siluam,
1193 3958 1225 4018 et

91 4062 136 4127 ibi
152 4061 216 4126 sub
234 4058 314 4142 iugc
331 4067 380 4126 est
397 4065 503 4146 mctu;
520 4068 553 4126 et
568 4080 627 4148 per
643 4059 779 4126 eandem
796 4059 883 4124 viam
900 4059 1015 4126 uansit
1031 4059 1148 4126 siluam
1166 4079 1225 4145 per

91 4175 219 4237 terreas
236 4176 341 4234 metas
357 4176 389 4236 et
404 4169 542 4237 arbores
567 4171 670 4238 crucis
687 4171 780 4255 signo
797 4175 939 4255 notatas,
965 4175 996 4234 et
1012 4168 1161 4256 peruenit
1182 4168 1226 4235 ad

90 4282 215 4342 terram
232 4274 372 4342 liliorum
388 4273 531 4362 Nudibu,
560 4285 593 4344 et
608 4276 749 4343 tenendo
773 4283 878 4342 metus
895 4295 968 4342 eum
994 4275 1117 4344 eisdem
1135 4277 1226 4344 iuxta

90 4383 226 4467 siluam,
252 4380 345 4448 vadit
360 4401 475 4450 versus
491 4381 656 4450 meridiem
673 4381 716 4450 ud
734 4388 876 4450 montem
892 4383 1002 4471 Ocpel,
1026 4384 1081 4450 vbi
1098 4384 1158 4452 sub
1175 4405 1225 4453 cc-

90 4511 168 4556 raso
196 4497 276 4556 sunt
291 4496 397 4570 mctc;
423 4489 500 4556 hinc
523 4490 754 4558 descendendo
774 4491 816 4557 ed
833 4497 934 4577 caput
960 4492 1128 4559 cuiusdam
1153 4493 1226 4577 riui,

90 4598 146 4680 qui
162 4595 337 4680 wlgaritcr
351 4595 504 4681 Pelgrina
520 4598 718 4680 nominatur,
743 4597 798 4664 vbi
814 4605 985 4683 separatur
1000 4619 1021 4664 a
1036 4604 1123 4665 terra
1141 4599 1221 4665 lilio-
