3112 5148
599 881 674 949 126.

78 1065 126 1128 ll'.
153 1066 230 1130 Belo
254 1065 419 1150 lirar'lpnal·
446 1065 537 1150 Krrup
563 1063 692 1129 birtolrcit
717 1065 867 1150 tcirppouo'
892 1063 1069 1149 adomtopo
1101 1061 1198 1126 Bolol·

499 1177 652 1237 sanatura.
671 1172 766 1236 1245.

10 1441 11 1448 χ
176 1369 259 1435 Bela
285 1367 346 1433 Dei
372 1367 488 1451 gracia
513 1367 690 1452 Hungarie,
718 1367 899 1450 Dalmacie,
917 1366 1067 1449 Oroacie,
1084 1369 1197 1448 Reme,

75 1479 191 1560 scruta,
210 1477 359 1562 Gallicie,
379 1477 577 1560 Ludomerie,
600 1474 1198 1562 GumaniequeRexomnibusOhristi

10 1641 11 1666 p
75 1585 221 1651 fidelibus
247 1584 402 1671 paginam
419 1591 602 1670 presentem
628 1585 822 1670 inspecturis
838 1585 979 1650 salutem
995 1586 1028 1650 in
1046 1583 1197 1650 Domino.

10 1667 12 1800 l
78 1691 160 1758 Licet
176 1693 313 1776 Regalis
330 1691 551 1760 munificcnoie
577 1691 763 1776 benignitas
785 1692 828 1758 ad
844 1693 1005 1775 quoslihet
1023 1711 1119 1756 manu
1135 1690 1192 1756 lar·

10 1803 12 1896 l
76 1799 170 1882 gilius
194 1799 319 1865 hahere
344 1819 381 1866 se
406 1799 534 1883 debeat,
560 1799 635 1866 illos
650 1805 761 1866 tamen
788 1799 947 1866 uberioris
973 1807 1004 1864 et
1029 1797 1197 1884 amplioris

75 1906 178 1990 gracie
189 1905 350 1974 beneficio
367 1906 538 1984 conlocare
549 1913 676 1974 tenetur
691 1913 724 1973 et
733 1907 897 1992 amplecti,
914 1928 973 1991 pro
990 1906 1106 1989 quibus
1120 1905 1197 1970 mul·

10 2023 11 2110 p
75 2013 219 2098 tiplicata
235 2012 375 2078 seruicia
399 2013 533 2098 propria
548 2013 761 2082 intercedunt.
788 2013 872 2080 Hinc
889 2021 948 2097 est,
969 2012 1054 2098 quod
1072 2013 1114 2078 ad
1131 2011 1196 2078 urri-

77 2140 241 2186 uersorum
272 2121 474 2206 presencium
501 2129 533 2186 et
563 2130 764 2207 posterorum
791 2121 945 2188 noticiam
971 2121 1084 2186 harum
1112 2121 1197 2188 serie

77 2231 220 2294 uolumus
247 2228 437 2312 peruenire;
464 2227 551 2312 quod
576 2248 648 2295 cum
672 2228 776 2296 fidelis
795 2236 906 2296 noster
922 2227 1025 2298 Boloh
1050 2249 1072 2296 a
1098 2229 1197 2294 multo

74 2346 216 2422 tempore
226 2335 321 2404 nobis
337 2333 477 2402 fideliter
487 2336 685 2418 seminicem,
713 2343 744 2402 et
764 2337 848 2403 idem
858 2337 986 2421 copiam
998 2343 1083 2402 terre
1099 2357 1135 2401 se
1152 2335 1198 2400 di-

74 2454 228 2514 ceretnon
243 2445 383 2528 habere;
401 2463 469 2526 nos,
480 2444 597 2529 quibus
608 2464 648 2510 ex
659 2444 764 2512 officio
775 2445 877 2530 Regie
888 2444 1056 2527 dignitatis
1073 2445 1193 2510 incum-

76 2557 116 2621 bit
135 2554 257 2620 merita
272 2553 379 2620 metiri
398 2553 609 2639 singulorum,
636 2561 669 2620 et
684 2553 823 2636 singulis
840 2575 899 2640 pro
917 2553 1040 2618 meritis
1066 2573 1197 2638 respon·

76 2661 157 2745 dere,
185 2670 222 2726 ut
238 2661 309 2746 ipse
326 2660 369 2726 ad
386 2655 497 2726 nostra
515 2661 662 2728 seruicia
685 2661 796 2746 apcior
822 2660 863 2727 de
879 2667 986 2726 cetero
1013 2659 1196 2744 haberetur,

75 2781 188 2834 terram
206 2768 374 2851 quandam
387 2768 486 2852 Kuuy
501 2769 640 2852 nomine,
658 2786 720 2853 que
735 2767 842 2833 iuerat
857 2775 944 2832 terra
961 2770 1058 2832 castri
1076 2766 1117 2834 de
1134 2765 1194 2832 Gu-

75 2897 148 2962 nur,
174 2879 209 2942 in
227 2877 337 2942 medio
354 2883 439 2942 terre
464 2874 609 2942 eiusdem
635 2875 740 2944 fidelis
757 2876 859 2943 nostri
875 2875 980 2944 Bolok
1004 2877 1199 2944 hereditarie

76 2986 277 3070 existentem,
305 2985 369 3052 sibi
387 2991 419 3050 et
436 3003 493 3070 per
519 3005 592 3050 eum
609 2985 676 3052 suis
701 2983 875 3051 heredibus
896 2983 1114 3070 heredumque
1130 2991 1198 3052 sue·

77 3093 258 3162 censoribus
276 3091 470 3159 contulimus
488 3100 519 3161 et
535 3091 730 3159 conferimus
746 3092 778 3158 in
796 3100 985 3178 perpetuum
1006 3093 1102 3178 pleno
1118 3094 1197 3159 iure.

74 3201 103 3265 ln
130 3200 226 3266 euius
251 3207 336 3266 terre
361 3201 601 3285 possessionem
625 3201 827 3288 corporalem
854 3200 959 3286 ipsum
984 3198 1195 3286 perfidelem

73 3318 215 3375 noenum
226 3307 397 3374 Alhertum
413 3309 617 3395 Propositum
635 3307 676 3374 de
690 3308 772 3376 Jazo
795 3308 991 3374 authoritate
1007 3309 1110 3391 Regia
1125 3307 1198 3375 feci-

74 3437 140 3482 mus
157 3413 333 3482 introduci.
359 3417 444 3484 Mete
461 3423 570 3484 autem
596 3413 682 3484 dicte
699 3425 793 3499 terre,
819 3423 913 3501 prout
938 3416 1023 3482 idem
1044 3415 1198 3482 Albertus

74 3522 263 3610 Prepesitus
278 3523 372 3590 nobis
388 3523 466 3590 uiua
482 3544 562 3590 uoce
578 3525 697 3608 retulit,
716 3533 748 3590 et
764 3525 946 3592 litterarum
964 3544 1094 3591 suarum
1112 3525 1198 3592 testi·

74 3632 178 3696 monio
195 3629 446 3716 demonstrauit,
462 3631 574 3698 taliter
592 3631 832 3717 distinguntur:
848 3632 958 3698 Prima
974 3638 1061 3699 meta
1076 3638 1126 3700 est
1143 3633 1198 3698 llu-

75 3737 140 3804 uius
157 3739 255 3821 Ssar,
284 3739 340 3823 qui
356 3738 456 3805 oritur
473 3739 513 3805 de
528 3741 648 3828 Sopor,
674 3745 706 3806 et
721 3738 813 3806 uadit
829 3740 871 3805 ad
892 3741 1055 3824 quandam
1080 3751 1199 3810 terram

74 3847 200 3913 nomine
218 3845 379 3930 Genicha,
405 3847 496 3915 euius
512 3868 590 3935 pars
615 3849 748 3918 sinistra
768 3857 852 3916 terre
869 3849 973 3918 Rolok
998 3850 1137 3936 pertinet
1156 3849 1198 3914 ad

75 3953 186 4038 Bcloh,
204 3955 323 4020 dextra
338 3975 415 4040 pars
430 3957 532 4042 Regi3
556 3957 633 4024 inde
650 3958 740 4023 uadit
757 3956 801 4023 ad
817 3956 1012 4044 particulam
1029 3954 1197 4023 cuiusdam

73 4063 163 4148 silue,
179 4082 246 4147 qne
263 4063 349 4148 wigo
366 4062 483 4130 dicitur
501 4067 696 4150 arumnoroar,
713 4071 745 4131 et
760 4063 908 4151 peruenit
925 4063 968 4129 ad
986 4063 1067 4130 duas
1084 4073 1199 4149 metas,

74 4169 101 4234 in
126 4172 248 4254 quihus
264 4169 329 4236 due
355 4178 431 4238 sunt
446 4171 590 4256 arbores,
618 4172 707 4240 cuius
728 4192 804 4259 pars
829 4171 964 4242 sinistra
988 4177 1073 4238 terre
1094 4171 1200 4239 Bolok

75 4277 282 4364 hereditaria,
300 4279 416 4345 dextra
427 4297 503 4346 uero
521 4280 664 4347 eiusdem
681 4301 702 4348 a
718 4282 808 4366 Rege
825 4281 963 4367 collata;
981 4287 1013 4346 et
1028 4277 1104 4346 inde
1114 4277 1201 4364 girat

75 4387 239 4454 inmedia
264 4393 361 4473 parte
387 4407 498 4454 nemus
524 4387 698 4472 quoddam,
726 4397 759 4456 et
783 4390 934 4474 peruenit
959 4389 1002 4456 ad
1018 4388 1100 4455 duas
1127 4387 1200 4456 uias

76 4515 207 4581 magnas
227 4495 270 4560 ad
298 4512 453 4576 magnum
479 4496 621 4582 lapidem
647 4497 780 4582 planum
797 4497 913 4576 nimis;
941 4496 1018 4561 inde
1039 4515 1115 4561 uero
1142 4515 1201 4579 per

74 4605 185 4670 uallem
203 4606 359 4670 Karnana
375 4602 479 4668 tendit
494 4603 526 4668 in
544 4604 599 4668 uia
614 4603 759 4690 modioe;
782 4612 814 4672 ct
829 4605 903 4669 imlc
919 4623 977 4692 per
995 4603 1114 4668 dir-tam
1132 4604 1200 4670 uab

111 4739 215 4777 rrum.
232 4736 317 4776 nuno.
335 4735 405 4773 urar.
427 4748 462 4756 -
484 4739 554 4774 nuru.
577 4731 610 4769 21,
1002 4721 1039 4775 13
