3148 5156
616 317 772 418 Ατ-

140 517 329 584 ridionalem
346 518 479 604 plagam
494 515 528 582 in
544 515 642 582 firmio
659 514 794 602 Ruieha,
819 501 968 582 et'tendit
985 515 1027 582 ad
1045 513 1255 596 oooidentem,

140 625 188 690 rbi
204 633 255 694 est
271 633 359 693 meta
368 635 475 693 terrea
490 624 523 690 in
539 625 627 710 tilia;
648 625 723 692 inde
738 622 782 690 ad
797 623 895 690 aliam
905 623 1028 709 tiliam3
1046 621 1123 690 inde
1138 640 1253 689 versus

138 733 330 801 ouuidentem
345 733 390 802 ad
406 735 554 801 arborem
571 735 631 820 apl,
648 733 789 816 subque
806 739 855 799 est
872 739 957 798 meta
972 739 1097 816 terrea,
1116 730 1192 796 inde
1209 729 1252 796 ad

140 843 281 910 arborem
297 867 379 932 equor
386 871 400 921 ;
416 843 490 909 inde
505 841 548 908 ad
563 841 728 926 quandam
745 842 831 907 viam
843 840 885 907 ad
902 841 1031 926 epurso,
1048 839 1108 906 sub
1124 845 1255 924 quaest

139 957 220 1018 meta
235 957 362 1038 terrea,
379 951 583 1018 inderemus
600 949 765 1016 meridiem
782 947 825 1014 ad
842 949 1008 1033 angulum,
1029 949 1085 1014 vbi
1101 953 1150 1016 est
1167 953 1252 1016 nota

138 1060 194 1126 sub
209 1059 328 1129 arbore
343 1061 480 1148 epup‘a3
499 1059 574 1126 iude
586 1078 696 1125 versus
712 1033 911 1126 occidentem
923 1057 966 1124 ad
980 1056 1113 1123 fluuium
1125 1056 1252 1142 Velilra,

137 1175 168 1234 et
181 1168 226 1233 ibi
243 1175 295 1236 est
311 1175 397 1236 meta
408 1169 468 1236 sub
484 1186 592 1254 pomo,
609 1168 718 1252 ibique
735 1173 975 1233 commetauens
992 1173 1041 1232 est
1057 1167 1203 1248 Mortuo,
1220 1167 1252 1232 in

137 1277 246 1344 eodem
263 1278 362 1346 fluuio
379 1279 496 1345 Velilra
512 1277 614 1345 tendit
629 1277 672 1344 ad
688 1285 813 1362 partem
829 1277 1149 1363 septemtrionalem
1175 1275 1252 1342 iude

136 1387 280 1472 peruenit
294 1385 338 1453 ad
354 1386 517 1472 angulum,
537 1386 592 1452 vbi
607 1386 668 1452 sub
684 1407 780 1474 pomo
790 1391 841 1452 est
856 1393 942 1452 meta
957 1395 1082 1471 terrea;
1100 1385 1176 1453 inde
1193 1403 1252 1472 per

139 1515 288 1579 maguam
304 1493 393 1562 uiam
404 1494 508 1562 tendit
524 1495 742 1576 adorientem,
760 1503 791 1560 et
807 1496 953 1582 pervenit
969 1495 1011 1562 ad
1027 1493 1160 1562 fluuium
1170 1497 1253 1580 Ruy-

137 1603 204 1688 oba,
221 1603 334 1688 ibique
349 1610 399 1672 est
414 1609 511 1688 meta,
537 1603 687 1670 attendit
703 1603 746 1669 ad
772 1604 910 1689 priorem
927 1609 1055 1690 metam,
1081 1610 1114 1669 ot
1130 1609 1252 1672 oonter-

136 1712 276 1779 minatur
291 1732 420 1799 semper
436 1712 512 1780 ville
527 1712 588 1780 lori
605 1713 645 1780 de
661 1713 797 1796 Ruieha,
822 1711 932 1796 ibique
949 1715 1146 1781 terminatur.
1171 1715 1252 1780 Item

138 1827 218 1888 mate
234 1828 324 1888 terre
338 1821 479 1906 Margya
495 1827 527 1886 et
543 1819 698 1888 Gardoua
714 1821 851 1889 liliorum
867 1823 976 1908 Dotyn
995 1820 1179 1907 diriguntur
1193 1822 1252 1887 tali

136 1927 228 1997 modo
247 1951 256 1992 z
272 1929 381 1996 Prima
397 1935 484 1996 meta
499 1929 612 2017 inoipit
627 1930 669 1996 ab
686 1929 854 1998 occidente
870 1929 903 1996 in
920 1929 1019 1998 fluuio
1029 1929 1177 2016 Konalra,
1197 1929 1252 1996 vbi

138 2037 260 2105 riuulns
274 2039 374 2124 Snlyo
401 2038 490 2105 eadit
505 2037 539 2104 in
555 2037 662 2124 ipsam
678 2038 835 2125 Koanka,
856 2025 937 2107 ¹iude
953 2060 1010 2126 per
1026 2039 1131 2127 ipsum
1151 2039 1252 2125 Sulyo

138 2143 178 2212 ad
192 2146 380 2230 aquilonem
406 2147 511 2214 eundo
528 2147 661 2214 inbono
688 2147 800 2234 spaeio
817 2147 965 2234 peruenit
990 2147 1031 2214 ad
1056 2149 1172 2234 locum,
1198 2149 1253 2216 vbi

138 2254 218 2322 alter
242 2253 368 2321 riuulus
394 2255 550 2322 Teatenilr
576 2256 665 2322 eadit
689 2255 722 2321 in
748 2256 782 2322 in
798 2255 905 2342 ipsum
930 2255 1067 2342 Sulooh3
1094 2256 1168 2324 inde
1193 2277 1252 2342 per

137 2363 241 2449 ipsum
250 2361 426 2430 'leratenik
441 2363 475 2429 in
488 2363 614 2432 modieo
626 2365 738 2451 spacio
755 2362 859 2432 eundo
870 2363 957 2432 venit
966 2383 1067 2450 penes
1077 2363 1251 2432 leobmene

137 2471 176 2536 ab
192 2469 381 2556 oeeidente3
398 2468 474 2537 inde
490 2471 598 2558 pergit
613 2481 645 2540 et
661 2471 749 2539 venit
765 2471 809 2537 ad
824 2472 954 2539 dumum
970 2475 1115 2558 requeoie,
1131 2469 1172 2536 de
1188 2491 1252 2556 quo

136 2597 270 2664 paruum
288 2578 394 2646 eundo
410 2578 500 2646 venit
515 2579 559 2646 ad
575 2587 673 2665 eaput
683 2577 851 2647 cuiusdam
866 2578 966 2666 putei,
983 2577 1023 2644 de
1040 2599 1102 2663 quo
1119 2577 1252 2646 diuertit

136 2685 177 2754 ad
191 2689 358 2772 orientem,
374 2693 407 2752 et
422 2685 566 2772 proaedit
581 2707 640 2773 per
654 2688 727 2754 looa
742 2687 910 2774 spinarum
926 2685 959 2753 in
977 2687 1061 2755 bono
1078 2685 1201 2773 spaeio,
1219 2695 1252 2754 et

137 2793 223 2862 eadit
238 2794 282 2861 ad
307 2813 443 2880 paruam
459 2793 677 2881 Konuehioha,
702 2813 872 2881 perquam
898 2794 1005 2880 pergit
1021 2794 1064 2861 orl
1086 2791 1252 2861 meridiem

137 2903 281 2988 inlongo
297 2902 418 2989 spacio,
436 2901 490 2968 vbi
505 2921 606 2988 prope
616 2903 783 2970 Kouskam
800 2922 952 2986 magnam
970 2902 1102 2971 diuertit
1116 2923 1252 2990 paruum

137 3009 362 3096 adorientem,
379 3015 412 3077 et
426 3009 514 3077 eadit
528 3031 588 3098 per
604 3031 732 3078 oursum
748 3010 851 3097 ipsius
867 3011 964 3077 riuuli
984 3011 1120 3078 Konnlra
1135 3012 1167 3078 iu
1187 3035 1253 3080 ma-

138 3139 234 3204 guam
250 3119 433 3217 Konalram,
458 3138 516 3206 per·
532 3139 629 3202 quam
654 3119 687 3186 in
705 3121 802 3204 longo
828 3119 939 3205 spaeio
965 3119 1069 3186 eundo
1097 3120 1186 3187 uadit
1209 3123 1252 3188 ad

136 3225 276 3314 priorem
292 3233 423 3312 metam,
440 3233 472 3293 et
486 3227 533 3293 ibi
548 3226 747 3294 terminatur.
765 3229 801 3292 In
819 3226 909 3294 euius
925 3227 973 3294 rei
988 3227 1201 3297 stabilitatem
1217 3231 1251 3297 in

139 3341 361 3422 argumentum
376 3335 542 3422 amplioris
558 3335 633 3402 fidei
657 3335 701 3402 ad
716 3335 911 3403 instaneiam
927 3337 1075 3422 superius
1094 3337 1251 3408 dictorum

138 3446 287 3529 virorum,
304 3450 338 3512 et
352 3442 510 3513 lobannis
527 3443 584 3529 filij
601 3443 760 3530 Vrbanus,
777 3443 919 3528 Dragos,
942 3444 1087 3530 Porehie,
1106 3445 1250 3531 Vydosa,

139 3555 279 3640 llergye,
296 3557 330 3620 et
344 3549 500 3620 Gordoba
516 3551 640 3618 litteras
657 3559 823 3638 presentes
849 3551 958 3636 sigillo
975 3557 1084 3620 nostro
1109 3554 1249 3622 munitas

53 3737 56 3746 Ι
141 3661 286 3730 duximus
310 3659 543 3728 concedendas.
568 3661 689 3727 Datum
713 3679 798 3726 auno
815 3657 982 3726 Dominiee
1008 3661 1249 3730 lnearnauiouis

141 3770 181 3835 ll⁰
190 3771 409 3839 ducentesimo
419 3770 687 3856 quinquagesimo
704 3759 824 3853 quinto.

145 3969 270 4032 tllradutie
283 3968 455 4038 blirhbrtyln,
470 3967 606 4024 abtnnalr
619 3967 693 4021 leber
703 3966 930 4036 selyemasinbron
943 3968 1027 4034 tuggo
1040 3967 1156 4034 pmutrjo
1170 3969 1247 4032 alatt,

438 4061 550 4112 abudai
562 4061 613 4112 luia.
627 4061 749 4112 kamarai
763 4055 949 4125 levtlttrban.)

564 4349 825 4370 Μ
