3134 5158
825 280 975 382 „ru

345 478 485 548 Gozonis
503 481 611 546 dilecti
636 480 739 546 nostri
756 480 836 548 oivis
852 479 1045 565 Aunoniani,
1070 479 1200 546 nomine
1217 481 1321 568 ipsius
1337 480 1388 547 sui
1405 480 1468 544 riri

342 590 438 676 plene
453 589 680 673 deliberantes,
702 610 765 675 que
780 590 911 676 petebat
926 591 991 657 sibi
1006 609 1066 676 pro
1081 587 1167 656 dieto
1184 609 1243 658 suo
1258 589 1340 674 viro,
1360 595 1393 655 et
1409 609 1469 673 per

341 717 414 764 enm
439 697 532 763 fratri
558 698 608 764 sui
633 698 694 763 viri
721 698 885 765 licentiam
911 699 1036 765 exiberi
1061 715 1120 784 per
1145 719 1205 766 nos
1231 705 1264 765 et
1288 697 1468 764 Commune

341 805 474 872 Aneone
498 815 692 890 nostrosque
717 827 929 890 successoros,
957 806 1120 894 sapiendi,
1145 804 1408 893 reprehendendi
1434 811 1469 870 et

342 913 570 981 manutenendi
596 915 637 980 do
661 915 756 982 bonis
773 921 805 981 et
831 915 927 981 rebus
943 915 1108 982 hominurn
1127 915 1271 999 Rugusie
1297 933 1400 996 nsque
1424 913 1469 978 ad

342 1027 555 1108 quantitatem
581 1024 789 1110 septuaginta
815 1024 971 1090 librarum
988 1023 1266 1094 Anconitauarum
1290 1043 1349 1108 pro
1366 1023 1467 1088 rebus

341 1132 460 1198 ablatis
477 1132 564 1199 dioto
580 1133 725 1200 Mattheo
741 1152 799 1199 suo
816 1133 884 1198 viro
901 1134 934 1198 in
950 1134 1099 1199 hannone
1116 1131 1185 1197 sive
1204 1149 1289 1196 nave
1303 1129 1410 1215 Sergii
1426 1131 1469 1194 de

341 1240 489 1324 Ragonio
504 1239 592 1325 apud
615 1249 744 1327 portum
761 1243 993 1325 Inganatorum
1010 1259 1031 1305 a
1046 1238 1163 1326 piratis
1187 1239 1249 1304 sub
1265 1237 1468 1325 protentione

342 1355 375 1414 et
399 1349 605 1418 fraudelenta
631 1351 811 1434 oooasione‚
843 1351 918 1419 dolo
944 1357 976 1416 et
1001 1349 1242 1418 machinatione
1270 1347 1422 1415 adhibita
1448 1368 1469 1413 a

341 1457 567 1542 prenominato
583 1457 697 1543 Sergio
713 1463 745 1524 et
760 1457 859 1524 sooiis
876 1475 934 1523 seu
959 1455 1145 1524 marinariis
1161 1458 1203 1522 de
1221 1455 1370 1542 Ragnsia
1385 1456 1467 1522 dieti

340 1564 497 1632 bannonis
523 1586 581 1633 seu
607 1567 711 1651 navis,
739 1573 835 1653 prout
860 1566 1026 1652 allegabat
1049 1567 1159 1633 taliter
1183 1585 1257 1633 esse
1280 1566 1467 1652 probatum.

341 1669 421 1737 Oum
437 1673 613 1739 Commune
628 1673 773 1759 Ragonio
790 1673 889 1740 fuerit
904 1677 1144 1758 sequestratum
1158 1673 1468 1760 perAmbaxatoros

341 1787 373 1844 et
400 1779 528 1847 litteras
544 1780 729 1850 Communis
745 1781 877 1852 Anoone
894 1781 957 1849 stb.
974 1781 1036 1848 stb.
1061 1777 1097 1868 (a
1113 1782 1186 1849 liert
1211 1780 1373 1866 engedely
1390 1780 1468 1848 nelri

340 1887 557 1974 megadatilr.)

568 2051 706 2116 (Eredstis
719 2069 735 2106 a
749 2051 822 2104 beosi
836 2070 872 2106 os.
886 2053 937 2103 kir.
952 2051 1035 2102 titlros
1049 2046 1236 2118 tevttttrban.)

779 2339 1030 2350 -ι--ι-ο--ρ-η-

343 3043 473 3106 Anooau
492 3049 580 3108 odron
605 3045 821 3132 lutosdpcinolo
847 3047 913 3110 to'bb
938 3051 1006 3111 mor
1029 3047 1142 3132 polpu'r·
1167 3047 1313 3112 ezomdru
1337 3051 1469 3113 hosoulo'

759 3155 928 3242 enpede'lye.
948 3154 1046 3220 1254.

453 3348 577 3416 Civitas
593 3352 729 3418 Ancona
745 3351 846 3420 Paulo
863 3349 1009 3419 Fultroni
1025 3351 1087 3418 oivi
1105 3371 1164 3419 suo
1189 3350 1233 3417 ad
1249 3353 1469 3438 quantitatem

344 3462 364 3525 8
381 3455 453 3522 libr.
474 3459 513 3522 12
531 3478 557 3523 s.
574 3457 716 3524 admittit
740 3479 857 3544 sapere
874 3465 905 3525 et
921 3459 1167 3548 apprehendere
1191 3461 1225 3526 in
1247 3461 1470 3546 represaliam

345 3565 386 3632 de
412 3565 507 3631 rebus
532 3567 756 3650 Raguseorum
788 3589 848 3654 pro
874 3568 971 3636 rebus
996 3569 1063 3637 suis
1088 3568 1209 3636 ablatis
1234 3569 1469 3638 Bartholomeo

344 3673 500 3757 Fnltroni,
526 3673 653 3758 quasis
670 3673 785 3742 abillo
811 3675 927 3743 habuit
942 3677 975 3741 in
1001 3675 1305 3744 recommandioium
1332 3675 1366 3741 in
1387 3679 1469 3744 ban-

343 3801 423 3848 zone
440 3779 546 3866 Sergii
564 3779 605 3846 de
621 3781 782 3866 Ruguseo.
801 3782 863 3849 Die
880 3785 910 3849 5.
928 3789 1067 3851 exeunte
1083 3783 1221 3870 Augusti
1240 3785 1336 3852 1254.

450 3889 574 3956 Ciuitas
590 3889 726 3958 Ancona
742 3891 826 3958 idem
844 3891 988 3958 admittit
1004 3914 1044 3958 ex
1060 3892 1159 3960 simili
1176 3913 1277 3959 eausa
1299 3893 1470 3962 Bonevuto

343 3997 439 4064 Pauli
463 3997 527 4063 oivi
543 3996 744 4064 Aneonitano
770 3998 813 4064 ad
837 3999 1052 4082 quantitatem
1070 4001 1112 4066 33
1129 4007 1161 4068 et
1185 3998 1341 4067 dimidiae
1366 4001 1469 4070 libra-

341 4125 422 4172 rum.
442 4105 575 4172 Dio1s.
594 4102 734 4175 intrante
749 4105 948 4192 Septembris
967 4107 1062 4175 1254.

520 4304 570 4370 (Aa
584 4303 684 4395 aredoti
695 4301 849 4372 oumtnyotr
863 4321 880 4358 a
892 4303 965 4358 bosni
980 4323 1016 4359 cs.
1030 4309 1081 4360 kir.
1096 4305 1283 4374 leutitirbau.)

765 4593 1033 4606 m
