3198 5160
623 361 626 368 ·
671 316 738 384 509

133 531 269 581 mansos
284 531 357 578 cnm
373 511 583 599 pertinenciis
608 513 794 600 eorundem,
820 512 881 584 sibi
896 510 1076 580 infandum
1093 515 1125 578 et
1140 509 1174 576 in
1190 527 1260 596 per·

131 625 269 706 petnnm
295 619 493 688 contulimus
517 621 614 707 pleno
630 621 700 686 iure
716 628 749 688 et
767 622 800 688 in
817 621 897 687 filios
921 619 1070 688 filiorum.
1096 619 1138 684 Et
1153 624 1188 686 vt
1203 615 1259 684 bn·

130 727 277 796 insmodi
297 737 408 796 nostre
423 727 615 796 donacionis
637 730 742 796 series
759 731 856 800 robur
880 729 1025 798 obtinent
1039 733 1196 813 perpetue
1214 725 1262 820 lir-

130 834 269 918 unitatis,
286 842 456 920 presentes
473 843 602 902 nostras
619 837 746 902 litteras
774 837 879 904 eidem
902 835 1096 902 contulimus
1121 832 1261 918 duplicis

130 943 237 1027 sigilli
255 944 358 1010 nostri
387 943 561 1010 munimine
586 945 767 1012 roboratas.
792 948 911 1013 Datum
936 965 1022 1012 anno
1047 943 1088 1010 ab
1105 945 1258 1008 lucarna-

129 1051 227 1118 eione
242 1051 375 1118 Domini
389 1052 561 1119 millesimo
577 1052 800 1120 ducentesimo
819 1052 1085 1139 quinquagesimo
1103 1069 1196 1118 nono.

128 1248 217 1316 (Goth
232 1252 265 1302 G.
288 1249 365 1314 utin,
389 1252 600 1320 llitthailungen
622 1253 669 1304 des
691 1251 872 1306 historischen
884 1254 996 1306 Vereins
1018 1251 1062 1304 llir
1084 1249 1256 1302 Steierrnarlr.

471 1345 503 1395 V.
517 1344 599 1395 suast.
620 1343 714 1408 Grata,
730 1347 807 1396 1854.
821 1349 883 1396 214.
897 1346 926 1412 1.)

564 1633 832 1644 m

660 2077 738 2144 bol.

131 2259 193 2323 IV.
210 2259 340 2324 Sdndor
353 2263 442 2344 pcipe
458 2257 636 2338 iute'zlredilc,
656 2259 736 2344 bopp
752 2283 773 2322 a
782 2257 898 2342 jddrui
912 2281 951 2322 az.
963 2259 1080 2323 Milatos
1095 2261 1259 2326 zdrdobeli

239 2365 443 2452 opdmdbnol·
458 2389 497 2429 uz
511 2369 602 2430 interni
617 2367 794 2430 liseleletbea
810 2366 914 2430 reszblr
930 2367 1045 2452 ioppen.
1063 2365 1159 2432 1259.

242 2562 433 2628 Alexander
449 2562 631 2648 Episcopus
649 2581 763 2628 seruus
779 2581 943 2628 serstorum
960 2560 1022 2628 Dei
1038 2561 1166 2628 dilectis
1181 2563 1258 2630 filiis

131 2724 141 2738 .
161 2725 168 2739 .
186 2723 193 2737 .
211 2671 359 2737 Ministro
374 2677 408 2736 et
424 2719 431 2734 .
450 2719 457 2734 .
476 2721 483 2736 .
503 2670 633 2736 Vicario
660 2670 833 2737 Solanonie
848 2689 888 2736 ac
906 2721 912 2735 .
931 2720 938 2734 .
956 2721 962 2736 .
983 2669 1173 2738 Gnardiano
1199 2671 1255 2738 Or-

131 2780 220 2846 dinis
245 2778 403 2845 blinorum
430 2778 581 2844 Jadrensi
606 2777 744 2844 salutem
766 2787 798 2844 et
812 2777 1036 2863 Apostolicam
1055 2777 1255 2846 benedictio·

130 2909 216 2957 nem.
242 2887 329 2965 Quia
344 2905 502 2972 personas
518 2885 691 2969 religiosas
707 2906 746 2953 ec
762 2885 876 2954 maiori
899 2886 1054 2972 prosequi
1070 2886 1182 2952 favore
1198 2887 1255 2954 de-

129 3000 257 3080 bemus,
276 3015 340 3082 quo
360 2993 519 3062 devotiori
538 2994 669 3080 placere
684 2993 815 3061 student
825 2995 963 3062 Domino
972 2994 1141 3080 famulatu,
1157 2994 1258 3062 liben-

129 3116 181 3173 ter
189 3105 250 3171 illa
265 3102 329 3170 sibi
344 3101 713 3188 paterunsollieitndine
729 3120 948 3188 procuramus,
964 3119 1096 3188 perque
1111 3103 1256 3188 ipsarum

130 3213 249 3296 religio
269 3209 435 3276 landabile
450 3201 614 3296 suscipere
630 3210 749 3295 valeat,
767 3217 896 3278 auctore
912 3211 1063 3293 Domino,
1080 3211 1257 3279 ineremen-

130 3329 211 3404 tnm,
235 3327 269 3385 et
284 3316 397 3384 cedem
413 3319 595 3384 animarum
611 3318 761 3403 salutem,
785 3340 844 3404 pro
860 3337 925 3404 qua
944 3315 1056 3386 mundi
1078 3321 1257 3390 vanitatem

129 3429 263 3516 penitus
275 3426 483 3511 reliquerunt,
494 3425 629 3494 liberius
639 3433 890 3509 consequantur.
906 3426 1059 3512 Hincest‚
1076 3428 1257 3516 quodcum,

128 3537 215 3604 siout
240 3534 360 3602 dilecte
375 3533 408 3598 in
425 3531 556 3602 christo
581 3533 648 3600 lilie
667 3583 675 3602 .
693 3583 700 3600 .
717 3583 726 3598 .
743 3533 922 3604 Abbatissa
937 3540 970 3602 ct
986 3534 1172 3604 Conventus
1192 3536 1257 3604 llo·

128 3643 267 3710 nialinrn
285 3641 483 3709 inclusarum
498 3641 691 3710 Monasterii
707 3643 819 3710 Sancti
829 3642 957 3712 Nicolai
973 3643 1145 3712 ladrensis
1162 3643 1257 3710 Ordi-

127 3752 182 3820 nis
198 3750 311 3819 Sancti
328 3749 492 3836 bimbani,
518 3751 562 3817 ad
577 3754 758 3820 Romanam
774 3751 955 3819 Ecclesiam
980 3752 1070 3818 nullo
1092 3749 1256 3816 mediante

85 3843 90 3854 ’
126 3859 334 3948 pertinentis,
351 3866 518 3946 exponunt
527 3879 600 3926 enm
615 3861 807 3944 reverentia,
824 3857 912 3944 quod
927 3857 1091 3944 aliquibus
1102 3855 1256 3925 fratribus

126 3969 232 4037 uestri
247 3966 381 4034 Ordinis
396 3965 574 4052 indigeant,
600 3966 656 4053 qui
673 3967 721 4034 eis
740 3965 862 4032 Divina
886 3963 996 4032 officia
1021 3963 1198 4050 eelebrent,
1224 3973 1257 4032 et

127 4077 310 4145 exhibeant
341 4075 566 4142 ecclesiastica
590 4078 815 4158 sacramentn;
847 4070 1034 4140 discretioni
1058 4078 1166 4138 vestre
1197 4089 1257 4157 per

126 4184 323 4273 Apostolica
348 4183 472 4268 scripta
487 4183 521 4250 in
537 4182 657 4250 virtute
673 4181 857 4248 obedientie
881 4179 1026 4248 districte
1042 4178 1255 4266 precipiendo

126 4294 335 4377 mandamus,
352 4290 680 4377 qnatenusprediotis
691 4289 867 4360 Abbatissc
878 4288 1100 4356 otGonucntni
1118 4293 1256 4370 quatuor

126 4406 168 4472 de
185 4401 343 4468 iratribus
359 4400 459 4468 vestri
476 4398 608 4466 Ordinis
625 4395 779 4484 providos
800 4402 834 4462 et
848 4395 1007 4464 discretos
1022 4401 1131 4462 vestre
1150 4392 1254 4460 adnui-

123 4507 330 4579 nistrationis
355 4529 414 4594 pro
431 4508 639 4576 celebrandis
655 4505 785 4573 Divinis
809 4504 926 4572 officiis
943 4509 977 4570 et
996 4501 1189 4571 exhibendis
1206 4521 1254 4568 ec-

122 4617 323 4690 elesiasticis
348 4615 560 4684 sacramentis
577 4615 702 4701 absque
718 4611 911 4680 difficultate
934 4611 1082 4696 qnalibet
1099 4608 1255 4678 conceda·
