3134 5158
818 303 976 404 Q

335 505 458 591 plaeuit
482 502 640 590 partibus,
666 506 701 566 ut
715 505 791 586 post
806 497 991 564 huiusmodi
1016 497 1222 564 amicabilem
1248 499 1459 587 composicio·

334 633 408 678 nem
424 612 556 694 factam,
584 609 693 676 omnia
708 609 923 675 iustrumenta
938 642 1463 656 ---------

332 757 376 769 —-
392 757 436 767 —-
452 757 497 768 ·-
511 755 555 766 -
570 716 719 804 partibus
746 735 875 800 quoquo
891 712 987 782 modo
1003 714 1057 780 uel
1074 733 1115 780 ex
1130 720 1278 800 tempore
1302 715 1463 801 prescrip-

332 829 426 894 cione
441 846 498 894 seu
514 825 609 891 aliter
626 843 720 909 opem
737 823 779 890 de
793 823 877 908 lege,
903 827 960 887 aut
975 840 1168 907 quocunqne
1184 821 1357 907 priuilegio
1373 822 1464 888 ferre

332 940 469 1021 poterat,
494 932 538 1000 sit
552 951 691 998 vacnum
717 936 749 997 et
774 929 862 996 omui
880 964 1465 980 ——————————

332 1041 582 1130 composicionis
610 1039 736 1126 pagina
764 1039 850 1105 iuter
874 1039 965 1124 ipsos
989 1057 1076 1105 nunc
1106 1037 1237 1125 habite,
1268 1047 1465 1127 perpetuum

330 1152 430 1217 robur
447 1148 594 1218 obtineat
608 1147 782 1214 firmitatis.
808 1147 878 1214 Nos
894 1146 993 1231 igitur
1007 1144 1114 1230 ipsam
1130 1146 1403 1230 composicionem
1423 1148 1466 1214 de

332 1257 469 1325 consilio
485 1289 1062 1304 -----------
1078 1253 1150 1338 atis,
1166 1261 1315 1320 ratamet
1328 1261 1465 1340 gratam

332 1365 504 1448 habentes,
520 1363 554 1429 iu
565 1361 783 1430 testimonium
798 1360 894 1427 huius
910 1361 958 1426 rei
973 1368 1141 1446 presentes
1151 1359 1300 1429 dedimus
1316 1362 1463 1448 litteras,

330 1481 397 1538 tam
415 1471 516 1555 sigilli
540 1470 653 1558 nostri,
677 1491 775 1556 quam
792 1469 936 1555 Capituli
959 1467 1149 1536 Geuriensis
1170 1506 1459 1520 -----

329 1615 732 1633 -------
750 1597 834 1644 anno
861 1577 971 1662 gracie
997 1577 1057 1664 (Μ)
1070 1575 1216 1642 dextr
1239 1597 1334 1664 nono,
1362 1579 1463 1644 ΧΠΙο

328 1687 491 1755 kalendas
513 1689 605 1774 Julij.

330 1903 441 1972 (ldilrlds
455 1905 533 1969 gydri
546 1905 706 1970 piispdlruek
723 1905 833 1954 lesa-ki
845 1899 946 1954 dtirata
958 1899 1025 1953 utdu
1035 1903 1115 1970 Nagy
1125 1906 1203 1965 Imre,
1216 1905 1304 1955 Huzai
1315 1902 1459 1972 Okmdny-

757 1991 799 2045 tdr
813 1995 859 2046 1v.
870 1995 926 2044 ket.
940 1995 984 2043 33.
995 1991 1025 2058 l.)

758 2299 1020 2313 -...—*,-

326 2981 356 3044 A
373 2980 531 3067 templomc'
544 2983 622 3047 read
638 2981 1077 3068 mapycrorszdpifdndke'nelc
1092 2983 1455 3069 diacopooi'plecelglropy

327 3115 346 3152 c
359 3093 589 3174 pannonhalmi
603 3091 794 3175 cpdteclppul
813 3089 935 3154 Szt'lloe
958 3089 1117 3155 cirroteca
1140 3096 1230 3155 necve
1255 3091 1459 3176 eppeskedett.

845 3195 943 3261 1249.

432 3393 548 3458 Frater
562 3391 703 3476 Morgolt
715 3390 873 3476 Magister
887 3390 1007 3458 llilicie
1023 3392 1153 3479 Templi
1169 3391 1210 3459 de
1220 3392 1399 3478 Hungaria,
1420 3401 1458 3461 et

323 3505 442 3570 Frater
466 3503 498 3566 S.
525 3501 677 3568 [lucarius
703 3501 848 3567 eiusdem
874 3501 1022 3566 omuibus
1047 3519 1183 3588 presens
1213 3502 1370 3588 scriptum
1402 3503 1454 3569 in-

321 3609 486 3697 specturis
502 3610 641 3676 salutem
667 3608 701 3674 in
716 3607 866 3676 Domino.
893 3609 1014 3675 Notum
1031 3609 1073 3674 sit
1089 3610 1247 3695 omnibus,
1273 3611 1455 3694 quodcum

323 3739 420 3806 super
435 3717 597 3784 diuisione
613 3726 698 3784 terre
714 3716 833 3783 Zelens
850 3717 934 3782 iuter
950 3737 1011 3784 uos
1027 3738 1069 3785 ex
1084 3723 1178 3804 parte
1193 3738 1268 3803 uua,
1293 3725 1326 3785 et
1342 3718 1457 3788 Abba-

321 3835 387 3894 tem
404 3833 502 3909 atque
516 3823 718 3893 Gonuentum
730 3823 841 3891 Sancti
856 3823 988 3890 Martini
1004 3845 1045 3890 ex
1061 3826 1177 3912 altera,
1192 3826 1290 3910 longo
1301 3834 1456 3912 tempore

326 3935 465 4019 iurgium
491 3937 679 4016 verteretur,
706 3931 838 3997 tandem
864 3951 947 4018 pace
970 3937 1156 3999 restaurata
1180 3934 1457 4004 concordatimns

323 4043 356 4108 in
371 4042 457 4108 hunc
482 4039 622 4120 modum,
648 4045 683 4105 rt
698 4039 850 4106 uidelicet
872 4039 981 4107 media
998 4061 1074 4126 pars
1098 4041 1203 4128 ipsius
1227 4050 1323 4126 terre,
1349 4064 1456 4130 super

328 4172 393 4237 qua
407 4149 629 4234 iurgabamur,
645 4149 715 4214 sine
730 4148 764 4213 in
781 4147 876 4233 silua,
894 4147 965 4215 siue
981 4149 1015 4214 in
1032 4155 1150 4233 stagno
1169 4149 1297 4218 cederet
1321 4151 1356 4216 in
1374 4173 1458 4238 par-

327 4269 393 4327 tem
408 4263 562 4339 nostram,
589 4261 621 4322 et
635 4253 745 4321 media
768 4257 802 4321 in
826 4263 952 4342 partem
967 4257 1156 4325 monasterii
1181 4259 1293 4326 Sancti
1317 4259 1457 4328 Martini

328 4371 451 4450 absque
475 4363 544 4428 vlla
568 4362 830 4430 contradiccione
856 4371 1012 4451 perpetuo
1038 4364 1248 4451 possidenda.
1274 4368 1316 4433 vt
1338 4377 1458 4436 autem

324 4475 386 4540 hoc
400 4474 557 4538 statutum
572 4488 729 4552 processu
746 4476 927 4555 temporum
943 4477 1084 4556 nequeat
1098 4471 1275 4561 immutari,
1302 4473 1336 4540 in
1350 4475 1460 4545 huius

323 4582 371 4649 rei
396 4574 614 4644 testimouium
639 4585 805 4660 presentes
823 4579 948 4644 litteras
974 4580 1165 4666 scripsimus
1189 4580 1370 4665 sigillorum
1397 4605 1461 4651 no-
