3134 5158
854 834 933 904 224.

332 1025 354 1090 J
359 1024 391 1090 V.
408 1024 487 1089 Belo
503 1021 607 1107 lircilp
623 1043 660 1084 oo
675 1017 771 1084 abacti
784 1017 910 1082 recodm
926 1017 1107 1101 jdoedclmoi
1121 1016 1207 1080 ircim
1227 1015 1464 1101 mepcillapr'totl

662 1127 803 1212 ozabdlyt
816 1127 996 1212 moperorz'ri.
1016 1122 1113 1187 1251.

440 1327 508 1396 Nos
532 1325 689 1394 Nicolaos
714 1321 756 1390 de
780 1324 872 1392 Gara
896 1323 1002 1407 Regni
1028 1318 1197 1404 Hungarie
1225 1318 1398 1385 Palatinus
1428 1325 1467 1384 et

333 1437 439 1506 ludex
448 1436 667 1504 Cumanorum
676 1432 791 1499 damus
807 1451 866 1518 pro
876 1430 1042 1514 memoria,
1061 1425 1230 1512 quodcum
1241 1426 1463 1494 Sebastianus

333 1545 420 1616 lilius
435 1539 579 1610 Lorendi
595 1540 636 1607 de
653 1538 757 1626 Abad,
774 1535 966 1606 Ladialanm
976 1533 1182 1623 Wayuodam
1193 1533 1466 1601 Transiloanien·

333 1673 417 1738 sem,
440 1647 645 1736 Dycnisinm,
671 1645 843 1716 Nicolaum
868 1651 900 1712 et
924 1643 1117 1712 Michaelem
1143 1643 1229 1712 filios
1252 1644 1393 1729 Desew,
1422 1663 1468 1710 ac

334 1759 514 1846 Georgium
529 1758 632 1826 lilium
647 1755 815 1842 stephani,
840 1754 967 1824 nobiles
983 1754 1025 1822 de
1041 1752 1189 1822 Losonclr
1209 1757 1325 1820 contra
1340 1771 1377 1819 se
1392 1771 1469 1838 pre·

335 1873 426 1938 textu
442 1864 702 1956 possessionarie
718 1862 892 1932 diuisionis
916 1863 951 1930 in
966 1861 1172 1950 presenciam
1187 1861 1311 1932 domini
1333 1861 1469 1928 Nicolai

335 1974 377 2043 de
393 1975 483 2044 dicta
499 1975 589 2042 Gara
613 1973 720 2060 patris
735 1971 838 2040 nostri
861 1971 1042 2057 predileeti‚
1068 1971 1102 2038 in
1118 1971 1206 2037 bona
1228 1969 1384 2038 memoria
1410 1969 1470 2036 de·

336 2082 450 2167 tundi,
467 2081 632 2148 incertum
647 2079 820 2150 terminum
836 2079 993 2148 traxisset
1007 2079 1041 2146 in
1057 2097 1203 2163 oausam,
1220 2083 1254 2146 ot
1269 2077 1344 2164 ipsa
1359 2096 1468 2145 eausa

336 2190 422 2262 inter
437 2197 547 2277 partes
571 2189 697 2259 diucius
713 2188 885 2258 ventillata
900 2187 944 2256 ad
959 2195 1095 2256 octauas
1121 2187 1195 2256 festi
1212 2187 1307 2255 Beati
1327 2184 1467 2270 Georgij

337 2297 489 2384 martyris
505 2297 537 2366 in
553 2318 639 2366 anno
655 2297 785 2367 Domini
802 2296 974 2366 millesimo
988 2297 1216 2366 trecentesimo
1237 2295 1467 2382 octuagesimo

337 2407 707 2494 preteritas'prorogate
732 2405 895 2474 extitisset
920 2405 983 2475 stb.
1008 2404 1059 2493 (ts
1084 2406 1184 2491 riJ'abb
1215 2402 1466 2473 elbalasrtlrsolr

337 2513 554 2605 kbnbejltvtn)
573 2551 610 2564 -
633 2551 669 2562 -
688 2513 816 2584 interim
832 2513 928 2582 dietis
944 2514 1092 2602 partibus
1109 2512 1342 2584 decedentibus
1363 2547 1401 2560 -
1424 2549 1464 2560 -

337 2623 381 2690 ad
396 2629 532 2690 octenas
548 2621 623 2692 iesti
639 2623 731 2691 Beati
744 2623 911 2692 Michaelis
926 2623 1123 2708 Archangeli
1141 2643 1228 2691 anno
1244 2619 1376 2690 Domini
1393 2622 1470 2688 mil·

337 2730 452 2800 lealmo
462 2731 686 2802 trecentesimo
702 2729 914 2816 nonagesimo
923 2751 1011 2820 nono
1027 2732 1161 2816 elapsas
1175 2727 1317 2798 deducta
1326 2729 1447 2796 inisset
1460 2753 1470 2813 ;

338 2835 479 2922 denique
494 2838 576 2925 ipsis
592 2839 717 2906 oetauis
742 2838 941 2906 instantibus
957 2837 1119 2922 Georgius
1135 2835 1235 2922 (tilius
1256 2837 1467 2924 sebastiani)

340 2950 430 3012 actor
452 2947 667 3032 personaliter
689 2947 723 3014 in
747 2947 870 3014 Detrici
896 2944 952 3037 (de
976 2945 1104 3032 Bubelr)
1134 2945 1275 3012 Palatini
1301 2945 1468 3012 veniendo

339 3055 560 3140 presenciam,
587 3055 745 3139 quasdam
770 3065 842 3124 octo
867 3055 994 3122 litteras
1019 3053 1125 3121 eidem
1152 3053 1284 3122 Detrico
1309 3053 1469 3120 Palatino

339 3161 583 3228 demonstrauit.
607 3163 749 3242 Quarum
765 3161 871 3250 prima
886 3163 1024 3230 condam
1047 3159 1169 3230 domini
1187 3161 1265 3228 Bele
1280 3159 1384 3227 incliti
1403 3161 1469 3227 Re·

339 3269 390 3353 gis
406 3269 571 3356 Hungarie
587 3271 690 3339 felicis
707 3271 946 3339 recordacionis
966 3269 1019 3338 hic
1035 3270 1125 3339 Budc
1145 3291 1230 3338 anuo
1246 3269 1377 3337 Domini
1396 3270 1469 3334 mil-

339 3379 454 3447 lesimo
472 3377 692 3447 ducentesimo
718 3377 988 3464 quinquagesimo
1004 3379 1118 3466 primo,
1143 3379 1245 3445 tercio
1265 3397 1370 3444 nonas
1387 3377 1471 3464 Sep-

340 3489 474 3556 tembris
500 3495 647 3575 patenter
672 3489 807 3557 suborta
832 3487 1075 3574 specificasaet3
1101 3485 1191 3570 quod
1206 3489 1239 3554 in
1265 3507 1375 3570 causa,
1403 3508 1473 3571 quo

339 3597 423 3664 inter
439 3597 632 3680 iohannem,
649 3595 831 3664 Priuartum
847 3603 880 3664 et
895 3597 1067 3663 Hectorem
1084 3594 1167 3664 lilios
1183 3594 1324 3662 Priuarti
1342 3615 1382 3662 ex
1400 3616 1472 3662 vna

340 3711 443 3793 parte,
469 3711 502 3772 et
517 3705 709 3791 Dyonlsium
733 3725 773 3771 ac
787 3703 916 3790 Tybam
943 3704 1028 3772 lilios
1044 3703 1137 3770 Ohalr
1157 3723 1197 3770 ex
1223 3702 1339 3788 altera,
1365 3725 1472 3790 super

339 3823 433 3902 portu
444 3813 548 3901 Abad,
562 3815 646 3880 sieut
661 3812 766 3880 eidem
782 3811 913 3880 domino
924 3811 1002 3881 Bele
1017 3811 1100 3898 Regi
1117 3832 1175 3898 per
1191 3813 1318 3880 litteras
1328 3813 1460 3898 Agrien

339 3922 387 3989 sis
403 3919 546 4008 (lapituli
562 3922 764 4008 innotuisset,
783 3921 1001 3988 mediantibus
1019 3921 1130 4008 probis
1147 3921 1226 3988 viris
1242 3923 1320 3988 talis
1336 3941 1474 4008 compo-

339 4029 420 4097 sicio
436 4028 673 4116 interuenisset,
698 4029 784 4114 quod
805 4036 904 4096 totum
931 4028 1087 4095 tributum
1103 4027 1180 4096 dicti
1200 4037 1313 4116 portus
1337 4051 1358 4096 a
1382 4029 1475 4099 leste

340 4135 593 4218 SanctiJacobi
628 4135 786 4224 predictis
811 4135 973 4222 Dyonisio
998 4141 1031 4202 et
1055 4137 1153 4220 Tyba
1180 4135 1255 4222 filijs
1281 4135 1397 4221 enak,
1429 4157 1476 4204 ac

340 4246 424 4312 lmre
439 4251 472 4312 et
487 4243 610 4311 Samud
626 4243 701 4332 lilijs
718 4244 869 4332 Dyonisij
889 4244 1027 4311 condam
1044 4245 1188 4312 Palatini
1200 4244 1315 4311 cedere
1332 4245 1477 4316 deberet

341 4371 398 4435 pro
414 4371 463 4437 eo,
490 4351 739 4439 quod.predicti
757 4351 925 4420 Johannes
951 4359 983 4418 et
1004 4352 1124 4422 fratres
1144 4353 1195 4422 sui
1219 4355 1374 4422 tributum
1391 4355 1477 4425 dicti

342 4465 453 4541 portus
469 4479 490 4524 a
504 4467 649 4545 tempore
665 4461 877 4526 Tartarorum
903 4481 1004 4545 usque
1026 4468 1103 4527 tunc
1128 4463 1273 4530 totaliter
1301 4465 1475 4550 percepis-

343 4567 433 4646 sent;
459 4565 559 4633 tercio
585 4577 692 4634 autem
708 4569 819 4635 Sancti
835 4569 952 4638 Jacebi
967 4568 1050 4636 festo
1074 4571 1233 4654 reuoluto,
1259 4570 1398 4656 predicti
1416 4573 1476 4642 Jo-
