3134 5158
585 313 738 422 „sm

115 509 147 577 de
160 509 251 599 Dana,
277 514 373 600 Moys
398 512 614 600 Marisoaloo,
640 516 706 582 Ben
715 515 822 583 edicto
849 515 1057 599 Musuoiensi‚
1092 514 1229 583 Nicolao

116 621 209 690 laurei
226 617 343 710 castri,
360 625 495 692 Detrioo
511 625 710 713 conusens,
728 627 838 711 Erney
852 621 1083 711 Worosdiensi,
1100 630 1134 692 et
1151 625 1225 692 aliis

113 747 194 812 quam
221 729 371 816 plun'bus
396 729 607 818 Magistratus
638 741 671 800 et
696 731 879 801 Comitatus
905 730 1101 800 tenentibus.
1129 731 1226 802 Anno

113 835 224 905 Domini
239 837 389 905 ll.GG.L.
399 837 504 927 primo
520 839 577 907 IX.
595 839 758 908 kalendas
775 839 977 927 Decembris,
993 841 1100 927 Regni
1115 849 1226 910 autem

114 942 199 1010 nostri
213 963 301 1013 anno
323 945 424 1013 XVD’.

112 1138 199 1210 (brytti
218 1145 322 1198 medati
341 1141 506 1212 pblddnyaa
525 1142 670 1214 kirtlynalr
689 1160 776 1212 auany
797 1144 918 1214 pscsbtje
936 1145 1013 1212 alatt,
1033 1163 1051 1198 a
1063 1163 1103 1199 ns.
1122 1145 1223 1216 Killay

112 1231 240 1288 colluunt
255 1231 452 1288 tovtlttraban.
471 1237 547 1288 Euan
560 1232 679 1303 okmdny
691 1235 821 1302 subroget
833 1233 892 1288 mir
904 1234 1013 1288 kttszts
1031 1237 1109 1290 tvvol
1125 1239 1223 1291 eneliltt

112 1321 198 1376 Lucius
210 1326 274 1376 adta
288 1317 327 1390 lr'i,
337 1327 381 1377 De
391 1325 488 1392 Regno
498 1325 653 1378 Dalmatiae
664 1331 692 1377 ot
705 1325 830 1390 croatiae
843 1325 891 1378 IV.
903 1325 995 1393 kbnyv
1009 1327 1034 1380 9.
1048 1325 1102 1390 toj.;
1114 1343 1126 1377 s
1139 1325 1224 1390 ntdna

111 1411 179 1480 l'ejir
189 1415 253 1466 (lod.
267 1415 343 1482 Dipl.
356 1416 404 1468 IV.
418 1415 475 1467 kbt.
495 1421 520 1468 2.
536 1431 556 1468 r.
572 1417 631 1467 106.
645 1415 661 1466 l.
681 1415 718 1468 ltt
730 1421 775 1467 aut
793 1414 855 1480 ujra
868 1415 1064 1468 falveandb'nolr
1083 1414 1157 1467 azert
1170 1423 1223 1468 tar-

111 1505 196 1565 tottuk,
207 1513 277 1558 mort
287 1521 356 1557 anon
368 1508 470 1560 aredsti
481 1503 607 1574 pdlddny,
617 1508 689 1573 moly
699 1504 961 1560 koszttttolunknok
972 1504 1065 1574 alapdl
1074 1491 1197 1571 saolgtlt,
1211 1521 1228 1556 a

255 1597 334 1650 bauai
347 1594 579 1663 diplomatioioalr
597 1597 681 1664 egyik
693 1598 822 1664 lcgsaebb
836 1594 1047 1664 dlaupdltitnya.)

622 2371 701 2439 223.

108 2571 158 2636 W.
174 2573 255 2639 Baio
278 2571 446 2660 kirtlpoak
469 2597 489 2638 a
508 2571 640 2640 octoadi
663 2571 784 2637 odrnalc
810 2573 922 2637 bdrom
938 2569 1049 2655 salonit
1072 2568 1225 2654 ta'rpyoso'

216 2681 397 2767 admncopa
413 2681 498 2746 Eme
513 2681 646 2746 aurardi
652 2679 809 2766 fdirpoiny
824 2679 981 2745 szdordrn.
1003 2673 1088 2740 1251
1093 2724 1101 2738 .

201 2880 286 2946 Belo
311 2879 374 2946 Dei
400 2878 514 2964 gracia
537 2877 715 2963 Huugarie,
734 2875 916 2961 Dalmacie,
943 2873 1088 2958 Droacie,
1114 2874 1225 2957 Rome,

30 3023 31 3026 =
105 2987 218 3076 Seruis,
236 2985 602 3073 Gallicie,Lodomerie,
622 2971 842 3070 Cumanieque
853 2985 922 3052 Rex
938 2982 1087 3052 omnibus
1104 2979 1224 3048 Christi

30 3111 31 3160 3
104 3094 248 3164 fidelibus
258 3103 428 3182 presentes
443 3095 572 3162 litteras
588 3093 784 3181 inspecturis
794 3093 933 3160 salutem
952 3091 987 3158 in
1002 3090 1145 3160 omnium
1161 3089 1224 3156 sal-

30 3193 31 3224 l
105 3211 218 3272 uatore.
234 3202 488 3288 ProuidaRegie
504 3201 697 3272 screnitatis
715 3201 968 3288 circumspectio
987 3199 1136 3286 diligenti
1152 3217 1224 3264 con·

30 3397 31 3418 Χ
103 3313 301 3382 sideracione
325 3313 424 3380 debet
439 3311 545 3378 metiri
570 3313 688 3378 merita
705 3295 917 3396 singulorum,
943 3315 976 3376 et
990 3308 1130 3392 singulis
1157 3306 1225 3392 qui-

104 3421 222 3510 busque
238 3421 435 3510 promeritis
451 3420 662 3508 respondere.
689 3417 831 3502 Proinde
845 3417 889 3486 ad
905 3415 1129 3486 uniuersorum
1145 3415 1225 3482 noti-

103 3530 190 3617 ciam,
205 3541 276 3598 tam
287 3529 491 3616 presencium
502 3547 600 3612 quam
618 3533 830 3614 posterorum,
850 3523 1061 3592 harumserie
1075 3523 1224 3592 uolumus

30 3727 31 3736 ἵ
102 3637 285 3722 peruenire,
302 3636 390 3722 quod
400 3635 540 3702 dilectus
557 3641 591 3702 et
599 3633 705 3720 tidelis
721 3639 832 3702 noster
840 3631 999 3717 Magister
1010 3632 1096 3698 Erue
1106 3629 1223 3698 Comes

30 3749 31 3762 ¹
103 3745 337 3830 Vorosdiensis,
363 3765 437 3812 cum
453 3743 597 3812 barbara
620 3761 703 3828 gens
726 3742 938 3810 Tartarorum
963 3739 1084 3806 insultu
1107 3737 1224 3804 bellico

102 3855 243 3939 Regnum
259 3858 405 3920 nostrum
422 3849 506 3937 adiit
521 3857 554 3918 et
570 3849 702 3936 inuasit,
720 3848 878 3935 preclaris
889 3839 1062 3915 fidelitatis·
1074 3843 1224 3928 insigniis

102 3983 204 4030 coram
219 3961 342 4030 Nostre
359 3960 541 4044 Maiestatis
556 3958 660 4026 oculis
677 3965 744 4025 tam
769 3947 1072 4024 commendabiliter
1098 3950 1222 4036 enituit,

103 4079 132 4136 ut
155 4091 228 4138 oum
253 4071 478 4154 innolescente
507 4067 709 4136 aduersitate
734 4064 896 4134 defectum
922 4079 1077 4147 equorum
1102 4059 1224 4126 habere

30 4183 31 4188 ’
103 4199 157 4248 nos
180 4179 384 4264 contigisset,
409 4179 483 4266 ipse
510 4177 622 4246 viuere
646 4181 867 4263 postponens,
893 4178 926 4240 et
950 4170 1053 4239 vitam
1077 4174 1224 4238 nostram

103 4293 200 4356 morte
213 4309 277 4356 sna
301 4285 461 4355 redimere
485 4284 690 4371 desiderans,
716 4303 844 4368 equum,
872 4299 968 4367 quem
984 4301 1042 4367 pro
1063 4275 1225 4345 soluenda

102 4415 159 4464 sua
182 4416 326 4486 persona
345 4396 501 4481 babebat,
528 4415 586 4481 pro
612 4391 803 4462 saluatione
828 4409 969 4476 persone
994 4392 1105 4457 nostre
1131 4384 1225 4452 nobis

103 4507 214 4574 obtulit
228 4505 453 4592 equitandum,
481 4505 554 4590 ipso
569 4522 647 4570 uero
662 4521 735 4570 cum
758 4499 893 4582 eisdem,
919 4497 975 4582 qui
989 4517 1051 4566 nos
1076 4495 1224 4577 inseque-

103 4614 215 4682 bantur
229 4615 406 4703 plorimum
430 4609 616 4678 certaminis
633 4609 748 4693 iniens,
775 4612 849 4693 post
867 4607 976 4691 plures
992 4608 1130 4690 punctus
1157 4603 1225 4667 lan-

30 4759 31 4770 *
143 4753 240 4789 uosnrr.
258 4751 341 4788 nuso.
359 4749 428 4785 rursu.
446 4749 516 4784 orna.
539 4759 572 4765 --
596 4737 626 4776 ua.
1021 4721 1059 4773 ‘21
