3122 5154
597 325 757 422 „⁹2-

127 535 198 598 mns‚
216 518 271 583 hec
288 523 380 582 suunt:
399 517 545 584 decimos
562 518 716 585 uidelicet
733 519 773 584 dc
789 519 875 600 triuio,
904 527 935 584 ot
953 523 1056 604 agnis,
1074 529 1105 586 et
1122 523 1240 608 apibus

124 625 339 708 prouenientes
366 627 587 707 consciuere,
615 633 646 690 et
662 626 827 692 residuum
844 625 911 692 uini
928 649 992 692 non
1011 637 1151 714 portare,
1178 653 1240 714 que

124 733 268 798 hactenns
294 741 542 800 consueuerant.
561 733 643 798 Lern
667 740 832 798 araturam
859 753 1069 823 communem,
1096 757 1158 819 que
1174 741 1240 806 vul·

22 891 24 900 .
127 839 239 922 garitcr
255 863 329 902 coco
345 837 474 922 dicitur,
502 841 630 906 omnino
648 838 756 904 faeere
777 859 841 904 non
857 838 985 924 debent,
1012 842 1095 908 siout
1119 843 1239 911 dictum

125 947 261 1033 superius
288 946 518 1031 etindultnm;
546 955 578 1012 et
595 947 803 1032 septuaginta
830 968 942 1032 panes,
970 969 1050 1032 quos
1076 949 1238 1018 debebant

126 1054 162 1118 ad
185 1054 301 1120 festum
317 1054 431 1119 Sancti
458 1052 587 1118 Martini
613 1073 670 1138 per
695 1054 841 1136 singulos
868 1075 982 1137 annos,
1009 1075 1049 1120 ex
1073 1059 1239 1126 uoluntate

123 1167 181 1226 tam
200 1161 351 1244 abbatis,
378 1181 475 1244 quarn
493 1167 524 1225 et
536 1161 774 1246 monachorum,
803 1162 851 1228 eis
867 1162 1077 1247 indulsimus;
1104 1186 1175 1230 oum
1195 1166 1237 1231 ad

22 1275 23 1282 ’
125 1271 310 1337 solucionem
329 1269 527 1335 decimarum
545 1289 603 1335 neo
619 1268 787 1336 vduomici
812 1274 911 1337 nostri
930 1272 1134 1356 aliquatenus
1153 1294 1236 1340 oom-

123 1381 285 1466 pellantur.
303 1379 470 1444 Satuimus
488 1379 600 1464 eciam,
618 1379 703 1463 quod
714 1379 826 1446 Abbas
845 1399 922 1465 sepo
938 1389 1114 1449 memorate
1131 1382 1237 1448 Ficole-

122 1488 162 1552 sie
184 1487 376 1556 descensum
401 1509 493 1555 suum
510 1488 623 1554 eodem
648 1489 753 1570 modo,
771 1489 853 1554 sicut
869 1488 982 1554 Abbas
1002 1490 1235 1574 waradiensis,

123 1595 168 1660 uel
181 1597 407 1680 Symigiensis,
426 1603 481 1660 aut
496 1592 726 1661 Saxardlensis
743 1594 879 1680 recipiat
896 1602 927 1660 et
944 1597 1103 1663 obseruet.
1121 1597 1236 1664 Decer-

121 1702 216 1770 uimus
233 1703 337 1770 eciam
365 1703 498 1770 firmiter
522 1709 709 1788 statuentes,
736 1709 771 1766 vt
786 1701 903 1787 prefati
928 1703 1040 1789 populi
1057 1705 1167 1770 omnia
1184 1703 1235 1769 de-

121 1811 181 1875 bita
204 1818 236 1877 et
253 1810 390 1877 scruticia
407 1811 555 1896 superins
579 1809 746 1894 adnotata,
773 1815 805 1876 et
821 1810 854 1875 in
874 1809 1068 1894 quibusdam
1095 1831 1153 1896 per
1176 1835 1235 1880 nos

121 1917 368 1985 misericorditer
385 1917 551 1998 alleviata,
571 1916 642 1982 sine
659 1936 818 1982 murmure
843 1916 952 1997 aliquo
973 1923 1004 1982 et
1028 1917 1235 1988 reclamacio-

120 2044 156 2090 nc
172 2025 311 2092 fideliter
327 2031 460 2091 teneant
478 2031 508 2090 ct
525 2025 717 2108 obscruent;
735 2024 874 2092 scientes
891 2029 978 2090 certo
995 2024 1129 2108 cercius,
1150 2028 1236 2111 qnod

121 2135 297 2218 quicunqne
313 2140 561 2220 presumptuose
578 2139 693 2199 contra
709 2131 855 2218 predicta
871 2133 1128 2222 reclamauerint‚
1145 2136 1234 2222 ipsos

119 2263 184 2309 cnm
206 2244 301 2328 grani
321 2239 548 2327 indignacione
564 2247 674 2308 nostra
690 2240 818 2306 abrasis
836 2241 964 2327 capillis
990 2262 1100 2309 eorum
1116 2243 1150 2309 in
1165 2264 1234 2330 per-

117 2359 241 2436 petuam
276 2349 464 2416 seruitutem
497 2347 601 2434 redigi
633 2347 800 2415 faciemus.
831 2349 873 2414 Vt
898 2347 997 2432 igitur
1029 2350 1089 2415 hec
1125 2350 1234 2414 omnia

119 2459 307 2527 auctoritate
324 2456 430 2540 Regia
445 2461 567 2522 statuta
591 2454 867 2540 inrefragabiliter
883 2455 1092 2539 imposterum
1111 2475 1235 2542 perma-

122 2573 225 2650 neant,
250 2584 313 2631 nec
328 2563 441 2650 populi
457 2563 637 2648 supradicti
654 2583 675 2628 a
691 2560 809 2629 debitis
826 2567 857 2626 et
872 2558 1019 2626 seruioiis
1036 2579 1146 2626 corum
1162 2579 1235 2626 con-

119 2673 211 2740 suetis
228 2691 265 2740 se
291 2671 433 2738 debeant
450 2670 501 2734 vol
524 2669 650 2754 possint
674 2667 881 2752 aliquatenus
908 2665 1080 2749 retrahere,
1107 2685 1235 2754 presen-

118 2789 176 2847 tem
193 2780 346 2848 dusimus
363 2778 519 2864 paginam
545 2774 796 2860 concedendam,
824 2773 986 2860 duppliois
1005 2773 1108 2858 sigilli
1134 2777 1236 2842 nostri

118 2889 289 2956 munimine
305 2888 503 2953 roboratam.
530 2887 650 2950 Datum
667 2903 851 2971 permanes
878 2881 989 2948 dilecti
1006 2901 1044 2948 ac
1060 2879 1166 2948 fidelis
1183 2903 1235 2950 no·

119 2999 172 3062 stri
195 2996 346 3081 Magistri
372 2992 541 3062 Benedicti
564 2993 726 3078 Propositi
742 2991 904 3074 Albeceia,
932 2989 1006 3056 aule
1030 2995 1139 3056 nostre
1156 2987 1235 3054 Oan-

119 3105 246 3191 cellarij,
264 3125 350 3172 anno
368 3103 536 3169 Dominioo
561 3099 803 3167 incarnacionis
823 3098 993 3165 millesimo
1017 3097 1235 3164 ducentesimo

118 3214 191 3298 XL0,
208 3213 315 3300 pridie
330 3211 404 3279 idus
422 3210 511 3293 Julij,
528 3210 632 3292 Regni
650 3213 759 3274 autem
775 3207 877 3273 nostri
895 3225 979 3272 anno
995 3203 1118 3288 quinto.

203 3411 341 3472 (Eradetie
352 3405 528 3473 bdrhlrtytln,
543 3423 558 3458 a
572 3407 765 3474 pannonlrulmi
779 3403 922 3472 idaptltsdg
936 3401 1139 3466 levdltslrdban.)
