3122 5154
801 285 961 408 ΔΞ..

312 512 416 598 gotie,
434 509 598 590 Dohemie,
615 503 786 574 Dalmaoie
800 507 862 576 stb.
879 506 979 592 Regis
1003 507 1187 574 amioioiam
1202 514 1354 592 paratam
1369 527 1446 576 enm

316 621 450 688 honore.
466 615 642 699 Noueritis,
658 614 746 699 qnod
761 633 836 680 enm
850 615 892 682 ob
902 612 1190 682 contradictoriam
1211 615 1447 684 inlibioionem

318 733 478 793 metarum
492 721 766 791 reambulaoionis
782 723 1001 809 possessionis
1019 724 1133 808 Leegh
1149 730 1265 791 rooate
1289 725 1325 790 in
1340 722 1448 790 Domi·

316 839 388 899 tatu
411 831 604 899 Posoniensi
628 829 812 912 existentis,
838 828 960 895 nobilis
986 828 1119 896 domina
1140 829 1302 914 Hednigis
1327 839 1448 898 rooata

317 941 443 1026 mileto,
468 957 509 1005 ao
525 938 692 1003 Dmerions
707 937 795 1003 filins
820 935 960 1003 oondam
975 936 1065 1002 Petri
1082 935 1167 1005 eros
1186 935 1229 1004 de
1245 937 1365 1021 Boaen,
1382 939 1450 1004 An-

317 1045 466 1115 thonium
481 1046 584 1112 tilium
600 1045 775 1128 Dominioi,
793 1043 992 1114 Clementem
1007 1044 1108 1111 filium
1125 1045 1284 1132 Stephani
1299 1045 1340 1114 de
1355 1044 1449 1114 Sala·

320 1155 519 1238 monwatha,
536 1152 744 1221 Salomonem
769 1152 902 1219 fratrem
925 1151 1072 1220 eiusdem
1086 1152 1256 1239 Anthonij‚
1280 1151 1451 1218 Andream

320 1263 423 1329 lilium
439 1259 569 1327 Nieolai
593 1261 635 1328 de
649 1259 841 1345 Belrratha,·
858 1266 892 1326 et
907 1261 1110 1347 Stephanum
1124 1261 1228 1328 filium
1244 1261 1451 1348 Sigismunrli

319 1369 364 1437 de
379 1369 501 1436 Watha
516 1369 661 1454 legitime
684 1369 890 1436 enooaoionis
905 1367 1038 1438 modum
1061 1368 1267 1436 obseruando
1283 1376 1398 1435 eontra
1413 1387 1451 1434 se

320 1476 366 1544 ad
380 1483 515 1544 oetanas
530 1477 607 1544 lasti
621 1477 716 1544 Beati
731 1477 848 1544 Jaoobi
864 1477 1015 1563 Apostoli
1037 1477 1071 1543 in
1095 1497 1180 1544 anno
1197 1477 1330 1544 Domini
1346 1476 1451 1542 mille-

321 1584 405 1651 simo
430 1584 749 1669 quadringentesimo
775 1585 941 1653 trioesimo
972 1592 1087 1671 quarto
1112 1585 1287 1671 preteritas
1312 1586 1454 1674 Regiam

322 1691 358 1760 in
382 1694 585 1778 presenoiam
609 1694 809 1775 attraxisset,
839 1701 872 1760 et
888 1695 932 1760 ab
957 1694 1083 1760 eisdem
1106 1693 1231 1760 ootanis
1250 1693 1325 1779 ipsa
1348 1711 1455 1758 eausa

323 1807 435 1886 partes
459 1801 543 1868 inter
567 1800 700 1866 easdem
724 1803 790 1871 stb.
814 1800 982 1888 (tobbszor
1006 1802 1267 1884 elhalesatatott,
1292 1819 1309 1867 s
1334 1797 1453 1886 segre)

323 1914 491 1994 presentes
501 1915 636 1975 ootauss
657 1908 732 1976 festi
741 1908 1000 1996 Epiphaniamm
1009 1910 1143 1977 Domini
1153 1909 1335 1994 attigissem
1352 1945 1398 1956 -
1408 1943 1457 1956 --

325 2015 460 2082 tandem
474 2016 559 2102 ipsis
574 2018 701 2084 ootauis
717 2017 792 2086 festi
808 2020 1069 2106 Epiphaniarum
1085 2019 1216 2086 Domini
1241 2018 1454 2100 instantibus,

326 2122 495 2190 Johannes
510 2123 691 2192 Litteratus
707 2123 748 2190 de
764 2127 932 2212 Debiagoz
947 2146 1007 2214 pro
1024 2125 1189 2194 annotatis
1202 2125 1305 2194 nobili
1320 2123 1457 2190 domina

326 2229 488 2314 Hedrigis
512 2237 630 2299 vooata
654 2231 770 2299 reliota
793 2239 826 2298 et
841 2234 990 2300 limerioo
1013 2233 1079 2300 filio
1103 2231 1242 2301 condam
1257 2231 1346 2300 Petri
1361 2229 1461 2298 (iroff

327 2337 369 2405 de
383 2337 491 2406 Boaen
506 2357 580 2404 enm
605 2340 838 2424 proonratoriis
863 2341 981 2406 litteris
995 2341 1116 2407 vestris
1139 2341 1173 2404 in
1198 2348 1342 2406 nostram
1368 2339 1461 2404 veni-

327 2446 413 2513 endo
428 2447 642 2534 presenciam,
664 2447 825 2532 quasdam
841 2447 969 2514 litteras
986 2449 1048 2514 stb.
1065 2455 1176 2514 nostro
1187 2445 1362 2532 judiciario
1379 2465 1461 2512 exa-

328 2556 409 2620 mini
440 2555 567 2622 enrauit
590 2555 814 2624 demonstrare
837 2555 899 2623 stb.
932 2554 1062 2642 (Ennelr
1094 2554 1278 2643 ellentben)
1303 2549 1461 2621 Andreas

328 2663 415 2728 lilios
430 2662 560 2731 Nieolai
584 2684 643 2749 pro
659 2683 695 2730 se
710 2664 937 2750 personaliter,
957 2671 991 2730 et
1005 2683 1065 2750 pro
1081 2661 1177 2730 dietis
1194 2661 1367 2746 Antinoum,
1384 2659 1462 2727 (lle

330 2779 448 2858 mente,
458 2774 634 2840 Salomone
650 2780 684 2839 et
693 2773 861 2859 Stephano
877 2793 950 2840 enm
960 2771 1194 2860 proenratorijs
1211 2771 1327 2837 litteris
1337 2769 1463 2836 vestris

330 2880 366 2946 in
380 2885 525 2963 nostram
551 2880 739 2964 exurgendo
756 2881 958 2966 presenoiam
984 2879 1145 2966 quasdam
1161 2881 1287 2946 litteras
1302 2877 1381 2944 dieti
1400 2877 1463 2943 sio·

332 2987 411 3053 mini
426 2987 505 3052 Bele
521 2987 621 3071 Regis
646 2988 870 3073 priuilegiales
894 2989 965 3056 sine
981 3009 1067 3056 anno
1089 2993 1271 3070 emanatas,
1298 2985 1466 3051 habentes

332 3093 417 3160 inse
433 3091 655 3160 confirmatius
680 3101 826 3161 tenorem
845 3095 1048 3182 quarundam
1074 3093 1254 3160 litterarum
1279 3089 1469 3158 sentencie-

333 3199 457 3266 nalium
482 3199 612 3266 Nioolai
627 3197 824 3268 Vioeiudiois
851 3199 948 3268 Ourie
973 3221 1032 3268 sne
1050 3199 1141 3266 Bude
1166 3201 1201 3265 in
1216 3197 1380 3264 dominioa
1401 3197 1471 3263 Le·

332 3313 405 3374 tare
421 3327 507 3374 anno
524 3307 635 3392 gracie
659 3309 831 3377 millesimo
848 3293 1069 3376 dueentesimo
1094 3307 1256 3374 trioesimo
1271 3323 1358 3372 nono
1376 3323 1472 3372 ema

334 3421 431 3482 natas
446 3415 541 3482 nobis
566 3417 694 3483 ouranit
708 3415 943 3501 demonstrare,
968 3419 1003 3484 in
1020 3416 1138 3503 quibus
1154 3415 1347 3497 habebatur,
1372 3412 1474 3496 qnod

335 3542 409 3588 oum
424 3523 559 3605 quidam
579 3522 774 3609 jobagiones
791 3525 898 3593 Gastri
914 3523 1124 3592 Posoniensis
1149 3522 1267 3589 litte1is
1287 3521 1320 3586 in
1337 3519 1477 3586 eisdem

336 3629 505 3714 nominati,
522 3630 607 3697 inter
622 3638 749 3700 eeteros
765 3630 936 3699 Rodoman
952 3637 985 3698 et
1000 3631 1058 3716 alij
1075 3630 1116 3697 de
1131 3629 1212 3696 villa
1222 3627 1340 3713 Hegvi,
1357 3627 1475 3710 requi-

336 3737 467 3804 sinisset
483 3758 503 3802 a
519 3743 587 3804 tota
603 3739 817 3822 generacione
832 3741 998 3824 Salomon,
1016 3740 1071 3823 qni
1088 3737 1225 3803 fuissent
1241 3736 1275 3801 in
1290 3733 1416 3800 Watha
1435 3745 1477 3800 et

335 3846 370 3912 in
385 3845 550 3930 Salomon,
577 3845 741 3928 quandam
766 3852 887 3912 terram
902 3846 943 3912 de
966 3853 1054 3912 terra
1069 3844 1199 3924 Watha,
1226 3860 1289 3926 que
1305 3841 1393 3925 wlgo
1411 3857 1482 3908 vo-

336 3961 465 4019 earetnr
489 3951 667 4018 Althalwth
695 3954 785 4037 allya
800 3953 886 4018 felde
911 3973 971 4039 pro
988 3959 1081 4039 parte
1106 3950 1214 4018 Dastri
1240 3947 1479 4032 Posoniensis,

337 4067 521 4130 asserentes
552 4061 689 4129 eandem
719 4067 842 4126 terram
873 4059 920 4126 eis
952 4061 1022 4126 iure
1053 4055 1250 4126 hereditario
1282 4053 1482 4140 pertinere;

339 4167 480 4250 diotique
504 4166 630 4232 nobiles
656 4165 910 4252 respondissent,
939 4167 1077 4234 eandem
1102 4173 1222 4232 terram
1247 4181 1321 4227 esse
1340 4161 1486 4244 peroio-

339 4292 413 4338 nem
429 4283 514 4339 terre
529 4275 659 4358 'Watha
687 4277 832 4362 ipsorum
848 4275 973 4342 soilioet
996 4285 1028 4343 et
1044 4277 1148 4342 toeius
1165 4267 1394 4356 generaoionis
1411 4256 1491 4340 Sass

341 4381 450 4446 lomon
465 4379 716 4466 hereditariam
742 4381 873 4449 tandem
891 4383 969 4466 qnia
991 4383 1118 4470 prelato
1133 4378 1272 4447 Nioolao
1288 4374 1496 4447 Vioeindioi

340 4485 436 4552 Ourie
460 4486 561 4568 Regis
584 4489 777 4572 quibusdam
802 4490 1056 4574 probaeionibns
1082 4493 1115 4556 in
1135 4489 1223 4557 fanto
1250 4483 1356 4572 ipsius
1384 4499 1500 4564 terre

344 4612 403 4680 per
417 4591 507 4677 ipsos
529 4593 724 4676 jobagiones
740 4593 848 4661 Dastri
873 4604 906 4663 et
921 4595 1025 4664 dictos
1041 4597 1169 4665 nobiles
1186 4596 1227 4666 de
1249 4599 1502 4684 generacione
