3122 5154
142 1043 190 1112 IX.
205 1043 333 1131 Gerpely
351 1049 445 1130 pa'pa
461 1042 600 1108 Kdlmda
624 1043 777 1128 polr'car‘ua'
804 1042 910 1128 etraly
926 1049 955 1108 to
980 1041 1158 1109 sclavonici
1181 1045 1250 1111 lcar-

182 1164 282 1238 cacpel,
296 1177 318 1216 α
334 1152 463 1217 rotor-ok
479 1151 558 1217 allen
575 1149 741 1216 larczolole
757 1151 937 1238 bucet‘ajdrdl
953 1152 1081 1220 erlcstli.
1105 1153 1204 1218 1241.

231 1349 410 1432 Gregorius
427 1347 608 1435 Episcopus
633 1367 746 1414 seruus
762 1367 928 1414 seruorum
945 1347 1007 1414 Dei
1031 1346 1200 1414 carissimo
1216 1347 1249 1414 in
1378 1336 1382 1342 ’

137 1455 253 1523 Christo
270 1455 336 1524 tilio
353 1463 467 1548 nostro
482 1456 678 1525 Colcmanuo
689 1454 770 1540 Regi
787 1455 911 1522 Illustri
930 1461 963 1521 et
977 1455 1061 1520 Duci
1077 1453 1250 1522 Sclavenie

134 1563 261 1628 salutem
278 1569 311 1628 et
326 1563 551 1649 Apostolicam
578 1563 845 1630 benedictionem.
862 1564 983 1630 Vocem
998 1562 1032 1627 in
1057 1561 1186 1628 excelso
1202 1563 1247 1628 la-

132 1671 330 1737 mentationis
347 1679 379 1737 et
394 1671 489 1738 fletus
506 1670 703 1758 audivimus,
724 1678 756 1738 et
769 1691 831 1738 nos
849 1669 957 1739 multis
976 1668 1147 1736 amaricati
1163 1668 1250 1734 dolo·

132 1778 212 1844 ribus
228 1777 449 1864 deploramus,
467 1779 553 1864 qnod
568 1780 744 1847 iaculatum
758 1778 799 1846 de
815 1780 884 1846 celo
904 1777 1059 1846 iudicium
1076 1776 1142 1844 iam
1152 1775 1250 1862 depo-

131 1886 254 1970 pulatur
265 1886 408 1970 undique
420 1889 575 1974 populum
586 1885 817 1976 Christianum,
834 1887 919 1972 quod
930 1887 1108 1955 infidelium
1118 1885 1249 1972 gladius

131 1991 287 2060 infideles
312 1995 480 2082 reciproca
497 1995 574 2062 cede
592 1996 796 2082 convertitur,
824 2003 857 2062 et
872 1995 905 2062 iu
922 1995 1126 2063 christicolas
1150 2013 1249 2081 paga·

130 2121 236 2168 norum
261 2123 374 2170 mucro
391 2103 564 2170 crudeliter
588 2104 799 2171 debachatur.
826 2101 958 2172 Clamor
977 2103 1062 2170 enim
1089 2103 1247 2170 scelerum

131 2207 257 2276 humani
289 2211 420 2296 generis
452 2212 684 2298 multiplicatus
720 2211 900 2278 ascendens
925 2213 960 2278 in
985 2232 1080 2278 aures
1107 2213 1249 2278 omnium

129 2318 311 2403 conditoris,
328 2319 446 2406 ipsum,
472 2319 527 2404 qui
543 2320 638 2406 quasi
653 2340 717 2388 non
733 2318 848 2386 videns
868 2319 932 2386 huc
948 2339 1051 2404 usque
1065 2319 1175 2404 tacuit,
1193 2319 1249 2402 qui

130 2426 355 2492 correctionem
372 2425 485 2512 populi
501 2427 551 2493 sui
567 2427 656 2493 velut
672 2427 798 2512 patiens
818 2427 1014 2514 expectavit,
1038 2425 1175 2492 ultorem
1190 2425 1249 2491 ini-

27 2601 28 2610 ,
131 2533 284 2618 quitatum
310 2533 458 2616 gladium
474 2533 581 2618 coegit
605 2554 747 2618 exerere,
771 2541 803 2600 et
822 2535 865 2600 ab
889 2534 992 2600 oculis
1017 2533 1174 2620 patientie
1190 2553 1248 2599 sue

27 2623 28 2678 3
130 2641 409 2710 abhominationes
434 2639 610 2708 emundare
633 2641 840 2726 flagitiorum,
858 2641 1001 2728 expetita
1024 2640 1159 2726 gravide
1175 2660 1248 2726 pec-

130 2749 289 2816 catoribus
315 2749 456 2834 ultione,
483 2749 718 2836 propterquod
734 2769 856 2833 omnes,
873 2769 1009 2834 quorum
1034 2747 1135 2816 corda
1153 2750 1249 2815 timor

128 2855 252 2923 Domini
267 2855 386 2941 tetigit,
414 2863 543 2941 opertos
569 2855 684 2924 ciliciis
701 2863 734 2922 et
756 2876 908 2940 aspersos
932 2858 1041 2924 cinere
1059 2857 1091 2922 in
1109 2857 1248 2942 suspirio

128 2971 156 3027 et
171 2961 314 3028 lacrimis
331 2961 485 3028 Divinam
502 2965 653 3030 convenit
671 2963 927 3031 misericordiam
939 2965 1124 3049 implorare,
1141 2963 1248 3046 utqui

127 3089 249 3156 semper
265 3069 308 3135 ad
334 3069 568 3155 ignoscendum
588 3072 709 3137 multus
725 3071 841 3156 extitit,
868 3071 922 3156 qui
938 3071 1126 3158 prestabilis
1150 3091 1247 3156 super

128 3177 251 3244 malitia
267 3177 355 3244 omni
372 3198 445 3245 esse
461 3186 605 3265 tempore
620 3180 799 3265 consuevit,
815 3186 958 3247 exertum
973 3179 1119 3264 gladium
1136 3179 1178 3245 ad
1194 3199 1248 3246 va·

129 3285 236 3369 ginam
253 3285 365 3351 iubeat
380 3286 518 3370 regredi,
536 3295 568 3352 et
584 3289 667 3353 iram
680 3287 856 3372 ingentes,
883 3306 945 3371 que
960 3287 1053 3352 illum
1072 3307 1136 3353 non
1153 3307 1248 3352 nove-

126 3401 205 3478 runt,
230 3393 413 3479 effundens,
440 3395 592 3480 dignetur
607 3397 729 3483 populo
747 3397 805 3462 tilii
830 3398 881 3463 sni
900 3395 1056 3482 insignito
1082 3401 1248 3462 caractere

125 3501 281 3570 misereri.
308 3500 484 3588 Speramus
510 3511 628 3588 autem,
657 3503 744 3590 quod
761 3504 821 3570 etsi
837 3505 927 3570 Deus
952 3509 1061 3571 noster
1085 3523 1145 3572 nos
1165 3501 1247 3570 dura

124 3607 345 3695 increpatione
360 3610 556 3696 redarguere
572 3613 703 3696 ceperit,
723 3615 837 3700 Regna
858 3619 976 3696 tamen,
996 3633 1058 3697 que
1072 3611 1176 3698 ipsius
1192 3633 1247 3678 no-

123 3736 193 3784 men
204 3717 373 3802 invocant,
388 3737 410 3783 a
424 3719 509 3786 facie
525 3740 585 3788 sua
601 3719 790 3806 disperdere
800 3741 865 3788 non
880 3718 1040 3804 intendit3
1061 3719 1247 3804 quinimmo

121 3845 240 3912 apena
255 3833 414 3913 perpetua
440 3837 627 3912 peccatores
644 3837 734 3896 curat
757 3831 893 3916 eripere,
920 3829 1037 3911 quibus
1057 3827 1246 3913 temporalis

122 3935 228 4001 studet
243 3935 380 4002 ultionis
396 3935 588 4004 beneficium
605 3937 648 4003 ad
661 3937 909 4022 castigationem
925 3935 1027 4004 nostri
1044 3935 1177 4020 generis
1194 3935 1248 4002 ad-

123 4042 253 4109 hibere:
279 4043 357 4126 quia
375 4043 436 4110 etsi
462 4043 546 4111 filios
565 4045 699 4112 Israelis
723 4045 894 4132 temptatio
918 4043 1031 4111 mortis
1057 4043 1091 4108 in
1117 4041 1248 4110 heremo

123 4151 318 4236 quandoque
331 4151 484 4237 tetigerit,
500 4153 595 4221 ineis
610 4160 721 4220 tamen
737 4155 787 4220 ira
802 4153 934 4220 Domini
952 4151 1073 4219 diutius
1098 4171 1162 4219 non
1178 4171 1249 4240 per-

125 4259 254 4324 mansit.
279 4259 400 4325 Verum
416 4261 477 4327 etsi
492 4261 635 4346 graviter
652 4261 693 4329 de
709 4262 851 4328 omnium
874 4261 1019 4328 fidelium
1035 4260 1248 4348 oppressione

123 4365 293 4447 turbemur,
312 4383 410 4453 super
425 4367 603 4436 afflictione
619 4375 729 4436 tamen
742 4369 847 4454 Regni
863 4369 1018 4456 Ungarie,
1038 4368 1156 4454 quoda
1169 4373 1249 4438 Tar·

27 4463 28 4482 ¹
125 4472 202 4536 laris
217 4471 368 4540 invasum
385 4481 419 4542 et
442 4484 635 4562 occupatum
651 4497 710 4562 pro
735 4497 856 4562 magna
872 4486 974 4564 parto,
992 4477 1025 4542 in
1042 4476 1181 4544 lectione
1197 4479 1248 4545 lit-

125 4581 262 4644 terarum
276 4587 404 4650 tuarum
428 4604 493 4652 non
510 4585 581 4653 sine
597 4587 772 4652 multarum
798 4585 1005 4653 lacrimarum
1029 4583 1186 4653 effusione
1203 4587 1247 4651 di-
