3134 5150
120 1081 227 1146 maa
239 1081 395 1166 pozcooyi
403 1079 542 1164 fliiapdo
559 1083 591 1143 tc
606 1079 765 1144 acolaco
788 1081 961 1146 btrdtdrrai
975 1083 1095 1147 Monac·
1109 1081 1246 1168 belyctp-

12 1269 13 1288 Χ
120 1188 173 1252 sak
197 1187 354 1251 labescit
374 1185 486 1252 Monet
511 1197 643 1271 asperent
659 1189 691 1250 lc
716 1189 859 1253 testodrec'
882 1189 953 1254 tczt
977 1189 1093 1256 testacea
1115 1188 1244 1254 dotauit.

632 1293 730 1359 1236.
1211 1305 1215 1312 '

223 1489 394 1556 iohannes
409 1489 622 1558 Posouiensis
630 1491 822 1575 Propositus
837 1495 1004 1574 totumque
1021 1489 1167 1558 eiusdem
1182 1491 1246 1559 loci

120 1595 305 1682 Capitulum
322 1598 472 1666 omnibus
495 1605 681 1684 presentem
701 1599 858 1686 paginam
882 1598 1082 1666 intuentibus
1107 1601 1247 1666 salutem

120 1706 151 1770 in
167 1705 318 1772 Domino.
342 1705 557 1772 Vniuersitati
573 1711 681 1772 vestro
698 1707 814 1772 barum
831 1705 915 1772 seria
929 1705 1112 1771 innotescat
1128 1705 1248 1772 littora·

121 1831 200 1894 rum,
227 1811 316 1895 quod
341 1831 414 1876 cum
438 1811 567 1879 diutina
589 1813 812 1880 controuersia
835 1819 981 1898 tempore
1005 1811 1144 1880 Illustris
1168 1812 1248 1878 Belo

120 1919 228 2002 Regis,
255 1919 390 1985 Andros
414 1919 515 2003 Regis
540 1919 610 2004 filij,
638 1917 861 1990 inaudiencia
883 1919 1012 1986 Andrec
1036 1920 1248 1988 Posoniensis

121 2025 256 2094 Comitis
271 2025 332 2093 filii
347 2026 532 2112 Seraphini,
558 2026 629 2094 vice
644 2027 747 2110 Regis
764 2025 940 2112 qualitates
964 2035 1122 2094 terrarum
1137 2029 1172 2094 in
1189 2026 1247 2094 Oc·

12 2127 13 2190 i
120 2134 233 2200 mitatu
247 2133 446 2200 Posoniensi
462 2133 710 2200 constitutarum
733 2132 919 2220 iudicantis,
946 2135 1030 2201 inter
1045 2135 1186 2203 villanos
1206 2133 1248 2201 de

120 2244 243 2326 Monar,
259 2241 418 2307 videlicet
433 2241 530 2324 Sena,
548 2243 626 2326 Gyr,
642 2243 723 2320 Bon,
741 2242 874 2327 Choma,
896 2241 1042 2329 chepan,
1060 2242 1199 2308 Obokan
1215 2247 1248 2306 ct

121 2351 201 2419 alios
219 2371 262 2417 cx
278 2371 346 2417 nna
360 2357 463 2438 parte,
492 2360 523 2418 et
538 2351 656 2418 Moncb
672 2353 841 2418 Dccannm
858 2371 999 2435 suosque
1018 2349 1145 2432 fratres,
1162 2349 1248 2414 vide·

119 2458 193 2524 licet
207 2458 302 2542 Hyze
317 2465 350 2523 et
366 2458 562 2542 Gregorium
587 2479 629 2524 cx
645 2459 713 2524 alio
728 2465 831 2545 parte,
858 2478 958 2544 super
972 2457 1113 2541 quodam
1133 2454 1247 2542 predio

120 2566 232 2630 Monar
247 2565 392 2644 nominc,
419 2565 508 2648 quod
532 2565 619 2632 idem
635 2566 755 2633 Monch
771 2573 803 2632 ot
820 2565 937 2632 fratres
964 2564 1014 2631 sni
1029 2561 1248 2648 predictorum

12 2655 13 2670 ¹
120 2671 317 2738 villanorum
343 2673 439 2739 terris
464 2675 670 2758 contiguum,
697 2673 876 2755 antiquitus
901 2680 933 2738 et
955 2672 1024 2738 iura
1049 2670 1247 2738 hereditario

12 2817 13 2838 2
120 2779 348 2862 possederant,
376 2780 511 2864 grauius
536 2785 734 2864 uerteretur;
763 2779 874 2845 multis
898 2778 973 2844 binc
998 2777 1075 2844 iude
1099 2777 1248 2844 deductis

119 2871 487 2972 racionibus‚'diotante
513 2888 642 2954 demum
657 2876 834 2954 'sentencia
856 2887 943 2952 idem
958 2887 1108 2952 Andreas
1132 2888 1247 2954 Oomcs

121 2992 298 3074 constituit,
316 2994 404 3078 quod
419 2994 538 3059 Manch
555 2991 651 3080 (igy),
669 2995 785 3077 suique
802 2993 921 3060 fratres
936 2994 987 3060 ius
1002 2993 1246 3077 bereditarium,

121 3097 205 3182 quod
230 3119 267 3165 se
282 3099 317 3164 in
341 3107 448 3183 terra,
477 3100 517 3166 de
532 3121 598 3184 qua
614 3101 654 3166 lis
671 3101 840 3184 agebatur,
866 3102 987 3167 babere
1011 3101 1248 3188 proponebant,

122 3205 433 3272 circumsedentibus
447 3213 480 3272 et
494 3206 637 3273 honestis
654 3207 901 3293 comprobarent
910 3209 1056 3274 testibus.
1077 3207 1248 3274 Productis

121 3313 217 3398 igitur
232 3313 345 3380 multis
362 3334 402 3380 ac
412 3314 551 3397 ydoneis
568 3315 705 3380 testibus
722 3315 823 3380 castri
835 3315 1079 3400 jobagionibus,
1097 3313 1249 3379 videlicet

12 3479 13 3514 3
121 3419 238 3503 Kotor,
259 3419 353 3506 Geel,
370 3421 583 3516 Fylc,Bodo,
600 3422 723 3504 Bocbk,
742 3421 860 3488 Cosma
884 3429 916 3487 at
932 3423 1006 3487 aliis
1032 3441 1131 3505 quam
1149 3419 1246 3505 pluri-

122 3527 188 3612 bus,
205 3535 276 3592 tam
288 3528 523 3612 j0bagi0nibus
533 3530 642 3611 castri,
660 3549 759 3614 quam
775 3529 852 3596 aliis
862 3529 1035 3611 nobilibus,
1053 3529 1158 3594 coacti
1174 3535 1249 3592 sunt

124 3634 264 3701 aiudicc
281 3636 385 3703 Sebus
409 3637 567 3704 Comitem
594 3644 626 3702 et
641 3637 758 3702 Bnken
783 3644 914 3724 propter
939 3637 1096 3704 maiorem
1121 3635 1249 3720 negocii

124 3740 327 3808 euidentiam
341 3742 377 3808 in
391 3743 614 3812 testimonium
630 3746 820 3830 producere.
837 3745 903 3810 Sed
919 3763 991 3810 cum
1009 3743 1114 3810 Sabus
1130 3743 1247 3812 Comes

124 3850 221 3922 lienis
238 3859 271 3916 et
285 3851 393 3933 Regni
419 3851 564 3936 negociis
588 3851 793 3934 detineretur,
820 3859 963 3937 tempore
988 3851 1162 3916 iuramenti
1188 3850 1249 3915 sra-

12 4027 13 4030 ,
123 3963 201 4022 trem
217 3977 314 4024 suum
329 3957 445 4024 Buken
461 3959 619 4026 Comitem
636 3960 820 4026 destinauit.
839 3959 901 4036 Qui
918 3978 990 4023 cum
1006 3959 1039 4020 in
1056 3963 1166 4023 nostro
1184 3977 1248 4022 mo-

123 4065 266 4130 nasterio
282 4072 420 4151 paratus
436 4068 654 4150 assecurare,
673 4067 833 4152 sepedicti
850 4073 1032 4131 castrenses
1049 4064 1248 4149 perpenden-

121 4179 181 4252 tes,
198 4191 235 4237 se
252 4173 368 4238 ordine
388 4173 558 4240 iudiciario
576 4174 816 4260 condempnari,
837 4173 986 4258 personis
1002 4169 1139 4254 ydoneis
1154 4171 1249 4238 inter-

124 4279 241 4364 poitis
266 4281 311 4346 ad
342 4281 428 4346 banc
453 4282 725 4369 composicionem
757 4282 974 4362 deuenerunt,
1008 4279 1094 4360 quod
1118 4287 1249 4365 terram,

12 4439 13 4442 η
124 4404 220 4466 quam
236 4407 258 4451 a
273 4387 394 4454 Monch
408 4391 541 4456 Decanc
567 4391 700 4474 suisque
723 4387 877 4454 fratribus
902 4386 1023 4452 iniuste
1048 4389 1249 4472 repetebant,

12 4491 13 4494 ’
124 4491 224 4558 libere
241 4501 343 4579 atque
358 4497 494 4580 pacifice
519 4497 732 4582 permiserunt
748 4496 926 4580 possidere.
950 4490 1002 4560 Ita
1018 4502 1136 4578 tamen,
1163 4497 1251 4578 quod

12 4609 13 4632 ³
125 4601 333 4670 medictatem
349 4603 462 4670 iudicii
477 4605 618 4672 iudicem
645 4605 865 4688 contingentis
881 4605 997 4669 Monch
1014 4623 1086 4666 cum
1103 4602 1170 4666 suis
1188 4603 1250 4665 fra·
