3112 5148
642 895 698 964 89.

92 1079 160 1146 IV.
175 1079 256 1144 Bata
271 1077 384 1165 kirdly
400 1075 470 1144 tdbb
484 1079 742 1164 treamdmeppei
754 1079 978 1166 odrp‘obbctqyot
992 1101 1033 1144 aa
1048 1078 1148 1146 eldbbi
1156 1082 1235 1146 enol-

437 1183 525 1271 palat
539 1183 605 1248 aiot
613 1183 769 1269 salmasii.
787 1187 880 1252 1243.

210 1381 292 1446 Bela
310 1379 375 1445 Dei
399 1380 515 1466 gracia
536 1381 713 1465 Hungarie,
739 1379 920 1465 Dalmatio,
946 1381 1093 1464 Oroatia,
1118 1384 1231 1466 Rame,

90 1487 226 1573 Seruio,
241 1487 394 1569 Gallicis,
411 1485 605 1558 Lodomerie
615 1485 838 1570 Cumanieque
852 1487 924 1553 Rex
943 1487 1094 1556 omnibus
1111 1487 1232 1554 Christi

88 1593 253 1661 fidelibus
277 1601 465 1680 presentem
483 1595 639 1680 paginam
654 1592 851 1679 inspecturis
876 1594 1015 1660 salutem
1037 1594 1072 1660 in
1087 1594 1230 1661 omnium

86 1702 279 1770 Salnatore.
297 1702 557 1790 obrumpeooio
566 1705 693 1786 Regum
709 1703 850 1789 prouida
863 1722 995 1771 suornm
1005 1703 1147 1770 fidelium
1160 1723 1227 1770 ser·

87 1809 193 1894 nieijs
210 1817 306 1894 grato
324 1811 422 1878 debet
438 1828 605 1878 occurrere
621 1810 758 1896 premio,
780 1817 815 1877 ut
830 1811 888 1895 alij
905 1809 948 1876 ad
964 1810 1151 1877 exhibenda
1166 1809 1229 1878 sibi

86 1915 240 1983 seruicia
254 1925 287 1982 et
302 1915 495 1984 fidelitatem
519 1917 772 2004 impendendam
788 1917 907 1986 sorcius
931 1916 1118 1984 innitentur.
1144 1917 1228 1983 Hinc

87 2029 143 2089 est
160 2041 253 2107 ergo,
269 2022 356 2106 qnod
369 2029 438 2090 tam
452 2025 658 2110 presentibus
674 2045 772 2111 quam
787 2027 926 2112 posteris
952 2025 1066 2094 harum
1086 2025 1227 2092 insinna-

86 2130 191 2196 cione
208 2128 426 2214 declaramus,
451 2131 539 2213 quod
554 2152 614 2199 nos
629 2132 759 2218 Newer,
775 2133 877 2217 Bnda,
895 2133 1044 2218 Oroirad,
1061 2133 1225 2218 Rasohoh,

85 2241 216 2308 Radila
243 2245 274 2304 et
289 2239 481 2323 Damaslou,
507 2239 653 2308 homines
677 2241 785 2307 Oastri
800 2241 1063 2310 Trenobiniensis
1089 2240 1130 2306 de
1145 2241 1226 2307 villa

86 2346 258 2414 Wetislou
275 2345 416 2430 nomine,
442 2347 498 2430 qui
517 2346 613 2414 nobis
629 2347 662 2413 in
678 2348 804 2416 cabatis
828 2349 954 2418 seruire
978 2355 1224 2433 consueuerant,
1255 2371 1258 2380 ¹

84 2475 148 2541 pro
167 2472 221 2537 eo,
239 2451 328 2537 quod
343 2451 444 2536 ijdem
469 2460 615 2540 tempore
630 2457 869 2539 persecucionis
885 2458 1098 2522 Tartarorum
1116 2472 1227 2538 perso·

84 2583 151 2629 nas
169 2569 204 2628 et
219 2578 275 2626 res
290 2561 324 2624 in
350 2559 584 2628 obseruacione
599 2569 698 2628 castri
714 2561 883 2629 Tronohen
910 2579 1072 2649 exponere
1092 2559 1226 2626 nullate-

84 2690 149 2736 nus
167 2667 374 2752 dubitarunt,
403 2672 436 2731 et
455 2667 551 2734 nobis
578 2667 620 2734 de
648 2669 819 2736 maritimis
844 2668 1080 2736 reuertentibus
1096 2669 1223 2753 armati,

84 2789 120 2847 ut
138 2777 294 2860 decebat
312 2776 346 2840 in
358 2773 504 2840 exercitu
519 2781 632 2842 contra
641 2777 765 2842 Ducem
775 2777 905 2844 Austris
921 2775 1034 2842 habito
1048 2775 1224 2842 sordicium

83 2887 311 2954 exhibuerunt
324 2889 454 2967 gratum
470 2886 503 2946 et
519 2889 708 2968 acceptom3
734 2903 794 2970 pro
811 2904 849 2952 eo
867 2884 981 2968 eciam,
1006 2881 1092 2966 quod
1108 2881 1141 2950 in
1157 2903 1223 2951 ma·

79 2996 163 3062 ioris
182 2989 354 3058 fidelitatis
380 2995 609 3074 argumentum
626 2992 720 3058 nobis
746 3000 779 3058 et
794 2994 920 3062 Oorone
936 2991 1040 3076 Regio
1065 3011 1102 3058 se
1121 2989 1223 3058 serui·

80 3115 179 3172 turos
198 3097 350 3166 inarmis
377 3097 573 3166 militaribus
590 3109 847 3186 assumpserunt,
873 3102 963 3188 ipsos
978 3101 1012 3168 in
1022 3101 1221 3186 jobagiones

78 3206 205 3276 Sancti
220 3204 321 3289 Regis
338 3201 448 3268 Oastri
474 3204 620 3272 eiusdem
635 3207 807 3273 simuloum
831 3205 1030 3274 hereditaria
1045 3226 1107 3273 sna
1130 3205 1220 3272 duxi·

78 3337 155 3383 mus
175 3317 339 3399 perpetuo
355 3310 610 3382 transferendos.
635 3315 696 3400 Ita,
714 3319 749 3380 ut
765 3313 806 3380 de
822 3321 930 3382 cetero
946 3321 1014 3380 tam
1028 3314 1103 3402 ipsi,
1120 3333 1219 3398 quam

77 3441 205 3493 eorum
219 3438 426 3488 successores
442 3419 525 3486 inter
534 3421 733 3505 jobagiones
744 3421 852 3489 Gastri
868 3421 1038 3490 memorati
1056 3425 1220 3506 computo·

76 3535 167 3602 biles
181 3532 260 3600 sine
274 3528 536 3595 contradictione
546 3529 738 3615 habeantur,
758 3550 819 3596 nec
832 3531 891 3597 ulli
901 3548 1040 3614 unquam
1050 3528 1218 3597 hominnm

73 3641 222 3709 racione
237 3635 440 3704 condicionis
455 3635 590 3721 pristine
601 3643 773 3706 teneantur
788 3639 996 3722 aliquatenus
1006 3635 1216 3724 respondere.

72 3751 115 3816 Et
129 3769 179 3814 ne
211 3743 308 3811 huius
333 3761 488 3810 concesse
512 3742 675 3812 libertatis
702 3751 806 3812 status
823 3745 858 3812 in
876 3752 1041 3832 posterum
1067 3748 1165 3828 queat
1182 3741 1217 3808 in

70 3857 213 3923 irritum
222 3848 373 3918 reuocari
389 3849 443 3914 uel
454 3849 659 3933 aliquatenus
675 3852 857 3936 retractari,
874 3850 1002 3918 adeius
1017 3851 1216 3918 firmamsta·

71 3965 246 4030 tilitatem
272 3955 400 4024 litteras
416 3962 547 4023 nostras
571 3960 794 4026 concessimus
810 3957 973 4046 duppliois
996 3956 1098 4041 sigilli
1113 3959 1216 4025 nostri

68 4067 263 4139 munimine
277 4063 461 4130 roboratas.
477 4061 573 4132 Anno
583 4066 696 4150 gracie
709 4066 882 4132 millesimo
900 4063 1121 4132 ducentesimo
1138 4084 1214 4150 qua-

67 4175 273 4264 dragesimo
298 4169 400 4238 tercio
415 4169 492 4237 IIII.
509 4191 614 4240 nonas
630 4173 651 4238 J
653 4171 729 4258 unii,
756 4172 862 4258 Regni
877 4179 988 4238 autem
1010 4169 1114 4238 nostri
1128 4190 1215 4239 anno

65 4295 210 4354 mano.

64 4433 107 4492 ,a
121 4423 234 4484 ιιινιι
246 4421 394 4492 ιιιιιγιιι
410 4423 521 4475 mre-m
531 4421 695 4491 magestatis
703 4419 940 4492 psvrrsgrumtscr
949 4439 967 4476 ι
976 4384 1049 4476 nus.
1058 4421 1126 4477 stro
1136 4423 1210 4476 nso.

418 4511 551 4581 nydnsrki
564 4511 657 4566 enaldd
669 4511 879 4584 leveitdrtben.)
