3134 5150
342 1011 401 1077 ῙΧ.
419 1007 553 1095 (larqatp
564 1009 721 1095 pcipdaalc
739 1007 942 1073 iatdckeddeei
956 1029 977 1070 c
994 1008 1101 1072 diciret
1115 1013 1194 1096 apdt
1210 1007 1367 1096 pyilkocar'
1384 1007 1480 1076 ellen.

858 1117 956 1181 1236.

461 1311 638 1398 Gregorius
648 1313 831 1400 Episcopus
847 1331 960 1380 seruus
971 1331 1139 1380 seruorum
1149 1313 1223 1380 Dei.
1239 1313 1379 1382 Dilectis
1394 1313 1480 1402 filijs

409 1419 626 1506 waradiensi,
711 1420 752 1486 de
767 1419 874 1487 Thion
898 1426 930 1486 et
1014 1419 1054 1486 de
1070 1420 1149 1487 Erte
1165 1420 1350 1488 Abbatibus
1374 1421 1480 1501 Quin-

343 1528 636 1614 que-Ecclesiensis
652 1535 685 1595 et
693 1527 959 1614 wesprimiensis
975 1527 1174 1613 Dioeesinm,
1191 1529 1330 1597 salntem
1345 1535 1378 1596 et
1388 1534 1481 1618 Apo-

343 1635 494 1704 stolicam
511 1637 781 1705 benedictionem.
805 1635 952 1703 Turbata
968 1643 1018 1703 est
1033 1637 1143 1704 anima
1158 1643 1271 1704 nostra
1286 1637 1393 1722 valde,
1409 1644 1479 1704 tnr-

344 1746 485 1815 bationis
501 1767 636 1815 causam
651 1767 729 1814 casu
745 1746 846 1814 flebili
869 1747 966 1815 nobis
985 1744 1095 1832 dante,
1121 1767 1219 1833 super
1234 1746 1477 1816 immanitatem

344 1855 530 1922 detestandi
545 1855 712 1940 facinoris,
736 1849 828 1939 'quod
851 1854 984 1940 quidam
1010 1855 1069 1922 ilii
1086 1855 1193 1923 Belial
1216 1854 1408 1941 familiares,
1438 1865 1479 1924 ut

343 1961 463 2030 dicitur
478 2011 486 2027 .
499 2011 527 2030 ..
545 1960 758 2028 Oenadiensis
781 1963 938 2050 Episcopi
962 1964 996 2030 in
1012 1984 1125 2030 necem
1149 1965 1234 2032 bone
1250 1962 1403 2031 memorie
1420 2013 1429 2029 .
1444 2013 1477 2032 ..

343 2071 483 2138 Abbatis
508 2069 698 2136 monasterii
722 2069 929 2139 Bristricnsis
945 2071 1120 2138 crudeliter
1143 2077 1382 2158 perpetrarunt,
1410 2091 1477 2138 nec

345 2178 579 2264 exageratione
609 2175 736 2262 indiget
758 2178 864 2264 ipsius
890 2179 1023 2246 sceleris
1054 2175 1266 2263 magnitudo,
1299 2177 1478 2265 cumipse

343 2285 457 2354 auditu
474 2283 751 2354 abominationem
767 2295 902 2374 generet
918 2294 950 2355 et
965 2288 1151 2374 horrorem;
1172 2306 1367 2371 quamquam
1383 2305 1482 2353 acer-

343 2396 480 2464 bitatem
495 2394 612 2481 flagitii
628 2415 694 2464 non
704 2395 866 2464 modicum
882 2403 1051 2481 aggravet,
1068 2393 1154 2480 qnod
1167 2403 1243 2480 post
1257 2413 1372 2481 paoem
1384 2394 1478 2462 inter

342 2505 475 2572 eosdem
491 2503 651 2570 Abbatem
669 2511 701 2569 et
716 2503 915 2590 Episcopum
938 2501 1158 2587 reformatam,
1175 2501 1237 2568 luit
1252 2501 1338 2568 idem
1354 2501 1476 2570 Abbas

342 2633 409 2680 non
425 2611 531 2678 minus
555 2610 735 2698 proditorie
754 2631 852 2696 qnam
870 2609 1046 2677 crudeliter
1061 2616 1093 2676 et
1118 2609 1348 2677 miserabiliter
1371 2608 1476 2676 inter-

343 2721 459 2788 iectus.
487 2721 574 2786 Sane
590 2719 667 2788 olim
683 2719 797 2786 eodem
813 2719 942 2786 Abbate
958 2719 991 2784 in
1007 2723 1118 2786 nostra
1144 2718 1308 2804 presentia
1322 2717 1477 2784 lacrima-

345 2827 458 2894 biliter
471 2833 697 2912 conquerente,
725 2825 812 2912 quod
828 2825 950 2894 dudum
966 2833 1038 2893 orta
1054 2825 1259 2912 interipsum
1278 2834 1309 2892 et
1325 2823 1478 2892 Consen-

342 2943 412 3003 tnm
427 2933 507 3001 dieti
522 2934 712 3002 Menanterii
727 2955 766 3000 ex
784 2940 877 3020 parte
893 2955 969 3018 una,
985 2946 1018 3001 et
1033 2935 1229 3022 Episcopum
1245 2935 1476 3020 supradictum

343 3062 385 3109 ex
401 3041 505 3107 altera
521 3061 618 3128 super
634 3041 736 3107 illatis
755 3041 906 3127 dampnis
923 3049 956 3108 et
971 3042 1124 3128 irrogatis
1141 3041 1269 3108 iniuriis
1285 3042 1327 3108 ab
1343 3041 1475 3126 eodem,

343 3149 413 3216 iure
429 3151 636 3235 Patronatus,
654 3149 741 3232 qued
755 3151 790 3216 in
805 3149 932 3235 prefato
949 3149 1147 3218 Monasterio
1164 3149 1270 3216 dictus
1286 3147 1476 3235 Episcopus

342 3279 379 3326 se
394 3259 517 3326 habere
528 3245 666 3343 dicebat,
683 3265 716 3326 et
728 3259 823 3326 rebus
834 3260 909 3326 aliis
925 3279 1033 3326 coram
1043 3258 1223 3326 venerabili
1241 3257 1340 3324 fratre
1356 3265 1475 3324 nostro

411 3369 574 3454 Episcopo
591 3367 791 3450 Prenestino,
809 3375 886 3432 tunc
902 3365 1090 3451 Apostolice
1104 3365 1199 3432 Sedis
1215 3367 1350 3450 Legata,
1367 3373 1475 3432 mate-

345 3475 397 3542 rin
412 3473 600 3560 questionis,
627 3473 713 3542 idem
730 3475 940 3541 Prenestinus
957 3473 1075 3560 partim
1101 3493 1161 3561 pro
1177 3474 1250 3557 ipso
1272 3470 1475 3538 (lenadiensi

342 3591 376 3650 et
391 3583 511 3670 partim
527 3603 586 3670 pro
601 3584 725 3650 eisdem
741 3583 868 3650 Abbate
884 3592 917 3650 et
935 3583 1102 3648 Conventu
1118 3579 1324 3647 diffinitivam
1340 3588 1475 3646 senten-

342 3692 423 3758 tiam
439 3689 684 3775 promulgarat:
700 3689 867 3778 predictus
885 3687 1099 3754 Oenadiensis
1115 3687 1229 3754 eadem
1245 3687 1408 3753 sententia
1425 3687 1474 3753 vi-

343 3801 483 3886 lipensa,
500 3797 560 3864 illa
576 3797 712 3882 exigens
729 3797 771 3863 ab
788 3797 920 3879 eisdem,
947 3795 1122 3879 dequibus
1141 3797 1271 3862 lucrant
1294 3795 1476 3861 sententie-

341 3907 416 3974 liter
430 3904 581 3990 absoluti,
599 3905 676 3990 quia
692 3925 732 3972 ea
751 3904 814 3970 sibi
836 3905 990 3972 exhibere
1005 3903 1170 3990 nolebant,
1196 3902 1279 3970 sicut
1293 3921 1354 3968 nec
1369 3899 1475 3969 etiam

343 4015 548 4099 tenebantur,
572 4034 645 4080 enm
661 4019 858 4080 armatorum
875 4011 1080 4079 multitudine
1100 4011 1142 4076 ad
1159 4007 1389 4076 monasterium
1405 4031 1475 4077 me·

343 4129 502 4189 moratum
529 4123 680 4207 accessit,
706 4130 739 4188 et
753 4121 862 4188 ianuis
878 4121 948 4188 eins
971 4121 1086 4187 fractis
1112 4121 1234 4187 dictum
1250 4119 1411 4186 Abbatem
1428 4139 1473 4186 ac

340 4229 476 4314 triginta
493 4229 575 4298 duos
590 4231 776 4315 monachos,
804 4249 840 4298 se
855 4227 1048 4318 protectioni
1069 4227 1260 4315 Apostolice
1284 4245 1476 4311 supponen-

342 4341 403 4419 tes,
429 4355 494 4403 non
511 4339 636 4427 absque
661 4338 835 4406 iniectione
860 4357 1013 4404 manuum
1039 4337 1194 4421 violenta,
1220 4332 1368 4419 nequiter
1391 4335 1474 4422 capi

341 4441 430 4526 lecit,
455 4449 488 4508 et
502 4444 642 4514 vinculis
657 4446 771 4515 ferreis
787 4445 989 4532 compeditos
1005 4443 1164 4512 carcerali
1185 4441 1333 4510 custodie
1348 4444 1474 4510 manci-

341 4549 434 4636 pari;
461 4569 522 4616 nec
537 4549 601 4616 hiis
616 4559 795 4640 contentus,
822 4554 867 4622 ad
883 4552 1045 4620 cumulum
1072 4549 1205 4620 maioris
1222 4549 1376 4635 nequitie,
1394 4548 1477 4622 Cor-
