3198 5160
608 323 765 429 jur—

126 523 226 591 etiam
243 523 327 591 LX2·
349 529 459 592 castra
473 523 693 592 munitissima
702 525 880 612 capiebant
896 529 967 593 tam
983 525 1156 612 populosa,
1172 525 1260 612 quod

125 631 165 698 de
189 653 255 699 nno
272 651 383 701 eornm
409 639 560 720 poteraut
585 633 675 698 exire
700 633 744 702 50
763 632 854 700 milia
879 634 1020 702 militum
1045 643 1253 704 armatorum.
1293 613 1301 636 ’

125 739 277 808 Ceterum
294 759 422 824 quoque
438 749 472 808 et
484 738 613 824 Wedin,
630 748 662 806 et
674 741 872 828 Merowiam,
883 743 1109 828 Poydowiam,
1125 741 1254 810 Morda-

124 868 239 914 uornm
255 849 401 934 Regnum
427 850 650 935 expugnabat,
678 849 769 917 onius
786 849 850 918 duo
866 850 1033 938 Principes
1049 850 1187 918 luerunt.
1213 853 1255 918 ut

125 977 208 1024 unus
225 957 385 1044 Princeps
410 977 483 1025 cum
501 963 571 1026 toto
596 958 718 1044 populo
743 964 776 1024 et
791 956 917 1024 familia
939 957 1174 1028 'Phartarorum
1199 959 1254 1026 do-

125 1064 226 1131 minio
242 1083 279 1132 se
295 1065 492 1132 subiceruut.
511 1066 604 1134 Alter
618 1085 696 1133 vero
713 1065 934 1132 munitissima
949 1066 1023 1134 loca
1037 1065 1082 1133 ad
1098 1067 1253 1134 tuendum

124 1191 160 1236 se
175 1171 274 1256 petiit
289 1193 361 1240 cum
373 1173 487 1260 paucis
504 1171 645 1260 populis,
662 1173 691 1240 si
708 1173 843 1240 valeret.
860 1173 953 1240 Nunc
967 1181 1088 1258 autem,
1104 1193 1177 1242 cnm
1193 1194 1253 1242 nos

122 1275 156 1342 in
172 1277 292 1344 finibus
302 1277 419 1346 Rnsoie
429 1297 645 1362 maneremus,
662 1297 765 1365 prope
774 1279 822 1346 rei
837 1278 956 1346 scimus
967 1281 1150 1365 veritatem,
1167 1282 1255 1363 quod

122 1391 211 1452 totns
227 1387 388 1454 exercitus
404 1389 646 1474 Thertarornm,
672 1389 808 1456 veniens
824 1389 868 1456 ad
886 1397 996 1476 partes
1013 1388 1204 1474 occidentis,
1220 1389 1254 1456 in

123 1492 191 1560 llll
211 1502 323 1580 partes
348 1501 398 1564 est
414 1495 550 1564 divisus.
575 1498 647 1564 Vna
663 1517 742 1583 pars
767 1497 811 1564 ad
827 1497 960 1566 fluvium
976 1498 1065 1566 lithil
1086 1500 1121 1566 iu
1135 1497 1254 1566 linibus

122 1601 243 1669 Ruscie
258 1623 280 1669 a
294 1603 395 1690 plaga
411 1603 561 1670 orientali
579 1603 622 1670 ad
638 1603 740 1671 Sudcl
757 1605 926 1691 applicuit.
947 1606 1064 1674 Altera
1080 1625 1157 1674 vero
1175 1623 1252 1690 pars

122 1727 240 1779 uersus
255 1709 423 1780 meridiem
447 1711 514 1779 iam
531 1713 612 1778 lines
628 1713 800 1798 Recennie,
826 1713 914 1798 quod
930 1721 980 1782 ost
1005 1715 1091 1782 alius
1107 1715 1253 1782 Ducetus

122 1821 322 1886 Rutenorum
337 1817 434 1908 (lgp),
450 1839 548 1906 quam
565 1839 730 1904 nunquam
746 1821 991 1908 expugnabant.
1015 1821 1129 1888 Tertia
1143 1826 1253 1894 autem

122 1947 200 2012 pars
225 1935 341 1996 ccntm
365 1927 499 1995 fluvium
514 1930 586 1996 Den
610 1945 713 2016 prope
737 1935 881 1996 castrum
897 1929 1101 2016 Ovcbernob‚
1126 1929 1181 2014 qui
1204 1935 1254 1997 est

122 2035 210 2104 alins
225 2036 372 2102 Ducatcs
386 2037 619 2122 Rntbenorum,
636 2037 821 2123 residebat3
847 2037 883 2104 bi
900 2035 991 2126 (hoc)
1009 2043 1119 2106 amen
1135 2057 1253 2124 expec-

120 2147 244 2227 tantes,
270 2144 356 2229 quod
381 2145 466 2212 sicnt
490 2151 523 2210 et
548 2145 613 2231 ipsi
629 2145 780 2230 Rutheui,
808 2145 945 2231 Ungari,
970 2152 1003 2213 et
1022 2146 1167 2232 Bulgari,
1197 2144 1253 2230 qni

123 2254 201 2316 aute
226 2267 283 2316 eos
308 2250 448 2336 fueraut,
474 2251 551 2317 vira
576 2269 655 2318 voce
681 2251 777 2318 nobis
802 2251 1008 2320 referebant:
1038 2252 1136 2337 quod,
1163 2259 1252 2320 terra

122 2356 232 2422 lluuiis
243 2362 276 2421 et
285 2357 462 2443 paludibus
472 2357 507 2424 in
517 2357 667 2444 proxima
675 2358 782 2424 hieme
795 2358 988 2445 congelatis,
1005 2364 1107 2426 totam
1117 2361 1251 2428 Roaiam

121 2464 184 2530 toti
199 2463 397 2532 multitudini
422 2464 471 2532 sic
486 2463 585 2532 facile
602 2465 717 2532 osteis
734 2464 916 2552 depredari,
939 2462 1051 2551 (sicut)
1068 2471 1171 2534 totam
1188 2473 1251 2534 ter·

120 2593 193 2638 ram
209 2574 439 2639 Rutbeuorum.
465 2573 520 2638 Sic
536 2578 645 2640 umen
662 2573 858 2658 intelligatis
874 2573 935 2639 hec
951 2575 1071 2658 omnia,
1091 2573 1178 2658 quod
1191 2574 1249 2642 ille

121 2681 306 2764 Gorgatan
321 2681 408 2765 Dux,
425 2681 573 2766 primitus
590 2681 646 2766 qui
665 2681 785 2750 bellum
802 2680 979 2767 inchoavit,
1003 2687 1053 2747 est
1069 2679 1249 2748 defunctus.

121 2787 217 2854 Nunc
233 2796 341 2855 autem
367 2788 454 2856 filins
479 2789 549 2856 eius
567 2789 692 2875 Chaym
709 2795 825 2876 regnat
852 2809 911 2873 pro
927 2787 1054 2873 eodem,
1080 2795 1111 2854 et
1131 2787 1252 2856 residet

120 2896 156 2961 iu
173 2894 309 2962 ciuitate
325 2915 445 2980 magua
461 2895 602 2984 Oruacb,
628 2897 721 2963 cuius
737 2897 885 2983 Regnum
905 2896 1046 2964 obtinuit
1070 2901 1163 2982 pater
1180 2897 1252 2964 eius

119 3003 226 3090 prima
250 3003 367 3072 fronte.
392 3003 528 3071 Residet
543 3011 652 3070 autem
676 3005 736 3070 lali
752 3005 868 3072 modo:
885 3004 1047 3070 Palatium
1064 3004 1164 3070 habet
1182 3012 1251 3072 tam

121 3131 289 3197 magnum,
316 3111 403 3197 quod
421 3111 509 3178 mille
535 3112 662 3197 equites
688 3112 811 3179 intrant
834 3131 894 3197 per
920 3130 1018 3178 unum
1043 3110 1195 3197 hostium,
1216 3118 1249 3180 et

119 3219 221 3286 iidem
246 3217 410 3307 (eideml)
426 3220 623 3286 inclinantes
648 3221 775 3304 equites
792 3227 911 3287 exeunt
935 3217 1146 3286 nibilominus
1171 3219 1249 3288 insi-

120 3327 248 3398 dentes.
274 3330 349 3395 Dux
375 3337 483 3397 autem
509 3329 657 3418 prefatus
681 3331 812 3417 parauit
834 3329 898 3397 sibi
922 3330 1042 3396 lectum
1066 3327 1192 3415 grande
1217 3337 1250 3397 et

119 3437 235 3524 altum,
261 3435 422 3504 columnis
446 3437 554 3505 aureis
571 3437 706 3505 inixum.
734 3440 868 3506 Lectum
894 3437 1029 3523 inquam
1045 3459 1189 3526 aureum,
1215 3446 1249 3508 et

119 3544 363 3631 preciosissima
379 3553 577 3634 coopertum,
593 3547 629 3613 iu
645 3565 709 3632 qno
725 3545 819 3614 sedet
834 3545 929 3631 quasi
944 3546 1119 3632 gloriosus,
1139 3555 1173 3632 et
1186 3547 1247 3614 cir-

120 3652 293 3722 cumdatus
309 3654 555 3738 gloriosissimis
572 3655 778 3723 indumentis.
808 3654 927 3724 Hostia
941 3665 1051 3724 autem
1069 3655 1173 3741 ipsius
1190 3675 1248 3740 pa·

118 3761 191 3828 latii
217 3781 278 3848 per
302 3768 404 3830 totum
429 3782 532 3830 aurea
556 3770 641 3830 sunt.
673 3765 824 3848 Perque
849 3764 975 3846 equites
1001 3764 1052 3830 sui
1078 3769 1249 3832 transeunt

120 3853 328 3958 inclinantes,
345 3879 378 3939 et
393 3871 584 3958 incolomes,
602 3880 635 3940 et
645 3873 780 3941 imunes.
797 3873 906 3941 Alieni
922 3874 973 3942 sui
984 3873 1098 3960 nuntii,
1114 3874 1145 3942 si
1160 3873 1249 3959 equi.

117 3983 168 4048 tes
183 3985 356 4046 transeunt
381 3998 441 4064 per
456 3978 575 4065 hostia,
592 3981 644 4046 vel
660 3978 799 4068 pedites,
824 3981 854 4048 si
870 3980 1011 4068 pedibus
1027 3979 1127 4050 limen
1147 3980 1247 4049 hostii

119 4094 270 4176 tangunt,
295 4087 417 4154 ibidem
434 4085 547 4172 gladio
563 4087 733 4157 feriuntur.
750 4089 814 4156 Sed
831 4110 903 4158 curn
918 4107 1045 4157 summu
1063 4091 1247 4158 reverentia

119 4203 250 4284 oportet
265 4195 408 4263 alienum
434 4195 612 4280 quemlibet
628 4197 782 4264 transire.
807 4198 844 4264 ln
859 4197 919 4264 tali
936 4216 1014 4283 ergo
1031 4217 1152 4284 pompa
1166 4198 1243 4266 resi-

120 4306 210 4391 dens,
236 4304 325 4372 misit
340 4304 503 4372 exercitus
518 4325 596 4372 suos
611 4325 670 4392 per
684 4306 833 4374 diuersas
849 4313 965 4390 terras,
992 4304 1145 4374 videlicet
1161 4307 1247 4373 ultra

120 4433 219 4500 mure,
245 4412 330 4480 sicut
355 4410 527 4498 credimus,
554 4418 587 4480 et
603 4417 726 4498 quanta
740 4413 787 4480 ibi
813 4414 937 4497 lecerit,
963 4414 1062 4481 etiam
1081 4433 1140 4480 vos
1154 4412 1246 4480 audi-

121 4521 225 4588 vistis.
257 4521 368 4588 Alium
393 4529 502 4590 antem
527 4521 704 4590 exercitum
729 4523 896 4610 copiosum
926 4522 1012 4589 misit
1040 4521 1133 4588 iuxta
1158 4540 1247 4590 mare

121 4649 217 4717 super
242 4647 355 4698 omnes
371 4627 545 4716 Cumanos,
573 4631 628 4712 qui
644 4630 688 4698 ad
706 4635 818 4717 partes
834 4629 982 4716 Ungarie
996 4628 1246 4715 transfugerunt.
