3148 5156
347 449 527 538 Symeonis,
541 446 704 515 Leonardi
721 445 905 513 doPessine
916 441 1121 529 spalatensis
1139 447 1171 509 et
1181 441 1268 507 aliis.
1285 439 1357 523 Ego
1369 438 1480 504 Debre

344 558 484 627 Dusoize
501 555 707 623 examinator
724 551 873 620 conscius
892 550 1019 636 scripsi.

452 665 523 748 Ego
539 661 672 728 Amicus
688 659 897 746 Capellanns‚
919 655 1107 725 Communis
1119 654 1324 740 Spalatensis
1340 653 1480 722 Juratus

345 772 500 840 Notarius
526 769 576 836 his
604 766 801 850 intentabat
827 766 868 832 de
892 765 1060 832 voluntate
1084 762 1188 849 ipsius
1214 761 1338 828 domini
1364 760 1477 828 Archi-

346 877 491 964 episcopi
507 884 641 960 rogatus
658 871 783 960 scripsi,
802 879 835 939 et
850 879 1004 939 consueto
1022 871 1116 955 signo
1134 868 1298 936 roborari.

579 1067 703 1132 (Parisii,
717 1067 856 1133 Illyricum
869 1066 982 1120 Sacrum
996 1067 1045 1119 111.
1059 1066 1116 1116 istit.
1136 1067 1197 1119 279.
1210 1065 1239 1130 l.)

349 1977 484 2040 Liriaoa
500 1973 741 2058 orozdpbr'rrinut·
766 1973 1031 2058 bizoapoeiplecole,
1047 1973 1127 2056 kopp
1144 1970 1259 2035 rilr'iiris
1275 1971 1402 2036 octonas
1417 1973 1483 2053 fiai

694 2077 779 2142 albite
794 2077 1013 2143 oaztozlrodtois.
1031 2075 1128 2142 1256.

458 2273 527 2341 Nos
543 2273 700 2357 Magister
716 2271 915 2338 Laurcnoius
940 2269 1047 2336 Juder
1065 2269 1160 2337 (turio
1185 2268 1307 2336 domini
1327 2267 1431 2353 Regis
1448 2277 1482 2336 et

350 2381 466 2450 Comes
482 2381 699 2465 Zaladiensis,
726 2381 842 2446 damus
857 2399 917 2465 pro
934 2377 1088 2444 memoria
1104 2377 1326 2460 significantes
1347 2377 1480 2443 miner-

349 2489 405 2570 sis,
432 2487 518 2574 quor
535 2487 748 2556 Sebastianus
764 2485 892 2570 Comes,
911 2485 1037 2570 Petrus,
1065 2485 1220 2551 Nicotaus
1237 2483 1364 2571 (tomes,
1387 2485 1482 2551 Salo·

255 2673 259 2682 ,
350 2613 425 2660 mon
441 2593 672 2680 acWoywoda
688 2593 733 2660 tili
752 2589 838 2679 (igy)
855 2591 984 2658 Nicolai
1001 2591 1093 2672 Rani,
1114 2591 1281 2658 constituti
1298 2594 1479 2678 personali-

350 2705 399 2766 ter
424 2721 533 2768 coram
550 2699 654 2782 nobis,
681 2697 989 2784 conposicionaliter
1013 2698 1056 2764 ad
1080 2698 1178 2764 robur
1202 2705 1359 2784 perpetue
1385 2701 1481 2782 pacis

352 2805 450 2871 tatem
467 2811 696 2892 perpetrarunt
711 2805 745 2870 in
756 2804 1019 2892 possessionibus
1036 2824 1145 2871 eornm
1157 2803 1360 2890 diuisionem,
1378 2825 1480 2890 qnam

350 2909 543 2987 diuisionem
559 2932 600 2977 ex
617 2931 776 2978 consensu
797 2911 933 2976 fratrum
950 2911 1065 2978 Comes
1081 2911 1296 2978 Sebastianus
1316 2916 1348 2976 et
1364 2909 1482 2978 Petrus

353 3017 553 3085 ordinarunt.
579 3019 631 3086 Ita
647 3017 809 3104 videlicet,
836 3015 924 3103 quod
945 3019 988 3084 cb
1006 3037 1070 3086 una
1087 3025 1180 3104 parte
1204 3019 1317 3085 uillam
1338 3017 1482 3106 Nenprit

353 3131 511 3209 uocatam,
539 3125 651 3192 uillam
677 3127 847 3210 Drcgnan,
874 3123 1007 3192 fundum
1031 3125 1121 3210 Bon,
1147 3127 1261 3192 uillam
1288 3125 1379 3210 Saag
1405 3147 1481 3193 oum

350 3232 490 3299 eeclesia
515 3241 548 3299 et
564 3231 757 3318 molendino,
785 3242 906 3300 etcum
922 3269 966 3281 -
983 3269 1027 3282 -
1042 3271 1086 3282 -
1102 3240 1231 3300 centum
1257 3236 1377 3300 marcis
1404 3255 1480 3302 eon-

352 3343 476 3406 stmcta
491 3347 523 3404 ct
549 3337 710 3423 animata,
737 3336 929 3404 Gradisoam
955 3338 1120 3422 quandam
1144 3340 1387 3426 possessionem
1402 3361 1480 3407 oum

352 3453 456 3532 portu,
474 3443 586 3511 uillam
596 3443 733 3528 Borcek‚
750 3445 863 3511 uittam
874 3445 994 3528 Bozun,
1006 3445 1249 3532 possessiouem
1260 3447 1366 3513 Ebrus
1383 3466 1480 3516 noca-

349 3561 428 3633 tam‚
455 3570 528 3617 cum
545 3551 630 3618 silua
654 3569 715 3618 sua
729 3552 859 3618 nomine
875 3551 991 3638 Lippo,
1018 3573 1090 3618 cnm
1109 3552 1265 3639 pisscina‚
1292 3553 1385 3621 onius
1404 3577 1478 3642 pro·

349 3666 465 3728 uentus
482 3678 584 3741 usqne
597 3659 838 3727 reuolucionem
855 3662 932 3727 anni
949 3661 1317 3746 quinquagintamarcis
1337 3671 1388 3730 cst
1404 3663 1479 3730 esti·

350 3775 468 3853 matus,
485 3786 567 3850 quas
583 3775 768 3834 numeratas
785 3770 1010 3852 possessiones
1027 3789 1085 3854 pro
1104 3769 1208 3836 tribus
1224 3771 1375 3857 partibus
1392 3772 1481 3858 ipsa·

349 3897 420 3943 rum
438 3895 569 3944 suarum
595 3877 841 3962 possessionum
868 3876 1117 3944 diuidendamm
1144 3876 1321 3947 diuidendo
1348 3880 1479 3946 ordina·

350 3990 435 4050 runt.
453 3985 533 4050 Item
545 3983 587 4048 ab
600 3983 667 4049 atis
683 3989 777 4068 parte
787 3984 899 4051 uittam
911 3985 1086 4053 Babdassa
1096 3987 1335 4072 possessionem
1347 3988 1478 4056 Kustan

347 4091 488 4175 nomine,
505 4091 746 4177 possessionem
763 4092 836 4160 uoti
855 4099 1016 4178 siccatam,
1037 4100 1071 4160 et
1086 4095 1329 4180 possessionem
1337 4095 1478 4162 Tarnnk

348 4203 510 4284 uocatam,
528 4199 619 4265 cuins
636 4219 694 4267 suo
711 4200 908 4267 Monasterio
924 4199 1010 4288 (tgy)
1026 4223 1084 4288 pro
1103 4201 1229 4268 duabus
1240 4201 1389 4288 partibus
1406 4222 1479 4269 sua-

348 4325 417 4372 rum
433 4307 678 4394 posscssionum
705 4305 881 4376 diuidendo
900 4309 1100 4376 ordinarunt.
1127 4311 1242 4393 Itaque
1258 4312 1347 4377 tacta
1366 4331 1479 4378 coram

348 4413 442 4479 nobis
468 4413 528 4480 tali
545 4413 706 4482 diuisione
722 4415 806 4482 iuter
822 4424 942 4502 partes,
960 4417 1128 4501 Nicotaus,
1156 4418 1311 4486 Salomon
1330 4424 1363 4484 et
1378 4419 1479 4502 Woy·

349 4517 444 4602 noda,
476 4521 581 4605 primo
599 4524 781 4591 nominatas
798 4529 831 4591 et
846 4529 1033 4593 numeratas
1055 4524 1280 4613 possessiones
1299 4545 1358 4611 pro
1373 4525 1479 4592 tribus
