3112 5148
624 301 780 402 „Q

134 495 272 563 filioram
299 503 471 564 eteorum
498 496 636 566 heredes
660 497 734 582 jura
761 507 921 586 perpetuo
946 511 979 568 et
1007 501 1266 572 irrouoeahiliter

10 651 11 680 l
132 603 267 691 paeilloe
293 602 541 691 possidendam,
567 607 741 673 tonandam
766 607 891 696 pariter
917 617 949 676 et
973 609 1177 694 habendam
1203 611 1263 678 tali

129 711 323 779 eondieione
349 711 535 797 mediante,
567 715 654 796 quod
681 715 889 800 supradictus
915 715 1017 783 Jasoh
1043 717 1086 784 ab
1114 717 1264 786 omnibns

10 875 11 904 1
131 816 404 902 inpeticionibus,
432 826 465 886 et
480 821 623 888 maxime
639 841 661 888 a
675 820 831 890 fratribus
857 830 890 889 et
915 823 1074 909 proximis
1100 824 1170 892 suis
1195 825 1263 890 vni-

10 1011 11 1026 }
132 925 245 1010 uersis,
262 925 394 993 raoione
410 927 496 994 dioto
506 927 660 996 sculteoie
677 929 784 1015 ipsum
797 929 971 998 Gablinnm
991 939 1024 998 et
1038 951 1115 1000 suos
1135 951 1260 999 sucees-

129 1053 219 1100 sores
234 1033 381 1121 propriJs
395 1035 564 1104 laboribus
580 1044 613 1104 et
629 1037 781 1123 expensis
802 1044 950 1106 teneatur
968 1038 1144 1106 detondere
1161 1047 1193 1109 et
1208 1061 1262 1108 sx-

130 1138 258 1226 pedire;
285 1149 319 1208 et
343 1141 577 1210 nichilominus
602 1144 730 1212 litteras
755 1153 886 1214 nostras
911 1145 1135 1232 priuilegiales
1162 1165 1261 1232 snper

10 1259 11 1262 ’
130 1248 243 1314 eadem
258 1249 418 1316 senlteoia
433 1250 510 1316 olim
520 1251 695 1332 confectas,
712 1253 832 1319 virtute
847 1271 983 1336 quarum
993 1252 1132 1320 eandem
1143 1252 1257 1322 habuit

131 1361 162 1421 et
174 1355 332 1441 possedit,
349 1356 487 1424 tradidit
503 1358 536 1424 in
552 1378 669 1425 manus
686 1357 820 1426 Gablini
836 1369 900 1427 lam
921 1359 1001 1426 dieti
1011 1359 1112 1426 Jasoh
1129 1359 1258 1445 prodie-

130 1469 190 1529 tns.
215 1460 356 1550 Insuper
371 1467 488 1532 Petras
512 1465 618 1533 frater
642 1464 789 1533 eiusdem
805 1465 948 1548 Goblini
975 1465 1102 1532 vieinns
1129 1485 1257 1552 eompa-

130 1589 201 1638 rens
216 1591 328 1639 eoram
341 1571 436 1639 nohis
453 1571 678 1659 personaliter,
696 1573 833 1640 alteram
853 1571 1063 1640 medietatem
1079 1571 1257 1638 molendini

130 1679 319 1766 repudiati,
346 1685 571 1764 comparatam
595 1699 617 1745 a
639 1681 777 1746 Hannus
801 1680 889 1747 dioto
915 1679 1093 1746 Zolehener
1118 1680 1256 1748 sonltoto

10 1799 11 1816 ¹
129 1786 169 1852 de
181 1786 404 1870 Rnnnmheeh,
430 1805 503 1854 oum
519 1787 669 1854 omnibns
685 1787 753 1855 suis
775 1785 972 1854 stilitatihns
997 1793 1029 1853 et
1044 1785 1256 1873 pertinonoiis

10 1887 11 1966 ἶ
130 1911 167 1958 aa
175 1893 309 1978 juribus
324 1893 473 1962 vendidit
488 1913 598 1962 eoram
614 1895 709 1962 nohis
735 1893 823 1964 dieto
839 1892 986 1961 (iohlino
1001 1892 1095 1960 fratri
1119 1905 1179 1962 sno
1195 1909 1255 1979 pto

127 1999 238 2068 doeam
262 1999 384 2068 mareis
408 2020 595 2086 grossorum
620 2007 777 2088 perpetuo
791 2002 867 2086 jura
883 2006 916 2067 et
939 1999 1199 2070 irronoeabilitsr
1221 2001 1255 2067 in

128 2107 209 2174 tilios
233 2108 376 2175 liliorum
400 2109 445 2175 ab
470 2107 586 2176 eodem
611 2110 708 2195 plene
738 2107 860 2175 habitis
885 2114 917 2174 et
942 2105 1102 2192 complete
1133 2107 1254 2174 merois

10 2249 11 2308 l
126 2215 333 2299 supradietis,
359 2215 442 2282 nihil
451 2215 538 2300 juris
553 2215 700 2298 nihilque
716 2213 853 2298 dominii
869 2213 934 2282 sihi
952 2213 986 2280 in
1002 2211 1118 2282 eodem
1134 2213 1256 2281 molan-

10 2339 11 2408 i
125 2322 200 2390 dino
214 2341 400 2409 mannans,
424 2323 458 2390 in
475 2341 572 2392 annm
587 2341 718 2410 semper
733 2321 814 2388 etin
830 2321 1036 2388 otemitatom
1050 2323 1253 2404 perpetuam.

10 2413 11 2502 i
124 2429 173 2496 Ad
187 2429 390 2517 pelieionem
405 2432 551 2517 persium
576 2428 840 2518 supradiotarum
864 2445 1001 2514 presens
1017 2430 1163 2491 nostrum
1182 2443 1254 2492 oon-

124 2535 279 2604 eesaimns
295 2536 511 2624 priuilegium
532 2539 707 2625 pandentis
722 2535 824 2620 sigilli
849 2531 954 2603 nostri
969 2528 1146 2598 monimine
1162 2529 1255 2600 robo-

124 2651 236 2710 ralnm.
265 2645 389 2711 Datum
404 2643 438 2710 in
452 2643 536 2714 lesto
552 2647 673 2712 Sanete
689 2639 860 2711 Elisabeth
875 2638 1001 2724 Regiae
1022 2657 1107 2704 anno
1123 2637 1256 2710 Domini

123 2751 296 2819 millesimo
312 2751 537 2821 ducentesimo
556 2749 811 2838 quadragesimo
825 2749 938 2818 tersio.

118 2965 181 3036 (ΙΙΙ.
193 2965 283 3021 Jdnos
295 2968 404 3036 lengyel
423 2966 512 3036 kirily
524 2967 590 3022 dltal
605 2965 793 3035 megerdsltve,
807 2983 820 3019 s
834 2980 865 3016 az
879 2963 905 3016 ri.
918 2979 945 3014 n.
966 2963 1066 3032 „hiber
1078 2960 1254 3014 Relationem

10 3065 11 3072 ’
118 3067 146 3109 ot
156 3057 321 3110 Oblatamm
331 3057 516 3110 Outrensinm
526 3059 764 3111 cracovieneinm“
777 3053 865 3107 oslrnll
877 3048 1020 3120 nyilvinoa
1033 3050 1161 3116 khnyvhe
1172 3048 1251 3100 losa.

243 3145 420 3213 hejegyeave,
443 3146 573 3199 akralrhi
586 3143 713 3214 orandgos
726 3139 906 3212 thrvdnysndlr
919 3135 1125 3204 levdltdrdban.)
