3134 5158
560 936 637 1005 275.

63 1113 124 1174 balo
139 1113 231 1195 ir‘yobb
247 1113 350 1198 larulp
366 1139 386 1177 a
401 1114 598 1201 pplirmepyea'
621 1116 771 1202 lrciplalun
787 1123 816 1180 c's
830 1125 954 1204 pupadg
976 1121 1056 1186 luisti
1074 1143 1156 1207 appe·
1204 1213 1207 1220 Ι

186 1221 397 1305 netlensepelret
412 1246 431 1284 α
448 1223 562 1286 bardal·
578 1225 751 1310 tdrqycibun
768 1227 894 1291 ellare'al.
913 1227 1009 1292 1255.

147 1420 214 1488 Nos
225 1421 305 1486 Bela
315 1419 378 1486 Dei
388 1420 498 1504 gracia
508 1421 577 1488 Rex
586 1418 752 1506 Hungarie
762 1429 793 1488 ct
803 1424 877 1488 Dux
886 1423 982 1490 Stirie
992 1425 1155 1508 signitica-

58 1547 115 1594 nrns
131 1528 287 1596 uniuersis
298 1529 499 1615 presencium
516 1549 574 1615 per
587 1536 740 1616 tenorem,
757 1531 931 1614 quodcum
950 1533 1034 1600 inter
1046 1535 1155 1600 Archi-

57 1637 195 1704 diaconos
213 1638 359 1705 Ecclesia
375 1636 555 1706 Canonicos
572 1636 766 1706 (laudenses
783 1641 826 1706 ab
843 1661 908 1706 rna
926 1647 1029 1728 parte,
1058 1648 1090 1708 et
1105 1662 1154 1708 sa-

56 1749 186 1816 cerdotes
210 1746 355 1813 eiusdem
381 1747 531 1814 Diocesis
556 1746 745 1816 (leunensis
770 1769 810 1814 ex
840 1749 944 1816 altera
975 1749 1155 1834 questionis

56 1857 176 1922 materia
200 1874 298 1940 super
323 1875 467 1939 congrua
491 1857 645 1942 porcione
673 1857 877 1924 sacerdotum
903 1865 935 1923 et
960 1856 1154 1941 quibusdam

55 1967 116 2051 alijs
130 1965 244 2032 luisset
260 1964 403 2048 suborta,
421 1971 452 2031 et
467 1965 541 2052 ipsa
557 1985 656 2034 cansa
672 1967 799 2034 diucius
815 1967 995 2054 protelata3
1022 1967 1153 2034 tandem

56 2075 159 2160 placuit
175 2073 256 2158 ipsis
273 2071 517 2142 llrohidiaconis
543 2083 574 2141 et
591 2074 763 2145 (lenonicia
789 2096 828 2142 ec
845 2075 1076 2144 Sacerdotibus
1100 2095 1153 2142 no·

54 2190 138 2248 stram
162 2201 260 2267 snper
290 2182 351 2246 hoc
377 2181 615 2250 ordinacionem
648 2193 828 2270 acceptare.
861 2184 1013 2252 Partibus
1042 2185 1153 2269 itaque

54 2313 146 2357 curram
170 2291 267 2358 nobis
298 2291 541 2375 presencialiter
566 2293 767 2379 constitutis,
800 2293 912 2362 habito
939 2294 1151 2374 Prolatorum,

53 2401 224 2487 Principum
241 2407 273 2466 et
289 2398 554 2468 llonsiliariorum
581 2411 764 2470 nostrorum
779 2409 919 2469 tractatu
947 2401 1103 2487 diligenti,
1120 2406 1152 2466 et

54 2509 170 2577 consilio
186 2515 220 2575 et
236 2527 397 2574 consensu
414 2510 609 2577 venerabilis
628 2511 732 2598 patris
749 2511 786 2580 0.
798 2510 952 2597 Episcopi
962 2506 1150 2578 (leunensis

52 2617 142 2682 taliter
157 2617 379 2684 ordinauimus
396 2615 477 2684 inter
493 2625 603 2704 partes
619 2618 700 2706 ipsis
724 2618 971 2706 acceptantibus
987 2625 1019 2685 et
1033 2637 1149 2704 appro-

51 2726 207 2810 bantibus;
235 2723 321 2808 quod
337 2729 452 2810 quarta
468 2735 579 2811 quarte
596 2728 698 2812 partis
723 2729 864 2795 omnium
883 2723 1080 2794 decimarum
1107 2725 1150 2792 ad

51 2833 219 2903 sacerdotes
235 2833 409 2919 pertineat,
434 2841 499 2901 tres
516 2856 591 2904 vero
607 2841 717 2922 partes
733 2834 777 2902 ad
792 2837 945 2924 {tectores
971 2855 1029 2902 seu
1047 2833 1150 2920 Megi-

50 2953 118 3012 stros
141 2943 325 3010 eanonicus
355 2943 506 3010 videlicet
530 2944 678 3011 Ecclesia
706 2942 932 3029 cathedralis,
964 2943 1149 3011 oblaciones

48 3059 137 3120 anum
153 3061 187 3120 et
202 3051 417 3120 obnenciones
432 3072 471 3118 ae
488 3053 663 3120 mortuaria
679 3058 711 3118 et
727 3058 835 3119 cetera
860 3052 983 3118 minuta
997 3051 1101 3118 libere
1117 3058 1150 3118 et

49 3161 235 3246 integraliter
259 3161 322 3248 ipsi
338 3157 524 3228 sacerdotes
549 3160 740 3248 percipiant,
767 3160 912 3246 exceptis
936 3160 1148 3246 prouentibns

48 3279 70 3332 el
83 3268 332 3337 obnencionibus
349 3267 442 3334 vnins
470 3267 546 3336 festi
563 3268 596 3334 in
613 3289 709 3356 anno,
734 3267 821 3335 illius
837 3265 989 3334 videlicet
1011 3267 1097 3354 lasti,
1114 3267 1149 3334 in

49 3377 121 3445 arins
135 3380 260 3446 honore
270 3375 409 3443 ecclesia
424 3381 474 3442 est
489 3383 682 3463 constructa,
703 3396 784 3463 quas
794 3375 944 3461 Magistri
955 3374 1147 3462 percipiant,

47 3493 218 3554 nontamen
234 3505 292 3572 per
316 3485 510 3554 submissam
526 3505 699 3571 personam
719 3486 880 3570 laicalem,
906 3485 965 3552 sed
981 3485 1040 3572 per
1056 3505 1102 3570 se,
1119 3486 1147 3554 si

47 3595 171 3680 uoluerit,
199 3594 253 3662 vel
268 3614 327 3679 per
342 3613 434 3660 suum
460 3593 661 3662 sacerdotem
676 3601 733 3662 aut
756 3595 919 3662 clericum.
945 3595 997 3662 Ad
1014 3595 1075 3664 hoc
1089 3595 1146 3663 Ar-

46 3703 212 3774 clidiaconi
228 3722 301 3770 cum
317 3721 409 3770 suam
425 3701 560 3770 visitant
581 3703 855 3789 parochiamfeex
871 3701 1061 3787 equitaturis
1080 3701 1146 3770 sint

45 3812 175 3896 conanti,
194 3817 227 3878 et
242 3811 505 3898 procuracionem
523 3812 622 3880 semel
639 3811 672 3878 in
688 3831 773 3880 anno
790 3811 958 3898 recipiant,
980 3815 1012 3876 et
1027 3807 1144 3876 medie·

45 3926 124 3987 tatem
139 3923 223 4006 eius,
240 3920 327 4003 quod
343 3941 401 4006 pro
419 3918 639 3988 cathedratico
656 3921 800 4007 recipere
816 3923 1060 4002 consueuerant,
1076 3926 1143 3986 tam

46 4027 75 4093 le
87 4031 218 4098 matrice
233 4028 382 4112 ecclesia,
404 4047 501 4113 quam
517 4026 559 4095 de
574 4029 706 4115 capella
720 4029 887 4116 recipiant,
909 4036 942 4097 et
957 4048 1022 4098 non
1045 4027 1142 4113 vltra,

43 4137 74 4201 ab
86 4157 129 4226 eo,
154 4160 176 4204 a
191 4159 256 4224 quo
270 4145 502 4224 procurantur;
529 4138 654 4206 scilicet
669 4138 710 4205 de
726 4139 860 4206 matrice
883 4138 1024 4206 ecclesia
1049 4137 1140 4204 dimi-

44 4244 111 4312 dinm
135 4247 307 4332 fertonem,
335 4251 367 4313 et
383 4245 424 4314 da
449 4246 576 4332 capella
591 4247 655 4314 tria
679 4246 845 4334 pondera,
869 4249 912 4314 ab
928 4267 966 4314 eo
985 4251 1105 4334 autem,
1122 4265 1143 4311 a

43 4373 89 4437 quo
103 4357 368 4443 procuracionem
379 4377 443 4424 non
460 4355 628 4442 recipiunt,
646 4357 900 4424 cathedraticum
911 4377 1004 4424 sunm
1015 4357 1141 4440 integre

43 4468 213 4556 percipiant,
230 4465 407 4535 secundum
423 4466 635 4552 quantitatem
651 4472 841 4552 pretactam.
859 4467 941 4531 Item
953 4466 1140 4532 sacerdotes

43 4583 109 4644 nolu
123 4577 295 4665 questione
309 4613 591 4628 -----
608 4573 756 4660 ecclesijs
772 4574 983 4642 restituantur
999 4572 1043 4640 ad
1062 4593 1140 4640 suas

42 4685 177 4756 eclesias
194 4693 226 4755 et
242 4687 401 4756 beneficia
426 4685 514 4772 prius
531 4686 672 4770 obtenta,
700 4681 843 4771 dampna
859 4682 961 4750 eciam
987 4679 1137 4748 hincinde

916 4801 978 4856 25·
