3102 5160
596 295 758 398 „23⁵-

119 492 342 582 possidendes,
360 493 517 561 tenendas
534 513 573 560 ee
589 491 768 578 habendas,
784 493 871 561 sieut
887 499 984 560 erant
996 494 1030 560 in
1048 503 1154 581 eume,
1176 517 1245 582 per-

120 608 210 687 petuo
226 602 455 687 reliquisseut3
483 603 587 670 saluis
602 602 811 688 monesterijs
827 611 860 669 et
876 602 953 687 alijs
969 605 1242 689 possessionibus,

117 730 193 795 quas
217 729 293 777 oum
319 731 382 778 sue
406 711 624 795 genereeione
649 711 684 777 in
699 708 855 795 predictis
873 709 1090 777 comitatibus
1116 717 1148 778 et
1166 713 1242 796 slijs

14 891 15 896 ,
117 820 216 905 Regni
242 819 395 906 partibus
427 820 639 888 communiter
665 817 844 886 dinoseitur
872 819 1052 905 possidere.
1083 819 1153 887 Hoo
1177 839 1242 887 non

116 927 333 1014 pretermisso,
362 927 448 1010 quod
465 927 581 995 Comes
600 927 674 993 Iseo
699 933 850 1013 presente
867 926 993 994 Gemite
1011 926 1194 1011 Pungraoio
1211 935 1244 994 et

14 1047 15 1136 ἦ
117 1033 241 1100 bomine
256 1041 370 1102 vestro
395 1033 557 1122 prelibato
573 1034 667 1122 dixit,
694 1033 782 1121 quod
799 1035 877 1121 quia
900 1041 975 1101 sunt
989 1033 1118 1120 iratres,
1144 1054 1242 1120 queu-

14 1139 15 1156 ²
116 1149 307 1227 tumensque
326 1144 582 1211 reembulauerit
605 1143 832 1230 possessiones
847 1161 926 1210 snas
952 1151 1154 1230 perveteres
1180 1165 1243 1210 me·-

118 1258 163 1317 tus
178 1252 243 1318 sibi
261 1251 508 1338 appropriando
533 1251 631 1318 nullis
646 1251 963 1337 contradicentibus,
988 1251 1197 1320 nihilominus
1213 1257 1241 1322 si

14 1355 15 1370 ¹
116 1359 252 1426 alterum
268 1359 375 1426 altero
392 1359 465 1426 sine
480 1359 600 1426 herede
616 1358 760 1445 premori
780 1359 958 1444 eontiuget,
978 1379 1044 1426 non
1060 1361 1117 1446 eiij
1134 1360 1175 1425 de
1190 1381 1242 1444 ge-

116 1467 287 1534 nerseione
297 1485 359 1533 sue
374 1467 409 1532 in
419 1465 692 1553 possessionibus,
710 1485 775 1550 que
784 1466 817 1532 in
829 1467 1000 1536 cuiuslibet
1009 1473 1102 1554 parte
1117 1475 1237 1555 essent,

115 1575 297 1662 sneoedent,
316 1573 376 1642 sed
393 1576 489 1661 oliuu,
517 1577 571 1661 qui
587 1581 751 1662 superstes
767 1573 866 1642 fuerit
882 1573 924 1640 de
939 1573 1062 1641 eisdem
1084 1595 1156 1641 eum
1172 1575 1241 1644 suis

116 1681 275 1751 nauibus.
301 1685 425 1750 Datum
452 1684 486 1750 iu
512 1683 683 1768 quindenis
709 1681 973 1751 Resurreeoiouis
1000 1685 1130 1752 Domini
1155 1703 1241 1752 euno

117 1791 244 1856 Domini
259 1790 437 1859 millesimo
454 1791 674 1860 dueentesimo
691 1791 942 1878 quadragesimo
962 1791 1110 1878 septimo.
1228 1801 1230 1806 “

149 1987 278 2056 (Bithory
289 1988 386 2044 Istvtn
400 1989 503 2058 erdelyi
515 1992 599 2060 vsjda
614 1993 726 2046 lete-ki
739 1990 841 2046 emate
854 1994 955 2046 suerint
966 2010 973 2055 ς
986 2007 1004 2044 e
1016 1992 1067 2044 kir.
1081 1991 1203 2046 merei

580 2078 770 2148 levelttreon.)

642 2809 719 2879 1⁷0.

114 2996 164 3060 Az
182 2995 249 3078 apri
264 2989 478 3078 lodptaioooot
497 2991 764 3077 bizonpedpleoele,
787 2994 869 3079 bopp
884 2993 980 3059 Moza
1011 2993 1243 3080 Vattbanolefio

186 3099 280 3166 Ouud
294 3103 374 3164 oseti
389 3097 521 3164 brutos
535 3096 633 3184 Nupy
652 3097 760 3164 Olasze'
775 3099 941 3186 Epyedoelo
957 3101 1069 3167 elodta.
1085 3098 1182 3168 1247.

223 3295 382 3364 Omnibus
407 3292 527 3360 Christi
550 3291 701 3362 fidelibus
717 3300 885 3380 presentes
904 3295 1030 3364 litteras
1049 3295 1243 3384 inspeeturis

114 3404 287 3490 Agriensis
310 3401 457 3470 Euolesie
482 3400 646 3469 deuotumx
660 3400 846 3488 Capitulum
871 3403 1010 3470 salutem
1040 3407 1074 3472 iu
1101 3408 1243 3474 omnium

116 3515 294 3581 minatore.
310 3507 524 3576 Vniuersitati
541 3510 656 3576 Vestro
673 3515 784 3576 tenore
798 3511 1006 3596 presencium
1027 3510 1241 3602 declaremus,

115 3621 200 3708 quod
219 3618 357 3686 veniens
381 3615 426 3683 ud
447 3622 593 3686 nostrum
618 3617 822 3702 preseneian
846 3615 984 3703 Egidins
1009 3618 1096 3688 iilius
1120 3620 1243 3690 'rhome

116 3730 155 3796 de
179 3727 264 3794 ville
287 3725 437 3810 Nogoloz
462 3743 502 3792 ex
526 3743 593 3792 une
616 3731 721 3811 parto,
746 3729 843 3810 utque
868 3727 972 3807 Moza,
998 3729 1054 3810 qui
1081 3749 1117 3796 se
1141 3729 1243 3796 ilium

114 3835 237 3904 Vattbe
254 3832 395 3919 dieebst,
413 3851 454 3900 ex
469 3833 586 3918 altera,
610 3832 780 3919 proposuit
795 3852 904 3902 eorem
921 3834 1016 3904 nobis
1036 3835 1123 3904 idem
1137 3837 1241 3924 Mose,

116 3942 203 4032 quod
220 3963 263 4010 ex
274 3959 437 4009 eonsensu
454 3948 487 4008 et
502 3941 669 4010 voluntate
686 3941 855 4009 eonetunei
873 3939 959 4029 (igy)
975 3941 1029 4010 sui
1043 3943 1119 4028 Meg
1136 3944 1244 4012 Abba·

115 4056 155 4121 tis
171 4049 365 4134 Monesterij
384 4047 425 4116 de
440 4049 614 4134 Seereueb,
629 4067 691 4116 nee
705 4066 771 4116 non
786 4055 819 4116 et
833 4051 1049 4118 Petronorum
1063 4050 1167 4138 ipsius
1178 4053 1244 4120 Mo·

115 4161 265 4246 mteuj,
291 4178 351 4246 pro
367 4157 484 4243 quibus
499 4157 614 4224 Abbus
631 4155 802 4242 respondit
816 4165 1023 4243 memoratus,
1041 4157 1242 4228 vendidisset

115 4267 284 4358 quandam
299 4273 419 4336 terram
436 4285 530 4334 susm
544 4263 787 4349 hereditariam,
814 4285 879 4348 que
895 4265 1001 4334 Ownd
1016 4274 1160 4353 vooutur,
1185 4289 1245 4357 pro

116 4401 180 4448 sna
195 4395 307 4448 meree
322 4375 451 4461 argenti
475 4382 508 4444 et
523 4373 628 4442 tribus
651 4374 841 4458 fertonibus,
866 4379 898 4440 et
913 4396 972 4460 pro
987 4375 1260 4462 vigintiquinque)

116 4487 243 4556 subulis
259 4483 328 4550 vini
343 4483 586 4570 inperpetuum
602 4481 835 4570 possidendam
850 4483 968 4568 Egidio
986 4489 1261 4566 memoriensem

114 4599 180 4666 iilis
194 4595 306 4678 metis,
335 4592 397 4660 sub
423 4593 540 4676 quibus
565 4597 632 4660 tom
649 4591 730 4678 ipse,
760 4609 859 4674 quum
877 4591 994 4660 iratres
1018 4592 1257 4681 suiposs'eriim
