3102 5160
565 291 721 402 333⁹·-

86 495 237 564 roberari.
263 497 384 564 Datum
402 515 462 582 per
488 515 603 564 manus
628 494 759 562 discreti
783 495 845 562 viri
860 495 956 562 Pouli
972 495 1136 582 Prepesiti
1151 493 1207 566 Al·

86 604 190 671 bensis
206 605 284 673 anie
295 609 405 673 nostre
417 603 695 688 Vicecancetlarij
708 603 820 670 dilecti
836 609 869 670 et
882 603 988 672 fidelis
998 603 1101 672 nostri
1118 626 1205 672 anno

86 714 210 780 Domini
226 713 400 782 millesimo
417 713 638 782 ducentesimo
655 711 906 798 quadragesimo
925 712 1075 798 septimo.

86 910 137 976 (tv.
150 909 247 964 utram
260 911 407 980 kirtlynok
422 913 532 964 rust-ki
545 908 706 978 megerb'sitb'
718 907 966 977 privilegiomtbtt
979 906 1100 974 Biithory
1110 906 1204 962 Istvdu

111 1000 210 1068 eccidiyi
220 1001 304 1068 rajcia
316 1003 428 1054 lura-tri
440 999 537 1054 dtirata
548 1005 683 1094 suerintpr
693 1001 774 1053 budai
785 1002 836 1052 kir.
847 1001 980 1052 kamaraii
992 996 1171 1066 orditdrboo.)

516 1271 633 1282 -...--...
657 1271 706 1282 man«-

94 1913 114 1978 I
119 1915 147 1980 V.
171 1915 249 1980 Buta
273 1913 442 2001 kirdlyaolo
468 1913 541 1980 ond
564 1919 643 1978 meod
658 1913 763 1999 scilciet
787 1917 938 2000 to‘rqyazd
968 1917 1214 2005 odouuduusteucle

270 2020 391 2109 Epeo,
422 2017 527 2088 Uioszi
552 2021 670 2088 Tamais
682 2022 735 2104 fia
749 2026 907 2088 sedoca'uu.
929 2019 1024 2089 1247.

195 2217 277 2284 Bela
293 2217 356 2284 Dei
381 2217 495 2302 gracia
519 2216 696 2302 Hungarie,
722 2217 904 2302 Dalmscie,
931 2219 1076 2306 Groacie,
1102 2224 1214 2310 Rome,

94 2325 211 2410 Seruio,
228 2325 380 2412 Gallicis,
399 2324 603 2412 Lodomerie,
614 2325 834 2412 Crumanieque
844 2329 914 2395 Rex
924 2329 1084 2397 uniuersis
1096 2331 1216 2400 (iluisti

96 2432 243 2501 fidelibus
268 2451 403 2520 presens
429 2434 585 2519 scriptum
610 2433 805 2520 inspecturis
829 2433 967 2502 salutem
994 2443 1027 2502 et
1050 2458 1145 2504 omne
1160 2441 1216 2507 bo-

95 2561 174 2609 num.
208 2541 469 2629 Circumspeoeio
493 2544 620 2628 Regum
636 2541 777 2628 prouida
801 2543 972 2628 condignis
997 2545 1129 2631 premijs
1153 2545 1216 2613 sibi

12 2685 13 2691 κ
96 2649 346 2733 obsequentibus
362 2647 410 2716 sie
427 2648 525 2716 debet
535 2667 714 2734 occurrere,
732 2655 767 2715 rt
782 2649 840 2732 aiij
856 2651 1006 2738 exemplo
1026 2671 1217 2740 eorumpro·

13 2771 14 2797 ι
95 2757 197 2824 uocati
212 2755 258 2823 ad
274 2755 442 2823 fidelitatis
458 2776 559 2842 opera
574 2755 694 2824 sorcius
704 2757 932 2824 accendantur.
948 2759 1089 2828 Proinde
1099 2761 1218 2828 advni-

95 2885 257 2932 uersorum
267 2863 422 2930 noticiam
433 2871 544 2931 tenore
560 2863 764 2949 presencium
777 2864 925 2933 volumus
935 2868 1115 2956 peruenire,
1132 2871 1219 2953 quod

96 2993 160 3040 cum
178 2972 287 3039 fidelis
303 2978 414 3041 noster
430 2972 566 3058 tigidius
591 2973 677 3040 filius
694 2973 818 3041 Thome
843 2971 884 3040 de
900 2975 1002 3058 Vlozy
1019 2975 1113 3043 nobis
1133 2979 1220 3042 eirca

97 3080 257 3149 maritima
283 3081 469 3166 agentibus,
495 3100 559 3164 quo
575 3101 635 3146 nos
651 3087 797 3166 tempore
821 3083 1062 3167 persecucionis
1081 3084 1220 3153 barbare

97 3190 240 3258 nacionis
256 3191 470 3256 Tartaroruor
486 3189 630 3274 qualitas
647 3189 802 3276 temporis
814 3197 1025 3277 persuaserat
1043 3191 1220 3276 declinare,

97 3299 316 3366 indesinenter
341 3305 375 3364 et
399 3294 563 3364 indefesse
588 3297 796 3384 seruiuisset,
822 3298 854 3364 in
882 3299 1222 3387 recompensacionem

98 3406 262 3472 fidelitatis
278 3403 395 3490 ipsius,
413 3424 452 3470 ac
468 3405 585 3472 intuitu
602 3405 814 3474 seruiciorum
831 3425 972 3494 suorum,
992 3415 1028 3474 rt
1044 3414 1076 3476 et
1092 3408 1164 3494 ipse
1179 3406 1223 3473 od

99 3514 262 3580 fidelitatis
289 3533 392 3600 opera
416 3512 536 3581 sorcius
564 3514 781 3602 accendatur,
808 3525 842 3582 et
866 3513 924 3601 aiij
949 3515 1098 3602 exemplo
1124 3513 1223 3582 simili

101 3623 208 3689 arelius
219 3619 417 3709 animentur,
427 3641 467 3688 ae
483 3621 587 3688 eciam
598 3621 784 3708 inuitentur,
796 3620 878 3688 duas
894 3631 998 3689 terras
1008 3621 1103 3690 Ound
1115 3621 1224 3710 appel·

102 3729 190 3818 utos,
207 3729 350 3796 alteram
367 3729 510 3816 ipsorum
526 3730 855 3817 aCastroZenrplym
872 3735 1069 3816 exemptam,
1086 3729 1224 3796 alteram

101 3860 169 3908 reru
194 3839 290 3926 prins
315 3839 532 3907 anniferorum
558 3843 741 3906 nostrorum
766 3837 837 3906 sine
862 3838 1008 3925 legitimo
1037 3857 1225 3905 successore

102 3945 342 4032 decedencium,
367 3946 431 4014 sibi
456 3967 495 4014 ae
521 3965 579 4032 per
604 3967 677 4014 enm
704 3947 774 4015 suis
799 3946 981 4031 heredibus,
1006 3944 1225 4029 heredumque

26 4137 27 4144 ἵ
101 4055 341 4123 suecessoribus
358 4055 509 4122 duximus
525 4061 684 4144 perpetuo
701 4055 934 4140 eonferendas;
951 4054 1010 4122 toli
1026 4060 1136 4120 tomen
1152 4073 1224 4121 eon-

103 4160 225 4231 dicione
241 4163 489 4250 interueniente,
514 4170 549 4232 vt
564 4170 632 4230 tam
648 4163 730 4250 ipse,
747 4184 846 4248 quam
871 4163 975 4230 eciam
992 4161 1043 4229 sui
1061 4179 1226 4228 suceesso-

103 4291 148 4338 res
164 4270 264 4338 uobis
281 4271 454 4338 seruieimn
480 4270 589 4338 iacere
604 4278 785 4357 teneantur,
803 4271 886 4339 sieut
901 4270 959 4356 alij
980 4269 1082 4338 nostri
1100 4267 1226 4356 predia-

103 4376 154 4446 ies.
164 4379 203 4446 In
213 4398 352 4466 quamn
363 4385 521 4446 terrarum
533 4378 773 4466 possessionem
784 4378 956 4464 pacificam
965 4379 1072 4466 ipsum
1082 4396 1140 4466 per
1150 4374 1227 4446 fide·

103 4485 160 4551 lem
177 4494 327 4555 nostrum
343 4485 513 4554 Albertum
529 4486 731 4574 Propositum
743 4484 784 4552 de
800 4485 900 4552 Turul
912 4483 999 4574 (igy)
1012 4484 1167 4552 iussimus
1184 4484 1229 4550 in·

103 4595 233 4662 troduei.
252 4596 339 4662 Mete
356 4601 466 4662 autem
482 4595 625 4681 ipsarum
649 4601 807 4662 terrarum
825 4591 937 4660 decem
953 4613 984 4660 au
992 4597 1136 4660 atrorum
1156 4591 1228 4657 usui
