3112 5148
895 288 994 385 lie.

355 509 470 560 uersus
499 487 667 556 meridiem
692 486 849 554 adiacens
875 484 965 551 curie
990 489 1173 572 pretaxate,
1200 483 1354 570 superius
1378 489 1505 549 autem

355 618 470 667 uersus
498 597 656 666 orientem
682 594 798 662 tamin
815 592 900 661 silua
926 612 1024 678 quam
1040 591 1073 657 in
1094 597 1189 676 prato
1214 591 1321 678 partis
1340 590 1507 676 Dyonisi,

355 710 432 774 Isou
448 713 481 772 et
497 725 610 774 socrus
626 724 687 772 sna
702 700 839 770 terciam
860 700 982 766 habent
998 699 1118 785 ubique
1144 706 1176 766 ot
1191 700 1225 766 in
1256 700 1409 768 omnibns
1425 719 1508 786 por-

357 815 493 884 cionem.
518 814 560 880 Vt
575 811 674 897 igitur
690 812 751 878 hec
768 807 964 896 composicio
981 813 1201 875 consentanea
1223 814 1297 874 rata
1313 806 1357 873 sit
1371 805 1406 872 in
1425 827 1506 892 per-

356 929 502 1010 petuum,
518 939 652 1009 presens
665 918 821 1004 scriptum
836 915 1030 984 contulimus
1042 915 1145 999 sigilli
1164 915 1269 982 nostri
1289 915 1400 981 federe
1411 934 1506 981 com-

358 1031 533 1114 munitum;
551 1029 653 1096 Paulo
669 1028 829 1094 existente
844 1031 954 1093 nostro
972 1023 1153 1112 Preposito‚
1169 1023 1311 1090 Roberto
1340 1021 1503 1106 (lentore,

359 1138 483 1206 lliluow
499 1135 651 1220 Custode,
679 1131 837 1219 Gregorio
854 1133 1007 1218 Deoauo;
1035 1151 1121 1198 anno
1147 1131 1280 1198 Domini
1305 1128 1506 1198 M⁰OO⁰XL⁰

360 1250 486 1330 quarto.
610 1293 612 1298 ,

361 1424 395 1486 (A
408 1425 484 1492 gyiiri
498 1420 684 1490 heptalannak
700 1421 812 1474 raca-ki
826 1417 927 1473 itirata
945 1417 1010 1472 utin
1023 1437 1040 1473 a
1054 1419 1249 1486 suombuthelyl
1261 1415 1398 1486 ltptnlrn
1414 1416 1504 1470 level·

856 1506 991 1575 tintinna.)

779 1793 1047 1812 μ

892 2262 970 2332 120.

363 2451 395 2516 A
411 2450 544 2536 reprobi
563 2445 777 2535 capotuerat
802 2445 1074 2532 biaonpsdpleccle,
1099 2447 1180 2532 lropp
1202 2445 1332 2509 Petrina
1357 2442 1500 2508 adnote-

362 2559 434 2644 ppei
453 2557 641 2644 oepottepy
655 2554 818 2622 macchia
839 2553 972 2619 biowlcdt
994 2552 1124 2618 Triaria
1138 2553 1330 2639 zalnmcppei
1343 2549 1502 2636 stirpan-

775 2660 838 2725 nnlc
852 2661 965 2727 cadom
985 2659 1082 2724 1244.

471 2857 540 2926 Nos
550 2856 737 2946 Capitulum
747 2855 983 2942 Zagrabiensis
1000 2855 1150 2924 Ecclesie
1160 2855 1386 2942 significamus
1396 2856 1502 2923 omni-

364 2964 424 3032 bns
440 2983 575 3050 presens
590 2964 746 3052 scriptum
761 2964 966 3060 inspecturis,
984 2964 1073 3049 quod
1088 2983 1163 3032 cum
1172 2963 1303 3032 ltistan
1320 2963 1436 3032 (lomes
1453 2983 1500 3030 ex

364 3078 556 3158 autperto,
583 3078 616 3138 et
629 3073 765 3140 Petrina
775 3072 912 3158 jobagio
929 3071 1034 3139 (lustri
1058 3070 1099 3138 (lc
1115 3073 1193 3139 Sala
1218 3091 1260 3138 ex
1286 3072 1400 3157 altero,
1427 3093 1501 3140 vna

363 3197 435 3246 oum
451 3180 540 3248 Encn
556 3178 678 3248 curiali
694 3179 821 3250 comite
837 3180 971 3266 Georgij
990 3179 1124 3250 (inmitis
1141 3181 1349 3267 Zalayensis,
1371 3186 1405 3248 et
1420 3200 1499 3248 cnm

364 3287 456 3354 Iwan
471 3285 596 3356 comite
619 3290 785 3374 terrigena
809 3289 853 3356 ad
872 3295 1015 3356 nostram
1040 3290 1256 3358 accessissent
1280 3288 1499 3376 presenciam,

365 3398 562 3462 memoratus
578 3395 713 3464 Petrina
731 3416 841 3464 coram
853 3396 947 3465 uobis
962 3396 1141 3485 proposuit,
1158 3396 1245 3484 qnod
1261 3397 1407 3482 aliquam
1421 3417 1500 3484 par-

365 3495 431 3570 tein
447 3502 489 3570 (le
504 3509 592 3570 terra
607 3523 668 3574 sua
683 3506 846 3574 valentem
862 3506 905 3574 ad
915 3507 944 3572 V
955 3513 1076 3592 manu,
1096 3525 1159 3592 quc
1175 3505 1240 3574 sita
1255 3512 1306 3574 est
1320 3504 1404 3574 inter
1413 3507 1499 3574 Dra-

365 3629 451 3677 wam
476 3616 509 3677 et
524 3611 662 3701 Moram,
679 3613 834 3682 urnam
851 3613 979 3700 Comiti,
1006 3613 1097 3682 cuius
1112 3619 1198 3681 terre
1223 3613 1332 3680 vicina
1346 3617 1406 3696 est,
1432 3633 1498 3699 pro

365 3718 483 3790 XII-⁶¹¹⁰
498 3721 616 3790 marcis
632 3723 844 3792 uendidisset.
870 3725 974 3811 Super
989 3745 1052 3812 quo
1068 3721 1232 3811 predictus
1248 3725 1335 3791 Escn
1351 3721 1497 3792 (latialis

367 3829 483 3900 comer
499 3828 539 3898 G.
550 3830 684 3900 Comitis
698 3837 768 3900 tam
782 3833 883 3901 uerbo
894 3833 1027 3918 Georgij
1038 3831 1184 3916 Comitis,
1203 3851 1301 3918 quem
1316 3850 1375 3900 sno
1391 3830 1496 3898 uerbo

365 3938 584 4008 testimonium
609 3939 766 4025 exhibuit,
792 3940 878 4024 quod
894 3940 1029 4008 Petrina
1052 3947 1184 4024 terram,
1202 3957 1302 4022 quam
1316 3937 1438 4021 uendit,
1455 3937 1495 4005 li-

365 4048 443 4114 bere
457 4055 569 4135 posset
584 4048 736 4134 uendere,
763 4048 841 4135 qnia
856 4069 917 4118 sua
931 4051 1064 4137 propria
1079 4053 1167 4116 terra
1182 4053 1250 4133 est;
1277 4054 1309 4115 et
1323 4047 1386 4114 hoc
1403 4045 1495 4114 idem

366 4157 456 4224 Iwan
482 4155 598 4224 comer
621 4158 786 4244 terrigena
809 4179 882 4226 cum
905 4157 1100 4244 quibusdam
1127 4155 1359 4242 jobagionibus
1384 4154 1496 4222 Castri

367 4261 561 4346 Zalayensis
571 4262 756 4334 affirmauit.
773 4263 872 4334 Ouios
888 4271 973 4332 terre
982 4271 1067 4332 mete
1081 4263 1188 4350 prima
1203 4261 1318 4350 incipit
1334 4261 1377 4330 de
1392 4261 1495 4332 fluuio

366 4371 460 4438 llura
475 4371 517 4436 ab
533 4371 687 4456 aquilone
710 4372 745 4439 in
760 4373 914 4462 Popowa,
941 4379 975 4440 ct
989 4371 1035 4438 ibi
1051 4377 1126 4440 sunt
1141 4370 1205 4440 due
1221 4378 1306 4439 mete
1324 4369 1366 4438 do
1383 4375 1494 4457 terra3

368 4477 446 4546 inde
468 4499 528 4565 per
542 4497 697 4565 magnam
719 4479 839 4550 siluam
860 4486 973 4550 contra
987 4478 1156 4550 meridiem
1170 4478 1275 4548 tendit
1298 4477 1344 4546 ad
1357 4477 1495 4548 fluuium

368 4585 514 4674 Regnetp
530 4590 564 4652 et
577 4585 655 4654 inde
670 4587 789 4656 transit
804 4588 848 4658 ad
864 4589 1012 4660 arborem
1026 4589 1152 4678 ioppen
1177 4587 1238 4660 sub
1255 4605 1321 4676 qna
1338 4592 1414 4656 sunt
1430 4587 1495 4660 due
