3134 5158
574 338 729 442 „sm-

104 543 189 605 essent
215 544 356 624 quatuor
384 545 468 605 mete
501 547 617 624 terroe,
646 556 782 621 quarum
808 535 870 603 due
897 544 1088 624 separarent
1111 538 1217 621 Giule,

103 647 148 713 dne
161 665 239 714 vero
256 645 446 732 possession
461 645 471 710 i
489 645 569 729 Vrs,
601 642 719 712 deinde
736 644 858 711 directe
875 645 917 710 ad
933 651 1059 731 partem
1075 636 1218 712 occiden-

102 755 191 838 talem,
211 763 244 822 et
259 763 415 821 transeun
427 753 468 822 do
480 773 578 820 unam
595 753 681 820 niam
699 752 888 839 perueniret
904 752 947 818 ad
964 761 1100 838 quatuor
1116 758 1219 820 metas

105 873 218 947 terreas,
237 882 374 944 quarum
391 862 454 929 dne
480 869 591 928 essent
608 862 714 946 (tiolo,
732 861 795 927 due
811 879 887 926 vero
904 861 1121 946 possessionis
1138 861 1218 942 Vre,

104 971 202 1037 deinde
228 976 370 1036 uerteret
388 988 424 1035 se
447 969 491 1035 ad
521 975 648 1055 partem
666 968 840 1052 sinistram,
867 975 900 1035 et
915 970 1041 1035 ueniret
1066 969 1221 1035 adunam

106 1086 208 1145 metmu
229 1086 390 1162 terream,
423 1075 540 1143 abhinc
555 1077 701 1144 flecteret
727 1097 763 1142 se
780 1077 1016 1162 aliquantulum
1038 1076 1079 1142 ad
1096 1082 1221 1162 partem

106 1186 397 1272 septemtrionalem,
429 1191 460 1249 et
478 1185 605 1252 ueniret
621 1185 665 1252 ad
681 1205 780 1250 unam
798 1190 917 1250 metam
939 1191 1094 1268 terream,
1121 1191 1154 1251 et
1169 1185 1221 1251 de-

105 1293 164 1359 inde
189 1312 249 1379 per
280 1293 452 1360 continuas
478 1299 581 1361 metas
599 1295 690 1360 iuxta
706 1294 793 1360 viam
820 1294 986 1376 antiquam
1013 1299 1155 1359 curreret
1178 1293 1221 1359 ad

105 1401 226 1468 eandem
255 1409 394 1486 partem,
421 1407 452 1466 et
474 1403 600 1470 ueniret
625 1403 668 1468 ad
693 1403 776 1468 duas
803 1409 906 1469 metas
931 1407 1075 1482 terreas3
1103 1401 1221 1468 abhinc

27 1499 28 1536 r
106 1530 151 1596 per
164 1511 334 1579 continuas
363 1517 466 1577 metas
489 1509 610 1576 directe
638 1510 680 1578 ad
698 1511 834 1578 eandem
852 1517 977 1597 partem
997 1507 1152 1577 currendo
1170 1529 1221 1575 uo-

27 1655 28 1716 }
105 1617 174 1683 niret
190 1618 234 1685 ad
250 1637 349 1684 unam
367 1624 430 1683 met
440 1639 492 1683 am
510 1627 668 1702 terream;
687 1603 718 1686 et
735 1617 853 1685 deinde
869 1623 1011 1684 curreret
1027 1617 1070 1684 ad
1086 1616 1221 1684 eandem

106 1733 228 1812 partem,
247 1732 348 1812 etper·
361 1746 516 1812 magnum
528 1727 674 1812 spacium
687 1728 813 1794 ueniret
824 1725 867 1792 ad
886 1725 967 1792 duas
978 1733 1101 1793 terreas
1118 1731 1221 1791 metas

107 1834 186 1901 iuxta
201 1835 290 1901 uiam
306 1835 495 1920 antiquam,
528 1841 560 1902 ct
577 1835 693 1902 exinde
710 1855 768 1923 per
794 1834 932 1902 eandem
948 1835 1034 1902 niam
1055 1835 1221 1918 antiquam

108 1942 135 2008 in
148 1961 267 2028 magna
283 1943 373 2009 silua
400 1949 542 2010 curreret
558 1963 617 2029 per
634 1949 738 2010 metas
765 1943 931 2029 simplices
947 1947 980 2008 et
1003 1939 1221 2029 dupplicatas,

27 2083 28 2088 =
110 2069 199 2132 usque
225 2051 268 2116 ad
294 2069 391 2116 unum
419 2049 577 2116 fossatum
596 2057 628 2117 et
642 2049 771 2117 foueam
797 2052 930 2117 amittat
952 2049 1092 2134 diotnm;
1118 2055 1151 2115 et
1165 2067 1222 2134 per

27 2211 29 2220 ,
112 2158 163 2223 boc
177 2157 348 2224 reclinaret
364 2176 510 2242 sausque
526 2159 569 2224 ad
585 2177 723 2244 magnas
733 2164 847 2242 metas,
865 2177 928 2242 quc
943 2158 1035 2224 iuxta
1050 2157 1137 2224 viam
1153 2178 1221 2224 ma-

111 2285 196 2347 gnam
212 2285 315 2351 prope
336 2267 531 2350 essentVrs3
551 2275 583 2332 et
600 2266 718 2333 deinde
734 2285 793 2351 per
810 2275 982 2334 consuetas
994 2265 1223 2333 distincciones

113 2391 202 2455 usqne
227 2373 270 2438 ad
287 2373 413 2458 priores
430 2381 534 2442 metas
559 2375 724 2443 transiret.
748 2377 790 2443 Et
814 2377 892 2461 qnia
915 2374 1009 2443 nobis
1033 2394 1092 2460 per
1116 2374 1221 2460 ipsum

113 2479 262 2550 dominum
280 2485 404 2567 Regem
430 2486 463 2550 in
482 2481 605 2550 eisdem
620 2485 736 2552 litteris
763 2483 991 2569 mandabatur,
1017 2492 1052 2549 vt
1067 2483 1094 2550 si
1118 2481 1222 2568 ipsius

115 2591 238 2657 statncio
264 2597 376 2675 posset
401 2590 469 2657 fieri
496 2592 567 2658 sine
584 2591 830 2678 contradictore,
855 2598 931 2658 tunc
955 2591 1072 2658 exinde
1098 2590 1223 2656 litteras

114 2705 228 2766 nostras
240 2699 344 2766 eidem
355 2698 485 2768 domino
496 2701 749 2787 Archiepiscopo
760 2701 940 2768 taceremus
952 2701 1115 2782 amoueri,
1142 2715 1222 2781 qnae

27 2859 28 2882 ,
116 2825 166 2872 nos
181 2806 249 2875 dari
271 2808 407 2875 fecimus
427 2809 555 2876 iusticia
571 2807 740 2876 suadente.
766 2811 886 2876 Datum
902 2809 1106 2894 presentibus
1123 2806 1223 2872 fratre

27 2959 28 3008 p
118 2915 262 2984 Corrardo
280 2917 432 2996 Custode,
461 2927 492 2984 et
508 2919 668 3002 Magistro
694 2919 863 2987 Dominico
880 2917 1024 3002 Notario,
1050 2917 1082 2982 in
1100 2915 1223 2982 octauis

27 3013 28 3076 i
120 3023 333 3111 Pentecostes;
360 3047 446 3096 anno
462 3027 593 3094 Domini
610 3027 781 3096 millesimo
799 3027 863 3095 00⁰
879 3025 1155 3112 quinquagesimo.

27 3201 28 3272 d
146 3223 274 3288 (Brcdstic
287 3225 459 3293 bdrhdrtytm
481 3228 595 3294 aftiggb'
608 3227 700 3294 pecsdt
713 3229 852 3288 sinesnctt,
873 3241 888 3278 a
902 3226 984 3278 budni
996 3225 1047 3276 bir.
1063 3223 1186 3276 kamarai

566 3315 756 3384 levdltdrban.)
