3134 5150
794 272 948 375 -22-

308 477 489 554 ercxerant,
517 471 640 552 destruj
666 468 814 562 fecimus,
840 475 872 534 et
895 469 1073 536 secundum
1096 473 1202 534 metas
1227 472 1354 533 ueteres
1379 485 1445 550 per

308 579 446 646 eundem
463 577 623 645 Comitem
637 576 772 660 limitarj
788 577 1049 662 prenominatam
1075 584 1196 642 terram
1214 581 1247 640 et
1272 571 1444 656 assignari

307 693 340 753 et
362 687 489 772 restituj
508 685 656 752 Ecclesie
680 684 851 750 antedicta
878 684 915 748 In
934 683 1026 748 ouius
1051 681 1100 748 rei
1122 680 1344 749 testimonium
1366 699 1443 765 pre-

308 799 416 860 sentes
433 792 582 860 dedimus
597 791 725 858 litteras
750 797 935 860 uostromm
951 789 1135 873 sigillorum
1151 789 1329 856 munimine
1346 787 1444 854 robo-

308 905 407 967 ratas.
440 901 556 966 Actum
581 919 668 966 enno
699 899 741 967 ab
767 897 999 964 Incamacioue
1024 896 1157 962 Domini
1182 898 1227 962 Μο
1244 893 1310 961 00⁰
1325 893 1444 960 XXX⁰

309 1013 412 1092 sexto,
429 1025 539 1073 meuse
554 1006 663 1074 Junio.

410 1202 459 1266 (Aa
473 1205 573 1256 eredeti
586 1201 653 1256 utin
665 1206 760 1256 Knaua
774 1200 891 1262 Nandon
904 1205 1019 1268 Magyar
1032 1203 1098 1254 Sion
1112 1203 1149 1252 11.
1162 1201 1218 1252 tros
1232 1202 1294 1251 434.
1306 1201 1336 1264 l.)

744 1483 1004 1498 ———-·-—-···-·-

855 1927 909 1996 lt.

313 2108 471 2175 Bertuloo
496 2110 665 2194 supremi
674 2108 802 2194 pdrpdk
817 2111 850 2174 ts
866 2107 1025 2173 titulato
1048 2105 1220 2171 hirdtdraoi
1233 2105 1366 2193 Somopy
1380 2127 1445 2168 me·

312 2216 428 2306 gyddeo
458 2212 601 2280 Bordold
627 2212 814 2300 delyadpoak
844 2212 1160 2298 birtokot‘monyairo'l
1182 2211 1307 2279 statuet.
1338 2213 1445 2282 1236.

420 2408 643 2476 Bartolomeus
668 2407 731 2474 Dei
756 2407 870 2492 gracia
884 2409 1069 2494 Episcopus
1088 2406 1352 2493 vesprimiensis,
1377 2406 1445 2473 La-

313 2517 441 2584 dizlaus
467 2517 582 2583 Comes
606 2513 833 2602 Symigiensis,
859 2514 960 2600 Iseph
985 2514 1151 2600 Magister,
1178 2511 1353 2580 Ladizlaus
1380 2513 1445 2580 Oo

314 2644 394 2706 mes,
419 2623 571 2708 Mychael
597 2621 733 2706 Comes,
758 2619 936 2704 Martinus,
962 2622 1107 2688 Jacobus
1119 2671 1128 2704 ,
1157 2621 1335 2704 Johannes,
1361 2621 1445 2687 Her-

315 2733 410 2816 ricus,
436 2733 508 2814 Bot,
533 2730 623 2796 Luca
647 2733 680 2796 e't
705 2729 762 2814 aiij
790 2748 902 2800 eorum
929 2729 1020 2814 socii,
1046 2729 1255 2814 inquisitores
1279 2728 1321 2796 de
1342 2731 1444 2796 terris

315 2841 350 2906 in
375 2837 512 2921 Simigio
524 2863 532 2923 5
560 2837 709 2904 omnibus
728 2841 896 2925 presentes
923 2838 1050 2904 litteras
1075 2838 1272 2924 inspecturis
1301 2839 1444 2906 salutem

314 2948 349 3014 in
375 2943 514 3013 Domino
540 2943 621 3012 Jesn
645 2943 786 3011 Christo.
817 2943 870 3010 Ad
895 2944 1118 3012 uniuersitatis
1143 2953 1252 3013 vestre
1285 2945 1444 3013 noticiam

314 3054 464 3121 volumus
495 3052 687 3138 peruenire,
722 3051 810 3137 quod
842 3072 915 3119 cum
945 3072 1090 3120 essemus
1120 3053 1328 3138 inquisitores
1358 3055 1446 3120 veri-

314 3159 392 3226 tatis
421 3160 456 3224 in
479 3159 659 3225 Parroehia
683 3158 871 3242 Simigiensi
903 3180 1001 3245 super
1024 3162 1124 3228 terris
1150 3168 1183 3228 et
1210 3161 1287 3246 aliJs
1317 3160 1446 3228 iuribus

314 3267 544 3350 Ecclesiamm,
570 3267 784 3334 servieucium
799 3267 910 3354 Regis,
929 3269 1154 3354 castrensium,
1179 3268 1445 3350 uduornicorum,

314 3374 509 3460 populorum
525 3372 659 3456 Regius,
685 3393 707 3438 a
722 3370 853 3440 domino
869 3374 949 3440 Belo
964 3377 1054 3460 Rege
1074 3376 1251 3460 constituti,
1268 3374 1311 3441 ad
1326 3375 1447 3443 uillam

315 3479 446 3549 Borhod
471 3465 678 3560 accessimus,
704 3487 737 3546 et
752 3481 873 3548 ibidem
899 3484 1072 3550 multorum
1096 3483 1271 3571 proborum
1296 3483 1446 3551 virorum

314 3585 498 3654 testimonio
514 3587 651 3670 occulta,
680 3585 858 3675 suptilique
874 3607 913 3654 ac
937 3589 1109 3674 indaganti
1131 3591 1315 3658 invenimus
1337 3589 1447 3674 inqui·

315 3695 447 3779 sicione,
476 3693 563 3776 quod
578 3693 741 3778 Georgius
757 3693 873 3763 Comes
898 3692 983 3764 fliius
1002 3699 1095 3765 Mour
1109 3703 1256 3765 trecenta
1281 3705 1313 3764 et
1328 3699 1447 3764 decom

314 3807 431 3889 iugera
454 3808 540 3868 terre
565 3801 773 3888 campestria,
800 3809 833 3868 et
848 3805 1067 3889 quadraginta
1091 3805 1208 3889 iugero
1231 3812 1329 3891 terre,
1353 3805 1449 3888 quod

314 3913 414 3997 uulgo
431 3911 549 3977 dieitur
564 3911 646 3974 tetoo
660 3907 795 3996 hebuit5
812 3911 926 3979 vineas
942 3932 1069 3999 quoque
1090 3921 1248 3999 quatuor,
1274 3921 1307 3979 et
1323 3911 1446 3982 siluam

313 4020 347 4086 in
363 4019 490 4086 duobus
506 4016 597 4098 locis,
616 4037 715 4082 unam
731 4037 796 4100 que
810 4026 947 4085 vocatur
962 4021 1043 4104 doe,
1064 4026 1097 4086 et
1112 4019 1213 4087 aliam
1228 4037 1291 4105 que
1307 4029 1448 4088 vocatur

313 4127 487 4191 mietedeoa
497 4121 594 4211 (tgy),
611 4131 643 4190 et
658 4123 799 4190 feretum
809 4124 842 4192 in
857 4131 996 4210 quatuor
1009 4126 1101 4212 loeis,
1119 4127 1288 4212 dequibus
1304 4127 1367 4194 sibi
1381 4147 1448 4214 per

315 4235 498 4296 casmenses
524 4229 565 4297 de
589 4227 705 4296 eadem
730 4231 812 4300 villa
836 4232 1127 4315 contradicebatur,
1154 4253 1237 4316 quas
1262 4233 1304 4300 ab
1331 4236 1446 4306 antico

314 4339 401 4404 iuste
417 4343 449 4402 et
464 4337 573 4418 quiete
588 4337 746 4423 possedit,
770 4347 803 4406 et
817 4339 920 4408 libere
936 4347 969 4406 et
985 4341 1178 4410 inconcusse
1201 4341 1371 4428 possidere
1387 4343 1448 4411 de«

315 4445 394 4510 buit.
410 4441 504 4510 Vnde
519 4463 579 4512 nos
589 4445 729 4511 scientes
744 4447 793 4512 rei
802 4447 982 4532 veritatem,
1007 4450 1093 4533 quod
1110 4449 1220 4516 omnia
1235 4448 1450 4536 supradicta

312 4551 358 4618 ad
373 4548 537 4637 prefatum
560 4551 737 4634 Georgium
753 4551 913 4620 (tomitem
938 4554 1007 4620 iure
1032 4555 1230 4623 hereditario
1246 4555 1450 4644 pertineant,
