3102 5160
849 303 1007 406 3⁵21-

361 494 537 583 plicarunt,
555 505 589 564 ut
606 497 727 566 dictam
738 506 857 567 terram
873 501 998 568 eisdem
1008 501 1177 568 restituere
1186 499 1405 585 dignaremur.
1425 501 1497 567 Nos

361 628 450 693 ergo,
475 605 531 689 qui
546 627 587 674 ex
603 609 745 695 suscepti
761 609 930 694 regiminis
947 609 1053 678 officio
1071 610 1143 676 iura
1160 609 1384 676 uniuersorum
1405 615 1498 676 tene·

361 737 433 785 mur
448 715 643 802 confodere,
662 717 916 806 considerantes,
932 719 1021 802 quod
1036 739 1094 806 per
1109 718 1498 804 instrumentaDemetrij

363 823 499 893 Comitis
516 824 557 891 de
573 843 693 908 genere
709 825 783 892 Aba
798 832 831 893 et
846 824 991 914 Capituli
1006 824 1239 909 Zagrablensis
1254 826 1349 893 nobis
1365 825 1498 912 plenius

366 933 521 1018 constitit,
537 934 629 1022 ipsos
645 934 687 1002 ab
704 935 838 1019 antiquo
854 935 976 1003 dietam
995 939 1113 1002 terram
1129 933 1335 1022 possedisse;
1351 935 1498 1002 maxime

366 1046 485 1128 autem,
512 1039 599 1124 quod
616 1059 689 1108 eum
705 1039 749 1107 ad
765 1040 922 1110 maiorem
938 1043 1100 1110 cautelam
1126 1041 1328 1110 dedissemus
1353 1040 1387 1108 in
1403 1063 1498 1109 man-

364 1145 454 1215 datis
471 1147 592 1218 dilecto
610 1157 642 1217 et
658 1149 748 1218 lideli
762 1158 873 1219 nostro
883 1153 974 1236 Eeoy
984 1149 1101 1218 Gomiti
1118 1150 1159 1217 de
1168 1149 1315 1219 worost
1307 1169 1499 1234 rnqursrcro

359 1277 442 1364 ruem
456 1277 555 1344 super
570 1257 643 1346 ipsa
668 1264 756 1326 tarra
771 1258 964 1347 faciendam,
991 1260 1121 1328 rediens
1137 1260 1224 1328 idem
1249 1259 1294 1326 ad
1308 1279 1368 1326 nos
1383 1262 1500 1327 retulit

359 1345 443 1434 uida
459 1387 549 1453 uoce,
568 1369 655 1454 quod
670 1387 773 1454 usque
789 1368 833 1436 ad
848 1377 987 1456 tempus,
1011 1389 1074 1455 quo
1090 1368 1196 1436 dictus
1212 1369 1352 1436 Michael
1377 1369 1499 1437 Comes

365 1475 438 1543 sine
453 1476 532 1542 iuris
559 1477 709 1544 ordine
700 1497 831 1602 ipsam
833 1483 954 1544 terram
969 1478 1012 1544 ab
1038 1477 1087 1544 eis
1103 1477 1292 1562 abstulerat,
1315 1476 1405 1544 facta
1422 1477 1499 1544 dili-

363 1693 556 1778 possedisse
572 1714 628 1761 eos
645 1701 677 1760 et
693 1695 811 1778 quiete.
837 1693 931 1761 Vnde
946 1700 993 1762 tot
1010 1699 1043 1758 et
1061 1693 1181 1761 talibus
1197 1693 1439 1762 assertionibus
1457 1715 1500 1760 ac

362 1801 518 1887 precibus
534 1822 645 1870 eorum
660 1802 818 1886 inclinati,
847 1802 923 1870 licet
947 1802 1039 1869 illam
1068 1810 1186 1869 terram
1206 1802 1397 1869 sciuerimus
1422 1822 1501 1868 esse

363 1908 471 1976 Gastri
489 1910 676 1995 memorati,
702 1917 812 1978 tamen
831 1911 911 1994 qnia
937 1910 1126 1978 constiterat
1140 1911 1243 1996 nobis,
1269 1919 1337 1977 tam
1353 1911 1397 1978 ab
1413 1912 1501 1977 anti-

364 2037 429 2101 quo
446 2036 503 2084 eos
519 2017 717 2104 possedisse,
745 2019 825 2086 etin
849 2025 965 2086 neutra
981 2019 1128 2104 generali
1150 2017 1364 2087 reuocaciona
1380 2037 1499 2104 perpe-

364 2124 518 2192 tuitatum
535 2125 585 2192 ius
605 2123 795 2213 possidendi
814 2127 974 2213 amisisse,
999 2135 1119 2194 terram
1143 2126 1208 2193 iam
1224 2123 1344 2194 dictam
1369 2126 1500 2193 eisdem

365 2231 532 2318 Stephano
549 2239 582 2300 et
597 2234 741 2301 Johanni
759 2233 908 2302 duximus
919 2233 1161 2321 restituendam,
1177 2239 1290 2302 uttam
1305 2233 1378 2320 ipsi,
1395 2253 1501 2318 quam

364 2340 501 2408 heredes
517 2361 629 2409 eorum
649 2339 848 2410 heredumue
872 2361 1078 2411 successores
1104 2361 1162 2430 per
1178 2341 1310 2410 eosdem
1334 2349 1499 2428 perpetuo

364 2451 433 2516 iure
450 2450 593 2517 debeant
609 2449 787 2537 possidere.
811 2451 849 2516 In
868 2451 958 2518 cuius
975 2455 1061 2518 terre
1086 2449 1328 2536 possessionem
1344 2469 1499 2537 corpora-

364 2562 430 2626 lem
454 2579 512 2645 per
537 2557 666 2626 fidelem
693 2566 837 2627 nostrum
860 2557 967 2626 Balad
992 2557 1094 2625 filium
1119 2557 1249 2625 Martini
1277 2556 1412 2626 Comitis
1439 2577 1500 2625 eos

366 2667 502 2734 lecimus
518 2667 691 2734 introduci.
707 2668 750 2734 Vt
765 2674 876 2736 autem
892 2667 952 2734 hec
968 2687 1027 2754 per
1042 2687 1101 2736 nos
1121 2667 1208 2734 sacta
1224 2667 1388 2735 restitucio
1397 2666 1502 2734 robur

365 2782 520 2862 perpetue
537 2776 699 2843 firmitatis
716 2776 870 2861 obtineat,
894 2797 954 2844 nec
969 2777 1045 2843 ullis
1061 2795 1205 2861 unquam
1220 2775 1418 2861 temporibus
1436 2795 1502 2860 per

365 2884 555 2971 quempiam
570 2883 605 2951 in
620 2884 745 2951 irritum
762 2885 874 2951 ualent
889 2885 1068 2969 retractari,
1084 2891 1252 2971 presentes
1268 2885 1316 2952 eis
1335 2883 1502 2950 concessi-

365 3013 436 3060 mus
452 2993 577 3060 litteras
594 2991 731 3080 duplicis
748 2991 851 3062 nostri
866 2991 970 3076 sigilli
979 2993 1156 3060 munimine
1172 2993 1354 3061 roboratas.
1370 2993 1501 3058 Datum

366 3121 451 3169 anno
476 3100 607 3167 Domini
632 3100 802 3168 millesimo
829 3099 1052 3168 ducentesimo
1081 3101 1332 3186 quadragesimo
1364 3103 1500 3183 octauo,

364 3209 470 3294 Regni
485 3217 592 3276 antem
608 3209 710 3276 nostri
726 3227 812 3276 anno
831 3209 932 3276 tercio
948 3208 1085 3277 decimo.

366 3405 503 3474 (Eredetie
515 3405 681 3476 bltrhdrtydn
694 3409 968 3476 bama-medgysainll
989 3410 1074 3477 fllggd
1086 3407 1179 3476 pecsdt
1200 3408 1276 3466 alatt,
1299 3422 1316 3457 a
1329 3404 1434 3459 semele.
1450 3405 1502 3472 lag.

616 3493 764 3564 Batthyini
777 3493 869 3548 csaldd
881 3497 1022 3550 kdrmsudi
1034 3493 1240 3564 levtltlrdbau.)

805 3813 1053 3824 m
