3134 5158
838 377 905 450 358

792 467 949 483 ..μ

310 587 447 664 guantes
473 577 610 646 eandem
637 577 727 644 iuxta
743 574 955 643 donacionem
972 571 1130 659 Stephani
1156 572 1242 640 Bani
1266 571 1438 661 possidere

308 687 444 775 paoitioe
469 695 502 753 et
517 685 626 771 quiete
642 682 798 750 Ladialao
825 681 935 769 sepius
952 687 1121 748 annotato.
1147 679 1215 746 Noe
1231 680 1292 748 hoo
1312 689 1436 768 preter-

309 796 477 875 mittimus,
503 790 591 877 quod
606 791 683 874 quia
709 790 873 877 predictos
889 787 1006 857 Comes
1022 785 1184 872 Georgius
1209 786 1314 855 falsas
1330 797 1437 855 metas

309 913 342 971 et
357 904 502 972 ooeultas
517 901 552 966 in
569 905 657 966 terra
673 897 826 985 Gurhpsa
841 896 966 966 toeiens
991 896 1133 982 repetita
1149 905 1306 984 erexerat,
1332 897 1435 966 inten-

309 1011 389 1078 dens
405 1030 463 1098 per
478 1010 570 1096 ipsas
587 1006 725 1076 eandem
742 1023 912 1094 oeeupare,
930 1010 1045 1073 eontra
1061 1001 1253 1072 Ladinlaum
1268 1005 1438 1093 supradie-

308 1127 376 1186 tum
391 1127 442 1186 est
457 1117 623 1184 eonuiotns
639 1113 754 1182 ordine
769 1111 941 1181 iudiciario
958 1131 1067 1181 eoram
1082 1109 1192 1180 uobis.
1215 1112 1265 1180 De
1280 1131 1346 1198 qna
1360 1133 1438 1182 oon·

309 1224 460 1293 nineione
477 1221 563 1311 (lgy)
579 1222 672 1290 nohis
697 1229 854 1308 tanquam
870 1217 980 1305 iudici,
997 1226 1030 1288 et
1046 1219 1109 1288 sibi
1126 1226 1224 1307 prout
1241 1219 1437 1289 aduenario

308 1329 479 1416 satisfecit,
496 1330 580 1398 sieut
595 1329 784 1414 requirebat
795 1326 873 1396 ordo
889 1327 978 1412 iuris,
996 1333 1117 1394 terram
1133 1323 1270 1414 predicti
1281 1325 1436 1420 Gurhysa

308 1428 413 1507 etiem
430 1437 600 1525 possidere
614 1437 686 1505 sine
701 1433 966 1503 eontrariioeione
990 1433 1127 1518 aliquali
1143 1435 1368 1522 permittendo.
1397 1442 1437 1506 ln

308 1547 398 1615 onius
414 1547 460 1613 rei
485 1546 715 1631 testimonium,
734 1545 859 1612 firmam
875 1549 974 1629 atque
998 1541 1211 1611 stabilitatem
1229 1545 1435 1633 ampliorem,

307 1665 476 1744 presentes
493 1653 687 1724 contulimus
712 1653 838 1720 litteras
855 1651 957 1740 sigilli
981 1651 1083 1722 nostrl
1101 1653 1277 1721 munimine
1300 1655 1437 1724 rohora·

307 1769 368 1852 tas,
396 1783 483 1829 anno
499 1762 632 1830 Domini
649 1759 824 1829 millesimo
849 1759 1073 1828 ducentesimo
1089 1759 1163 1827 ΒΧ*
1178 1763 1289 1832 tercio.
1310 1763 1437 1831 Datum

308 1871 486 1956 Zagrahiei
502 1869 590 1960 (tgy)
606 1871 640 1937 in
656 1869 771 1954 vigilia
787 1867 898 1937 Sanetl
917 1868 1059 1936 Martini.

306 2085 431 2139 Ererletie
446 2083 610 2152 hltrhtrtptn
623 2102 640 2138 a
652 2083 761 2138 btnnak
773 2087 853 2139 vllrtts
871 2085 958 2152 tttggtt
969 2082 1088 2152 pensetis
1102 2083 1175 2148 alatt,
1189 2101 1206 2138 e
1218 2085 1299 2140 hadal
1318 2088 1370 2140 hir.
1384 2087 1437 2140 lra-

728 2178 815 2228 nuarai
826 2172 1011 2240 lertlttrhan)

828 2961 906 3030 249.

307 3159 394 3227 ctat
408 3159 525 3248 Hrdlyo'
533 3157 935 3246 idruolmeoterbr'aonyitjo,
955 3161 1036 3248 kopp
1045 3161 1130 3226 dritta
1141 3160 1262 3246 Krastos
1278 3160 1436 3244 echtnoe,

306 3267 553 3353 Lorarnulrfiui,
578 3267 726 3334 eArnnd
749 3279 778 3334 e'e
794 3269 985 3334 ordei-triremi
1008 3271 1153 3356 bizonyos
1177 3271 1321 3357 aleisonyi
1342 3293 1437 3358 peres

587 3375 721 3442 birtotna
737 3383 827 3442 rre'zve
842 3377 1017 3464 lrr'eqperlek.
1043 3375 1141 3441 1253.

410 3570 480 3638 Nos
496 3570 590 3639 Ohah
606 3571 764 3658 Magister
778 3571 1062 3638 'l'hannrnioorum
1080 3568 1221 3636 illustris
1246 3567 1346 3652 Regis
1363 3569 1435 3636 Vn-

302 3679 394 3763 garie
405 3685 443 3745 et
459 3677 575 3746 Comes
585 3677 817 3764 supruniensis
834 3677 875 3744 ad
887 3677 1110 3744 uniuersorum
1128 3677 1281 3745 notitiam
1297 3695 1435 3763 prorem

301 3788 387 3853 oium
413 3794 524 3856 tenore
550 3787 699 3854 nolumus
723 3785 890 3872 denenire,
915 3786 1003 3870 qnod
1028 3805 1099 3852 oum
1126 3783 1435 3853 meliorarentur

300 3893 446 3978 Vagarie
470 3903 538 3962 tam
564 3895 713 3961 turbatus
739 3895 799 3962 lhit
826 3895 867 3979 (l,
884 3895 976 3962 taltn
1004 3913 1157 3979 „musam
1182 3893 1279 3979 iurgii
1304 3894 1434 3982 lntar“)

300 3997 568 4087 christophorum
594 4007 627 4070 et
652 4001 837 4070 iohannem
864 4001 948 4068 titios
974 4001 1091 4067 Lazari
1116 4007 1266 4087 exparte
1288 4019 1366 4086 nne,
1387 4011 1435 4069 et

301 4107 413 4175 Arnnd
437 4107 539 4175 filium
556 4108 676 4194 Seond,
704 4111 844 4177 Pansam
859 4109 961 4176 hlinnu
980 4107 1078 4194 Potui,
1103 4109 1298 4176 hriohaelem
1315 4107 1435 4192 tiliam

299 4216 426 4300 hrosi,
452 4217 647 4286 Samtllium
659 4219 764 4302 Moeh,
791 4218 891 4284 Fioch
909 4215 1010 4284 tilium
1025 4217 1148 4296 Teoha,
1172 4223 1209 4283 et
1224 4215 1433 4303 Stephanum

299 4321 400 4389 titiam
427 4325 540 4397 [turine
563 4325 605 4392 de
630 4325 710 4392 ullla
736 4325 861 4394 hlaaao
887 4345 928 4392 ex
946 4326 1061 4410 altera,
1087 4325 1181 4393 nobis
1207 4323 1435 4394 mmmlsiaser

299 4427 412 4496 ordine
428 4429 598 4498 iudioiario
624 4433 849 4500 uentilandam
866 4453 964 4520 super
980 4431 1122 4518 quadam
1147 4432 1309 4519 partioula
1322 4441 1431 4516 terre,

298 4553 396 4619 qnam
412 4539 556 4606 Lazarus
572 4549 667 4626 pater
682 4540 884 4628 cristophori
901 4549 932 4609 et
949 4541 1110 4608 Johannis
1133 4561 1153 4608 a
1171 4539 1336 4628 predictis,
1361 4545 1432 4609 soi-

298 4643 493 4712 lioethrunt
509 4653 544 4712 et
559 4645 646 4731 alijs,
663 4649 773 4733 precio
790 4655 1048 4736 comparauerat,
1065 4647 1209 4717 indebite
1225 4647 1430 4734 recipissent
