3198 5160
634 294 796 400 *ms-

153 493 273 561 abinde
290 489 408 560 transit
423 511 483 578 per
498 489 676 576 uirgultum
693 488 738 560 ad
752 489 897 578 fluuium,
914 490 1007 560 iuxta
1021 512 1115 578 quem
1128 499 1204 564 sunt
1218 491 1283 563 dus

152 608 237 671 mete
263 602 325 670 sub
350 599 454 668 tribus
478 598 650 668 arboribus
673 599 815 687 ylieum3
847 603 983 688 posthae
1007 603 1134 689 regitat
1163 623 1279 672 versus

152 708 340 794 aquilonem
355 706 391 774 in
415 713 525 775 meatu
550 705 697 774 eiusdem
723 706 814 793 fluuij
832 705 876 774 ad
899 715 1004 776 metas
1029 715 1116 777 terre
1129 709 1280 778 liliorum

151 815 239 884 Petri
248 799 437 902 angulares,
455 813 543 882 etibi
558 822 644 883 mete
653 814 758 901 ipsius
773 819 859 884 terre
868 816 1093 887 terminantur.
1110 818 1280 888 Adicimus

150 926 264 1011 oniam,
282 923 369 1010 quod
385 923 414 990 si
430 922 542 1006 aliqua
557 921 685 1008 questio
701 931 815 992 eontra
828 924 1012 1012 prediorum
1027 927 1208 1014 Herrioum,
1224 929 1279 996 vel

151 1035 220 1103 eius
236 1031 386 1118 heredes,
401 1033 534 1102 rarione
559 1031 645 1100 diets
661 1037 747 1100 terre
762 1033 895 1102 uendite
909 1035 1145 1122 superuenerit,
1172 1035 1278 1124 ipsam

150 1143 354 1227 questionem
364 1141 470 1209 dietus
481 1141 554 1228 Gal,
573 1148 604 1209 et
613 1141 831 1225 prenominati
843 1141 899 1229 filij
912 1140 1052 1228 Gurges,
1069 1143 1124 1211 uel
1133 1144 1278 1232 ipsorum

150 1251 289 1320 heredes
305 1250 502 1318 tenebuntur
529 1248 685 1336 expedire
701 1257 734 1318 et
750 1252 892 1319 saluere.
918 1251 988 1319 Nee
1003 1252 1065 1318 hoo
1087 1253 1280 1339 prettermit·

153 1360 263 1447 limus,
280 1359 368 1443 quod
383 1358 489 1426 dietus
505 1355 567 1425 Gal
584 1377 682 1425 vnum
697 1359 827 1425 vineam
843 1379 937 1426 suom
952 1359 1050 1426 sitam
1065 1359 1100 1426 in
1118 1360 1280 1428 territorio

149 1469 228 1535 ville
244 1467 407 1534 Bolunnk
424 1487 524 1554 super
547 1467 651 1534 tribus
668 1467 833 1552 iugeribus
858 1475 1015 1535 terrarum
1039 1467 1125 1534 dioto
1140 1466 1277 1536 Herrioo

148 1599 206 1665 pro
224 1597 292 1644 nna
306 1597 417 1644 marea
434 1582 467 1644 et
482 1575 608 1642 lenione
625 1575 667 1642 ab
685 1575 798 1643 eodem
825 1576 921 1663 plene
936 1573 1126 1662 recipiendo
1142 1575 1227 1642 dixit
1242 1595 1279 1643 se

147 1685 339 1755 vendidisse
352 1686 386 1752 in
412 1691 603 1772 perpetuum
617 1683 863 1771 possidendam.
888 1686 926 1750 In
947 1684 1039 1752 ouius
1063 1684 1111 1751 rei
1136 1684 1279 1752 testimo·

149 1796 237 1862 nium
262 1795 307 1862 ad
323 1793 518 1879 peticionem
542 1795 689 1879 purnium
711 1799 879 1879 presentes
904 1792 1032 1860 litteras
1059 1791 1279 1860 oonoessimus

149 1903 251 1988 sigilli
266 1901 372 1970 nostri
387 1901 564 1968 munimine
583 1901 765 1970 roboratas.
785 1902 906 1969 Datum
922 1919 981 1988 per
996 1920 1113 1968 manns
1128 1898 1280 1986 Magistri

148 2010 283 2080 Roberti
297 2010 446 2079 Leotoris
462 2009 611 2077 Eoelesie
627 2015 737 2076 nostre
754 2029 840 2075 anno
857 2009 969 2093 graoie
985 2010 1031 2076 ll⁰
1041 2008 1108 2076 00⁰
1124 2007 1281 2093 quinqua-

149 2121 274 2205 gesimo
290 2139 388 2188 nono.
413 2117 603 2186 Venerabili
618 2118 653 2184 iu
668 2118 795 2186 Christo
812 2124 905 2203 patre
929 2121 1041 2185 nostro
1059 2116 1186 2184 Zlando
1202 2115 1279 2202 Epi·

150 2247 259 2314 soopo,
276 2228 368 2294 Fauo
384 2225 565 2313 Proposito,
582 2224 773 2293 Lodomerio
790 2223 940 2308 (iuniore,
966 2223 1122 2290 iohanne
1137 2222 1281 2290 Onstodo

151 2335 376 2404 existentibus.

203 2536 239 2603 (Α
248 2532 399 2604 resrprdmi
411 2531 602 2602 lstptalunnak
616 2534 729 2586 leot-ki
741 2529 899 2596 dtiretribdl,
912 2545 930 2582 a
942 2529 1026 2583 budai
1038 2530 1090 2580 ku.
1103 2529 1227 2580 kamaria

616 2619 807 2688 levdltirban.)

589 2911 845 2921 -—--·—-.

672 3351 751 3420 369.

153 3542 181 3608 Α
192 3535 581 3629 picentinodidoooeotook
597 3531 869 3620 dizooyedplooele,
889 3533 971 3617 kopp
981 3528 1109 3596 Joooko
1119 3525 1283 3594 Jciooooolo

187 3651 239 3736 fia
254 3648 456 3736 oopdapcltoa'
470 3644 592 3730 sedleje't
606 3665 664 3730 epp
673 3643 801 3708 moenai
812 3638 991 3728 polpdroalo
1006 3637 1124 3704 eladio.
1137 3635 1237 3699 1259.

256 3843 375 3912 Fassio
401 3861 511 3910 eoram
527 3841 695 3908 Gonuentu
719 3833 831 3924 (Peos)
848 3831 1045 3900 Varadiensi
1059 3827 1198 3918 ⁸Jounlna
1221 3825 1282 3892 lilii

154 3954 287 4023 loannis
313 3969 412 4038 super
436 3950 535 4017 vinea
559 3968 620 4016 sua
635 3951 670 4014 in
686 3943 767 4012 villa
784 3939 993 4029 Naydayoha
1008 3933 1191 4023 Syrmiensi
1217 3933 1282 4001 eivi

156 4063 193 4129 de
208 4061 341 4130 Zekohu
356 4059 391 4126 in
407 4057 548 4144 quinque
565 4055 686 4122 mareis
707 4049 925 4139 perennaliter
941 4046 1102 4130 obligata.

320 4257 355 4324 (Δ
370 4257 443 4312 mett.
457 4257 483 4311 b.
496 4254 591 4322 Πόνε]
605 4251 697 4305 osnldd
711 4247 901 4304 levdltdrtnak
914 4241 1123 4316 lajstromibdl.)

591 4541 853 4562 ..ι-σ--α--ν-κ·
