3198 5160
683 301 750 372 566

152 503 331 592 cupientes,
359 521 432 570 oum
457 500 500 566 ad
526 498 656 568 ultimos
681 501 762 568 fines
788 499 922 568 Bruasie
947 489 1203 581 devenissemus,
1232 493 1279 564 rei

152 610 333 679 dedicimus
349 608 529 694 veritatem,
547 605 635 692 quod
650 628 761 674 omncs
778 608 943 692 Thartari,
962 607 1016 692 qni
1035 606 1139 674 eciam
1156 603 1279 688 Vngari

154 717 279 806 pagani
294 723 461 798 vocantur,
479 722 512 782 et
522 715 667 800 Bulgeri,
685 721 718 782 et
733 717 848 800 Regna
866 715 1127 802 quamplurima,
1145 713 1280 780 aTbar-

152 828 232 894 taris
252 823 383 912 penitus
408 828 484 890 suut
499 822 682 890 devastata.
709 821 795 900 Quid
811 833 920 891 autem
935 824 999 891 sint
1013 821 1198 890 Thartari?
1225 839 1279 883 cu·

151 936 244 1002 iusve
259 939 349 1001 secte
365 931 456 1000 sint?
482 937 580 1018 prout
596 932 710 1000 melius
727 933 889 1018 potuimus
906 931 1029 1000 directe
1045 930 1147 998 Vobis
1168 933 1280 996 tenore

151 1041 353 1126 presentium
364 1038 599 1106 enarrabimus.
616 1039 768 1107 Relatum
785 1040 924 1106 estmibi
940 1038 1176 1123 aquibusdam,
1193 1032 1280 1120 quod

150 1148 304 1216 Thartari
320 1146 548 1214 inhabitabant
564 1154 685 1214 terram
698 1149 801 1234 prius,
819 1169 917 1232 quam
934 1168 1018 1215 nuuc
1036 1145 1174 1214 Cumani
1188 1141 1279 1211 inha-

151 1257 269 1342 bitant,
296 1264 329 1322 et
345 1255 496 1322 dicuutur
511 1255 545 1322 iu
560 1255 699 1322 veritate
715 1256 773 1323 filii
790 1256 986 1338 Ysmahelis,
1013 1256 1099 1324 unde
1115 1261 1148 1322 et
1163 1252 1280 1318 Ysma·

151 1364 251 1432 helite
267 1363 379 1432 volunt
403 1381 489 1430 nuuc
504 1363 658 1430 'Phartari
675 1365 867 1451 nuncupari.
893 1367 995 1430 Terra
1012 1369 1131 1446 autem,
1160 1359 1281 1444 deque

150 1472 242 1557 prius
259 1477 335 1538 suut
346 1468 483 1556 egressi,
495 1469 594 1536 Getta
605 1475 748 1556 vocatur,
764 1490 862 1555 quam
873 1471 988 1538 Ruben
999 1465 1280 1538 Gottsmvoeavit.

150 1581 299 1648 Primum
314 1584 424 1645 autem
440 1575 806 1646 bellumTha1·tarorum
823 1578 871 1646 sic
889 1583 938 1646 est
948 1579 1153 1646 inchoatum:
1170 1573 1281 1642 Domi·

149 1708 213 1756 nus
231 1695 303 1754 erat
317 1687 351 1752 in
366 1691 453 1754 terra
466 1683 577 1774 Getta,
594 1687 776 1770 Gurgatam
792 1687 931 1770 nomine,
949 1688 1005 1772 qni
1022 1704 1166 1754 sororem
1182 1682 1281 1750 habe·

150 1797 212 1864 bat
227 1795 399 1882 virginem,
425 1793 619 1882 parentibus
644 1792 803 1860 defunctis
820 1814 879 1862 sue
904 1794 1029 1862 familie
1047 1794 1279 1882 presidentem,

151 1913 187 1972 et
202 1924 292 1972 more
313 1903 410 1988 virili,
429 1912 465 1971 ut
479 1902 606 1987 dicitnr,
622 1923 658 1970 se
674 1910 852 1986 gerentem.
872 1903 1093 1989 Expugnabat
1109 1897 1282 1986 quemdam

151 2014 279 2080 Ducem
306 2012 467 2096 vicinum,
494 2017 527 2078 et
552 2011 689 2077 eundem
714 2009 782 2078 suis
808 2010 984 2098 spoliabat.
1014 2008 1147 2096 illapsis
1173 2017 1282 2076 autem

151 2119 353 2206 quibusdam
363 2120 489 2202 diebus,
506 2139 578 2185 cum
590 2119 713 2186 Ducem
730 2116 845 2184 iterum
857 2118 1038 2204 predictum
1049 2119 1282 2186 Thartarorum

150 2227 297 2312 natione,
316 2225 400 2293 sicut
416 2229 639 2304 consueverat,
657 2243 845 2310 expugnare
861 2225 1036 2311 niteretur;
1059 2225 1115 2292 ille
1130 2223 1195 2291 sibi
1210 2242 1282 2310 pre·

151 2351 286 2418 cavens,
313 2331 486 2402 commisso
504 2331 591 2400 bello
612 2350 685 2398 eum
711 2332 822 2418 puella
844 2331 1035 2418 supradicta
1059 2329 1225 2416 prevaluit
1250 2331 1283 2398 in

151 2461 278 2530 pugna,
295 2445 328 2506 et
346 2459 430 2524 eam,
456 2458 554 2524 quam
572 2437 662 2524 prius
688 2437 804 2506 habuit
828 2439 1063 2522 adversariam,
1090 2437 1280 2526 captivavit,

151 2566 376 2634 conversoque
401 2547 434 2614 in
450 2546 563 2632 fugam
581 2565 640 2614 suo
657 2547 813 2631 exercitu,
839 2547 946 2634 ipsam
963 2549 995 2614 in
1013 2547 1206 2634 captivitate
1225 2569 1282 2633 po·

150 2659 253 2726 sitam
269 2655 414 2740 violavit,
436 2663 469 2722 et
483 2655 517 2722 in
536 2656 667 2740 signum
684 2656 817 2724 maioris
837 2657 990 2742 vindicte,
1008 2655 1199 2722 defloratam
1216 2655 1283 2722 iam

151 2765 293 2852 turpiter
308 2763 493 2832 decollavit.
510 2764 582 2843 Quo
599 2764 712 2832 audito
728 2764 829 2832 frater
841 2764 953 2852 puelle
968 2769 1145 2832 memorate
1156 2764 1283 2848 Garga-

150 2881 223 2942 tam
248 2871 454 2962 supradictus
479 2873 566 2958 Dux,
593 2875 706 2940 nuntio
732 2873 775 2940 ad
802 2873 964 2960 prefatum
990 2873 1093 2940 virum
1118 2871 1283 2956 delegato,

151 2983 223 3050 tale
240 2983 340 3048 lertur
355 2979 544 3046 mandatum
555 2979 815 3048 transmississe:
835 2981 1016 3068 ,Intellexi
1034 2980 1122 3064 quod
1138 2999 1283 3048 sororem

152 3110 263 3158 meam
288 3091 418 3176 captam
434 3093 467 3154 et
492 3087 681 3156 defloratam
704 3088 894 3174 decollasti;
921 3087 1062 3173 noveris,
1088 3081 1175 3173 quod
1201 3106 1284 3174 opus

151 3196 236 3264 mibi
253 3195 451 3262 eontrarium
468 3195 617 3282 exegisti.
635 3196 670 3264 Si
686 3217 777 3266 soror
789 3217 863 3264 mea
877 3197 937 3262 tibi
952 3195 1090 3266 forsitan
1100 3195 1162 3263 fuit
1176 3195 1282 3280 inqui-

154 3311 223 3390 eta,
241 3303 478 3392 dampnifieans
495 3310 527 3370 te
542 3303 576 3370 in
593 3303 691 3371 rebus
707 3304 892 3388 mobilibus,
912 3309 1047 3392 poteras
1065 3305 1109 3372 ad
1124 3323 1176 3370 me
1191 3317 1284 3370 acoe-

150 3413 245 3498 dere,
272 3433 388 3498 equum
407 3413 447 3480 de
464 3380 675 3480 euludioium
691 3413 870 3500 petiturus;
898 3416 961 3502 vel,
986 3414 1015 3482 si
1031 3414 1146 3482 volens
1161 3421 1194 3482 te
1209 3434 1284 3501 pro·

151 3521 237 3610 priis
263 3521 414 3588 manibus
431 3521 607 3606 vindicare,
634 3513 832 3590 debellatam
857 3523 1034 3610 captivasti
1054 3531 1088 3590 et
1103 3522 1284 3606 deflorasti

151 3627 274 3696 ducere
291 3648 364 3695 eam
379 3636 510 3716 poteras
527 3629 560 3696 in
576 3648 720 3698 uxorem.
747 3630 782 3697 Si
798 3637 908 3698 autem
925 3651 998 3700 eam
1025 3630 1195 3702 occidendi
1210 3649 1284 3718 pro·

152 3738 301 3826 positum
315 3735 471 3820 habuisti,
497 3737 685 3804 nullatenus
711 3735 873 3806 debueras
894 3759 966 3806 eam
995 3737 1164 3808 deflorare.
1190 3736 1285 3806 Nunc

152 3843 284 3914 veroin
308 3843 435 3910 duobus
461 3841 685 3929 damnificans,
712 3852 745 3910 et
759 3845 913 3930 virginali
932 3845 1089 3932 pudicitie
1108 3844 1283 3934 turpitudi-
1413 3839 1416 3846 '

155 3972 233 4020 nem
256 3949 416 4035 intulisti,
442 3955 473 4017 et
489 3951 623 4038 capitali
650 3971 722 4020 eam
748 3958 851 4020 morte
875 3955 1106 4022 miserabiliter
1131 3954 1285 4024 condem-

152 4059 276 4146 pnasti.
293 4061 430 4145 Propter
440 4060 526 4144 quod
541 4059 575 4126 in
586 4059 763 4127 vindictam
779 4061 869 4146 necis
885 4063 994 4149 puelle
1010 4062 1176 4130 nominate
1187 4062 1285 4146 scias,

152 4187 206 4235 me
216 4175 324 4235 tecum
340 4167 418 4235 totis
430 4167 553 4238 viribus
569 4165 853 4255 congressurum.“
872 4172 943 4238 Hoc
953 4170 1091 4238 audieus
1101 4172 1178 4236 Dur
1193 4171 1284 4238 necis

152 4284 371 4365 perpetrator,
398 4283 431 4344 et
445 4273 573 4364 videns,
591 4297 627 4344 se
641 4298 707 4346 non
723 4298 822 4364 posse
837 4279 1000 4362 resistere,
1025 4279 1109 4364 sugit
1125 4299 1199 4346 cum
1215 4281 1284 4348 suis

153 4385 199 4453 ad
213 4383 393 4453 Soldanum
409 4385 450 4452 de
467 4385 607 4470 Ornaeh,
632 4392 722 4454 terra
736 4386 873 4474 propria
888 4385 1056 4456 derelicta.
1083 4387 1155 4456 Hiis
1171 4387 1284 4472 itaque

153 4495 259 4580 gestis
275 4500 347 4560 erat
363 4493 437 4561 Dux
453 4491 586 4578 quidam
600 4495 634 4560 in
652 4500 739 4562 terra
754 4494 984 4580 Cumanorum,
1010 4495 1143 4564 nomine
1158 4493 1283 4580 Vithut,

156 4604 250 4676 cuius
267 4600 382 4670 divitie
396 4607 468 4668 tam
483 4601 633 4688 preclare
651 4601 871 4690 predicantur,
897 4601 985 4689 quod
1000 4601 1100 4670 etiam
1115 4621 1236 4690 peoora
1253 4603 1288 4672 iu
