3112 5148
650 793 705 862 83.

128 975 171 1040 Aa
183 975 359 1084 metaponti
374 973 533 1061 kdptolora
557 997 614 1060 epp
631 975 814 1061 Eaaterporra
830 975 984 1043 retortae
1010 977 1079 1044 tave
1102 979 1237 1046 deleam

200 1083 302 1148 Adam
311 1079 652 1169 friszerlcercskeddaek
667 1079 743 1146 lara
759 1083 829 1146 dora
845 1083 933 1149 terta
949 1085 1038 1171 ndja.
1057 1089 1154 1152 1242.

223 1277 391 1344 Vniuersis
407 1285 577 1364 presentes
596 1277 722 1344 litteras
733 1278 927 1364 inspecturis
938 1280 1006 1347 Nos
1016 1281 1239 1366 Strigonicnsc

129 1383 300 1470 Capitulum
317 1385 458 1453 salntem
475 1387 508 1451 in
525 1387 663 1453 Domino
679 1388 757 1453 Josu
775 1385 915 1454 Christo.
933 1389 1069 1456 Nouerit
1085 1389 1240 1456 vniuersi-

129 1499 171 1558 tas
186 1499 304 1580 nestra,
330 1493 417 1577 qnod
433 1513 494 1561 nos
509 1493 691 1561 locauimns
709 1495 865 1579 Magistro
882 1495 953 1562 Ade
979 1497 1151 1583 speclario,
1175 1498 1239 1564 ciui

128 1601 342 1687 strigoniensi,
359 1622 420 1689 pro
436 1621 472 1667 se
488 1609 521 1668 et
538 1600 714 1669 heredibus
732 1603 799 1668 suis
815 1603 980 1690 legitimis,
1008 1611 1039 1670 et
1055 1625 1118 1673 nen
1136 1611 1240 1672 extra-

128 1705 195 1793 ncis,
213 1707 379 1792 quandam
395 1706 525 1774 domum
541 1716 685 1776 nostram
702 1708 879 1796 lapideam,
906 1709 1003 1776 sitam
1018 1711 1051 1775 in
1068 1710 1139 1778 vico
1156 1713 1239 1778 Lati·

128 1833 230 1881 nerum
254 1813 524 1898 Strigoniensinm
536 1867 545 1900 ,
571 1816 747 1884 habentem
772 1816 937 1884 introitum
964 1823 995 1882 et
1020 1818 1140 1884 exitnnr
1168 1827 1241 1886 ante

128 1941 264 1988 mmeras
290 1923 561 2008 mercimoniales,
589 1932 621 1990 ct
646 1923 879 1990 conterminam
902 1925 984 2009 vico,
1009 1925 1065 2010 qui
1082 1925 1122 1992 de
1148 1926 1244 1994 dictis

128 2032 258 2098 cameris
283 2031 580 2098 mercimonialibns
607 2031 697 2098 ducit
712 2032 754 2096 ad
781 2032 954 2099 eeclesiam
980 2034 1093 2100 Sancti
1116 2035 1246 2104 Nicolai

127 2139 285 2225 Strigenii,
312 2141 355 2205 ab
373 2141 434 2206 irae
454 2140 517 2224 die,
543 2139 695 2206 videlieet
712 2141 822 2206 Sancti
847 2140 1016 2208 Michaelis
1036 2143 1246 2228 Archangeli,

128 2267 219 2332 nsque
234 2247 278 2314 ad
288 2248 406 2331 viginti
423 2267 525 2314 annes
541 2249 689 2334 proxime
706 2247 841 2332 loturos,
858 2248 920 2317 hee
935 2256 1032 2334 paeto
1050 2258 1082 2316 et
1093 2250 1155 2334 hys
1172 2270 1245 2316 con-

127 2355 302 2422 dicionibus
328 2355 638 2440 interuenientibns5
667 2354 753 2440 qued
776 2357 863 2422 idem
888 2358 1046 2440 Magister
1062 2355 1169 2421 Adam
1195 2357 1246 2422 uel

127 2462 257 2529 heredes
273 2463 324 2528 sui
350 2463 454 2548 primo
471 2485 557 2531 anno
582 2470 732 2529 tenentur
746 2462 840 2529 nobis
866 2462 994 2531 soluere
1011 2463 1093 2528 duas
1120 2481 1246 2528 marcas

128 2571 196 2636 honi
212 2579 245 2636 et
261 2571 381 2653 legalis
397 2573 527 2656 argenti
542 2573 575 2637 in
592 2571 736 2637 terminis
753 2569 990 2656 infrascriptis5
1007 2569 1149 2638 secundo
1161 2589 1245 2636 anno

128 2677 202 2745 duas
227 2701 358 2748 mareas
375 2690 407 2748 et
424 2681 611 2763 dimidiam,
637 2679 739 2746 tercio
755 2698 832 2746 uero
852 2699 936 2744 anno
953 2677 1035 2746 duas
1063 2699 1190 2746 mareas
1216 2685 1247 2744 et

128 2793 189 2852 tres
204 2787 367 2873 fertones,
394 2795 510 2872 quarto
527 2809 604 2856 uero
630 2810 714 2855 anno
730 2794 796 2855 tres
813 2807 950 2874 mareas,
978 2788 1072 2854 etsie
1093 2787 1247 2872 deinceps

128 2913 222 2977 usqne
240 2896 284 2962 ad
300 2897 489 2964 vicesimum
516 2917 634 2964 annum
650 2898 857 2979 integraliter
884 2903 1011 2962 tenetur
1027 2899 1154 2964 soluere
1178 2917 1249 2982 pro-

128 3003 206 3068 rirne
222 3003 330 3070 dietas
346 3011 413 3070 tres
439 3023 567 3071 mareas
584 3002 764 3071 annuatim.
781 3005 850 3071 Hoc
867 3003 968 3087 saluo,
991 3003 1078 3088 qnod
1094 3004 1135 3070 de
1151 3001 1248 3070 dietis

128 3111 237 3176 nareis
255 3111 394 3194 singulis
420 3111 515 3178 annis
530 3112 624 3179 nobis
650 3111 876 3197 persoluendis
899 3111 1038 3178 retinere
1063 3111 1182 3179 debent
1206 3111 1249 3177 di-

127 3217 256 3284 midiam
272 3225 398 3304 partem
409 3240 469 3305 pro
486 3217 695 3287 edificacione
706 3225 845 3304 quatuor
860 3221 1020 3304 parietum
1036 3218 1249 3305 lapideorum,

126 3325 154 3390 in
181 3323 356 3392 altitudine
382 3325 527 3392 stacione
551 3326 648 3392 unius
665 3325 705 3391 de
730 3325 814 3392 bono
840 3331 871 3392 ct
898 3325 1000 3410 legali
1025 3344 1132 3411 opere,
1161 3324 1250 3392 adie

125 3434 267 3518 predicte
283 3433 462 3501 loeacionis
473 3454 575 3518 nsque
591 3433 747 3500 adfinem
765 3433 870 3517 quinti
887 3435 965 3500 anni
975 3433 1121 3520 proxime
1131 3432 1248 3518 foturj;

126 3541 223 3610 aliam
238 3563 318 3611 nero
345 3541 513 3610 dimidiam
530 3549 659 3629 partem
675 3543 794 3611 debent
817 3543 1004 3629 persoluere
1019 3544 1052 3610 in
1067 3543 1130 3630 hys
1146 3543 1251 3612 tribus

124 3652 290 3736 terminia,
318 3652 423 3738 primo
439 3651 592 3718 uidelicet
616 3651 650 3717 in
667 3650 918 3720 circumcisione
935 3653 1075 3736 Domini,
1105 3650 1259 3719 secundo·

124 3757 155 3822 in
180 3757 265 3826 sesto
284 3759 516 3844 Apostolorum
541 3757 686 3844 Philippi
712 3766 744 3826 et
768 3760 895 3846 Jacobi,
923 3768 955 3828 et
979 3759 1080 3828 tercio
1106 3761 1140 3826 in
1165 3759 1251 3824 sesto

126 3866 235 3933 Sancti
250 3866 374 3952 Egidij,
399 3867 452 3933 nel
468 3866 706 3951 quintodecimo
733 3868 786 3936 die
802 3875 877 3954 post
892 3868 1070 3952 quemlibet
1093 3862 1251 3952 prediolo·

125 3993 193 4039 rnrn
208 3975 430 4040 terminorum.
447 3975 484 4040 ln
495 3975 558 4041 fine
573 3991 651 4044 uero
666 3976 769 4060 quinti
786 3975 863 4042 anni
884 3975 981 4041 debet
997 3972 1065 4040 fieri
1076 3993 1135 4058 per
1149 3973 1251 4039 bones

128 4082 215 4150 uiros
231 4081 400 4150 estimacio
417 4082 524 4170 operis
539 4080 697 4168 iamdicti,
718 4090 751 4149 et
767 4082 869 4150 donec
885 4082 992 4168 ipsam
1009 4081 1252 4149 estimaeionem

131 4188 253 4275 integre
270 4192 485 4278 perceperint,
512 4199 663 4277 utsupra
680 4189 874 4278 dictumest,
893 4189 1001 4258 debite
1017 4189 1110 4260 nobis
1126 4189 1252 4277 pensio·

130 4295 177 4361 nis
193 4295 361 4364 dimidiam
378 4305 506 4385 partem
522 4297 716 4365 retinebunt.
733 4297 806 4376 Qua
822 4305 986 4384 precepta,
1011 4303 1129 4365 extunc
1145 4297 1253 4384 singu·

132 4403 171 4469 lis
185 4402 299 4471 latinis
324 4403 420 4472 annis
437 4425 540 4490 nsque
556 4406 599 4472 ad
614 4405 804 4474 vicesimum
829 4406 983 4474 iamdiete
1003 4407 1180 4474 loeaeionis
1196 4427 1252 4473 an-

34 4523 35 4608 j
134 4531 205 4580 nnn
214 4515 337 4601 integre
348 4513 469 4583 debent
478 4515 605 4585 soluere
616 4515 817 4603 sepedictam
826 4517 923 4586 trium
931 4535 1115 4586 marcarum
1125 4515 1253 4598 argenti
