3134 5150
827 307 980 409 Α

338 529 404 578 rus.
432 511 512 578 Cum
528 509 639 574 autem
656 494 744 565 dicto
759 499 892 568 Abbate
915 522 975 588 pro
992 522 1029 570 se
1045 523 1085 570 ac
1100 504 1299 574 Monasterio
1320 529 1380 580 suo
1395 519 1482 579 tunc

337 625 500 691 innostra
515 613 684 703 presentia
706 615 925 694 comparente,
943 610 1030 678 idem
1046 611 1232 700 Episcopus
1252 636 1316 684 nec
1331 619 1486 688 venisset

338 731 372 797 iu
388 728 539 808 termino,
564 742 627 790 nec
641 725 720 807 post
734 717 906 784 terminum
926 720 1025 786 etiam
1041 720 1164 790 diutius
1183 733 1396 813 expectatus,
1411 750 1482 798 uos

337 839 487 908 nolentes
512 827 698 901 huiusmodi
724 845 880 894 excessus
896 827 1053 914 Episcopi
1079 837 1148 896 tam
1174 851 1325 906 enormes
1353 855 1481 921 penam

338 946 483 1031 effugere
508 940 616 1009 debite
640 934 790 1014 ulcionis,
815 932 944 1001 dilectis
969 935 1046 1002 liliis
1130 939 1243 1006 Sancti
1270 940 1403 1008 Martini
1430 943 1480 1012 de

337 1049 508 1121 Pannonia
524 1053 557 1115 ct
573 1101 579 1114 .
593 1093 621 1110 ..
639 1041 751 1110 Sancti
767 1039 949 1107 Salvatoris
969 1041 1010 1107 de
1026 1042 1155 1110 Saxsrd
1171 1045 1358 1116 Abbatibus
1375 1049 1475 1116 Ordi-

337 1161 390 1226 nis
407 1157 518 1224 Sancti
534 1150 703 1220 Benedicti
728 1149 907 1216 direximus
922 1150 1048 1237 scripta
1064 1161 1187 1238 nostra,
1212 1162 1249 1222 ut
1264 1158 1476 1243 sepedictum

338 1267 536 1353 Episcopum
562 1259 605 1327 ad
621 1257 798 1326 solvendae
822 1255 887 1343 ipsi
902 1256 1023 1324 Abbati
1048 1278 1160 1327 omnes
1183 1281 1358 1350 expensas,
1385 1286 1477 1351 quaa

338 1375 462 1443 fecerat
477 1391 499 1437 a
513 1376 670 1455 tempore,
688 1385 751 1451 quc
767 1363 923 1432 veniendi
935 1365 979 1434 ad
991 1365 1110 1432 Scdem
1121 1368 1344 1455 Apostolicam
1359 1373 1423 1441 luit
1438 1377 1475 1442 ei

337 1481 495 1550 terminus
510 1472 748 1565 peremptorius
765 1471 964 1556 assignatus,
988 1473 1165 1542 monitione
1183 1479 1346 1562 premissa
1361 1487 1477 1549 aucto-

337 1591 435 1657 ritate
460 1592 573 1654 nostra
598 1587 763 1665 cogentes,
789 1579 935 1646 iacerent
962 1578 1069 1647 eidem
1094 1581 1215 1650 Abbati
1231 1605 1395 1673 expensas
1422 1588 1475 1656 ad

336 1695 601 1786 prosecutionem
616 1688 741 1775 negotii
757 1688 962 1755 necessarias
988 1687 1030 1755 de
1047 1690 1141 1757 bonis
1156 1693 1346 1761 Monasterii
1361 1698 1475 1781 provi-

336 1805 428 1890 deri,
449 1799 704 1870 contradictores
714 1817 774 1881 per
789 1815 958 1863 censuram
968 1796 1226 1864 ecclesiasticam
1242 1803 1472 1888 appellatione

335 1912 522 2000 postposita
549 1902 806 1991 compescendo,
838 1903 1034 1988 prefigentes
1059 1905 1222 1993 Episcopo
1253 1914 1286 1974 et
1310 1906 1469 1981 cornelio

336 2015 543 2105 supradictis,
560 2023 593 2080 et
608 2013 735 2080 duobus
751 2011 803 2078 vel
819 2011 923 2079 tribus
939 2013 1118 2098 monacbis,
1142 2015 1378 2102 principalibus
1394 2017 1472 2085 lau-

335 2129 460 2198 toribue
478 2122 661 2207 eorundem,
687 2121 857 2186 terminum
877 2121 1152 2207 peremptorium,
1176 2123 1296 2192 festum
1312 2125 1472 2194 Purifioa

334 2233 434 2304 tionis
449 2235 551 2299 Beate
567 2229 713 2313 Virginis
736 2229 883 2312 proximo
901 2235 976 2295 tunc
991 2227 1142 2314 futurum,
1167 2251 1231 2314 quo
1247 2233 1472 2318 personaliter

334 2349 445 2409 nostro
462 2357 498 2406 se
514 2334 702 2422 conspectui
718 2338 954 2420 presentarunt,
978 2335 1179 2403 satisfacturi
1198 2337 1239 2404 de
1254 2343 1303 2406 tot
1318 2342 1469 2408 excessi·

333 2453 405 2536 bus,
432 2455 465 2515 et
480 2444 597 2514 facturi
614 2451 647 2510 et
672 2441 832 2529 recepturi
857 2461 955 2528 super
972 2443 1151 2530 premissis,
1178 2445 1265 2529 quod
1282 2447 1471 2532 requireret

336 2556 416 2626 ordo
432 2556 522 2640 iuris,
545 2555 635 2640 ipsos
652 2549 745 2618 adid
762 2568 899 2616 censura
915 2549 1014 2616 simili
1038 2551 1259 2637 appellatione
1274 2555 1471 2642 postposita

333 2664 568 2750 compellendo.
594 2660 745 2726 Ceterum
770 2677 843 2724 cum
868 2657 946 2724 dicti
968 2657 1115 2726 Abbates
1138 2661 1172 2726 in
1197 2662 1368 2731 commisso
1394 2665 1469 2734 sibi

335 2771 466 2856 negotio
482 2767 696 2856 procedentes
711 2765 854 2832 iniuncto
870 2765 935 2850 ipsi
944 2765 1109 2852 Episcopo
1126 2769 1187 2835 sub
1197 2769 1469 2842 interminatione

334 2877 568 2960 anathematis,
594 2881 630 2942 ut
655 2893 818 2960 expensas
844 2871 937 2940 iuxta
952 2873 1141 2942 mandatum
1166 2885 1313 2946 nostmm
1337 2880 1468 2950 Abbati

332 2991 473 3057 solveret
488 2983 686 3071 supradicto,
704 3002 743 3049 ac
755 2984 879 3068 prefixo
895 2981 1060 3050 iamdictis
1076 2987 1240 3072 Episcopo
1257 2993 1290 3054 et
1305 2986 1465 3060 Cornelio

332 3119 371 3164 ac
386 3097 514 3162 dnobus
530 3092 699 3160 monachis
715 3091 853 3156 termino
872 3092 1101 3178 peremptorio,
1118 3092 1202 3162 festo
1217 3093 1466 3166 Purificatiouia

331 3207 432 3272 Beate
458 3200 603 3286 Virginis
628 3199 776 3285 proximo
801 3217 886 3264 nunc
911 3205 1087 3284 transacto,
1113 3221 1178 3285 quo
1196 3203 1288 3269 iuxta
1311 3209 1466 3274 tenorem

332 3312 478 3380 mandati
493 3307 676 3396 Apostolioi
691 3306 725 3373 iu
751 3313 865 3374 nostra
887 3307 1054 3392 presentia
1079 3318 1315 3396 comparerent,
1339 3311 1372 3377 in
1388 3330 1464 3400 coe,

330 3423 359 3488 si
375 3439 470 3488 secus
495 3425 640 3502 agerent,
667 3413 1010 3480 excommunicationis
1037 3413 1231 3482 sententiam
1254 3419 1465 3504 promulgas·

329 3535 420 3608 sent;
447 3525 579 3592 tandem
605 3524 648 3589 ad
672 3522 849 3589 instantem
871 3519 1144 3606 supplicationem
1169 3524 1274 3610 ipsius
1297 3525 1462 3614 Episcopi

329 3655 395 3724 pax
410 3633 471 3702 fuit
485 3634 571 3699 iuter
587 3651 642 3698 eos
658 3630 766 3697 taliter
782 3628 968 3712 reformata,
998 3637 1030 3696 et
1045 3631 1175 3698 iirmata
1191 3633 1290 3700 etiam
1307 3631 1462 3704 eiusdem

328 3741 485 3832 Episcopi
510 3741 701 3822 iuramento,
728 3737 872 3804 scilicet:
890 3734 986 3814 Quod
1009 3737 1125 3804 eodem
1140 3737 1269 3807 Abbate
1284 3739 1329 3806 ad
1344 3761 1462 3810 mona-

327 3852 462 3922 sterium
486 3867 579 3917 suum
607 3844 755 3932 plenarie
770 3845 932 3929 restituto,
958 3851 992 3910 et
1006 3843 1178 3929 pacificam
1201 3845 1306 3933 ipsius
1327 3869 1463 3934 posses·

326 3964 450 4030 sionem
466 3957 599 4043 adepto,
625 3971 788 4041 expensas
805 3952 870 4018 sibi
895 3951 992 4038 plene
1007 3953 1222 4039 persolveret,
1249 3963 1282 4022 et
1306 3953 1461 4042 dampna

327 4069 447 4152 omnia,
473 4083 537 4150 que
552 4073 700 4149 tempore
715 4058 879 4127 discordie
895 4059 1128 4128 monasterium
1144 4061 1288 4148 pertulit,
1312 4063 1460 4149 integra·

324 4179 399 4246 liter
415 4173 613 4241 emendaret.
631 4171 755 4240 Eodem
770 4169 871 4256 igitur
884 4169 1016 4236 Abbate
1035 4169 1129 4237 iuxta
1144 4169 1283 4240 formam
1298 4171 1391 4258 pacis
1407 4171 1460 4240 ad

325 4283 559 4351 monasterinm
582 4273 802 4368 restituto,'et
816 4279 873 4346 vix
887 4279 1009 4348 ibidem
1034 4299 1092 4366 per
1110 4280 1206 4347 unius
1230 4281 1353 4350 mensis
1377 4301 1460 4369 epa·

323 4391 405 4462 tium
420 4392 590 4476 existente,
604 4391 765 4457 irruentes
781 4389 816 4454 in
832 4408 906 4456 eum
921 4387 985 4455 viri
1001 4387 1125 4472 absque
1141 4387 1375 4474 misericordia,
1391 4389 1459 4460 filii

323 4497 495 4583 scelerati,
530 4498 618 4584 quod
641 4519 707 4566 non
732 4497 856 4582 absque
882 4495 1102 4564 amaritudine
1127 4497 1246 4566 mentis
1270 4497 1456 4588 referimus,

322 4608 432 4695 ipsum
447 4605 650 4674 interfectum
659 4603 793 4674 bestiali
809 4623 900 4674 more
909 4603 1120 4674 conciderunt
1135 4605 1169 4672 in
1184 4603 1298 4694 frusta,
1315 4613 1349 4674 et
1364 4607 1455 4676 utin
