<?xml version="1.0" encoding="UTF-8"?>
<!DOCTYPE html PUBLIC "-//W3C//DTD XHTML 1.0 Transitional//EN"
    "http://www.w3.org/TR/xhtml1/DTD/xhtml1-transitional.dtd">
<html xmlns="http://www.w3.org/1999/xhtml" xml:lang="en" lang="en">
 <head>
  <title>
</title>
<meta http-equiv="Content-Type" content="text/html;charset=utf-8" />
  <meta name='ocr-system' content='tesseract 3.04.00' />
  <meta name='ocr-capabilities' content='ocr_page ocr_carea ocr_par ocr_line ocrx_word'/>
</head>
<body>
  <div class='ocr_page' id='page_1' title='image "./codexdiplomatic15wenzgoog_0292.png"; bbox 0 0 3102 5160; ppageno 0'>
   <div class='ocr_carea' id='block_1_1' title="bbox 598 857 674 927">
    <p class='ocr_par' dir='ltr' id='par_1_1' title="bbox 598 857 674 927">
     <span class='ocr_line' id='line_1_1' title="bbox 598 857 674 927; baseline 0.013 -2"><span class='ocrx_word' id='word_1_1' title='bbox 598 857 674 927; x_wconf 73' lang='lat'>178.</span> 
     </span>
    </p>
   </div>
   <div class='ocr_carea' id='block_1_2' title="bbox 14 1039 1199 1236">
    <p class='ocr_par' dir='ltr' id='par_1_2' title="bbox 14 1039 1199 1236">
     <span class='ocr_line' id='line_1_2' title="bbox 14 1039 1199 1132; baseline 0.005 -28"><span class='ocrx_word' id='word_1_2' title='bbox 14 1073 16 1081; x_wconf 42' lang='lat' dir='ltr'>v</span> <span class='ocrx_word' id='word_1_3' title='bbox 84 1039 99 1104; x_wconf 84' lang='lat' dir='ltr'><strong>l</strong></span> <span class='ocrx_word' id='word_1_4' title='bbox 102 1041 131 1105; x_wconf 88' lang='lat' dir='ltr'><strong>V.</strong></span> <span class='ocrx_word' id='word_1_5' title='bbox 143 1040 217 1106; x_wconf 81' lang='lat' dir='ltr'><strong>Belo</strong></span> <span class='ocrx_word' id='word_1_6' title='bbox 232 1041 534 1127; x_wconf 67' lang='lat' dir='ltr'><strong>lirdlpuachlona</strong></span> <span class='ocrx_word' id='word_1_7' title='bbox 551 1046 629 1106; x_wconf 72' lang='lat' dir='ltr'><strong>necat</strong></span> <span class='ocrx_word' id='word_1_8' title='bbox 647 1041 942 1130; x_wconf 74' lang='lat' dir='ltr'><strong>birtolrdttcirpyazd</strong></span> <span class='ocrx_word' id='word_1_9' title='bbox 952 1045 1199 1132; x_wconf 79' lang='lat' dir='ltr'><strong>adorndapleuele</strong></span> 
     </span>
     <span class='ocr_line' id='line_1_3' title="bbox 14 1148 1069 1236; baseline 0.005 -24"><span class='ocrx_word' id='word_1_10' title='bbox 14 1148 16 1168; x_wconf 67' lang='lat'><strong><em>⁵</em></strong></span> <span class='ocrx_word' id='word_1_11' title='bbox 200 1149 304 1236; x_wconf 73' lang='lat' dir='ltr'><strong>Europ</strong></span> <span class='ocrx_word' id='word_1_12' title='bbox 321 1150 456 1234; x_wconf 77' lang='lat' dir='ltr'><strong>acipra&#39;bi</strong></span> <span class='ocrx_word' id='word_1_13' title='bbox 467 1149 589 1235; x_wconf 76' lang='lat' dir='ltr'><strong>piispdk</strong></span> <span class='ocrx_word' id='word_1_14' title='bbox 604 1153 634 1212; x_wconf 85' lang='lat' dir='ltr'><strong>e&#39;s</strong></span> <span class='ocrx_word' id='word_1_15' title='bbox 648 1149 778 1214; x_wconf 73' lang='lat' dir='ltr'><strong>retonat</strong></span> <span class='ocrx_word' id='word_1_16' title='bbox 792 1155 947 1216; x_wconf 68' lang='lat' dir='ltr'><strong>saumata.</strong></span> <span class='ocrx_word' id='word_1_17' title='bbox 972 1150 1069 1217; x_wconf 79' lang='lat'><strong><em>1248.</em></strong></span> 
     </span>
    </p>
   </div>
   <div class='ocr_carea' id='block_1_3' title="bbox 15 1344 1202 4684">
    <p class='ocr_par' dir='ltr' id='par_1_3' title="bbox 15 1344 1202 4684">
     <span class='ocr_line' id='line_1_4' title="bbox 15 1344 1196 1443; baseline 0.005 -32"><span class='ocrx_word' id='word_1_18' title='bbox 15 1429 16 1443; x_wconf 10' lang='grc' dir='ltr'>χ</span> <span class='ocrx_word' id='word_1_19' title='bbox 178 1345 259 1412; x_wconf 85' lang='lat' dir='ltr'><strong>Belo</strong></span> <span class='ocrx_word' id='word_1_20' title='bbox 285 1345 350 1412; x_wconf 88' lang='lat' dir='ltr'><strong>Dei</strong></span> <span class='ocrx_word' id='word_1_21' title='bbox 375 1344 489 1428; x_wconf 77' lang='lat' dir='ltr'><strong>gracia</strong></span> <span class='ocrx_word' id='word_1_22' title='bbox 507 1345 685 1430; x_wconf 88' lang='lat' dir='ltr'><strong>Hungaric,</strong></span> <span class='ocrx_word' id='word_1_23' title='bbox 706 1347 884 1436; x_wconf 88' lang='lat' dir='ltr'><strong>Dalmacie,</strong></span> <span class='ocrx_word' id='word_1_24' title='bbox 912 1346 1058 1434; x_wconf 82' lang='lat' dir='ltr'><strong>Oroacie,</strong></span> <span class='ocrx_word' id='word_1_25' title='bbox 1086 1352 1196 1434; x_wconf 83' lang='lat' dir='ltr'><strong>Rama,</strong></span> 
     </span>
     <span class='ocr_line' id='line_1_5' title="bbox 16 1451 1198 1538; baseline 0.003 -20"><span class='ocrx_word' id='word_1_26' title='bbox 16 1459 17 1476; x_wconf 74' lang='lat'>³</span> <span class='ocrx_word' id='word_1_27' title='bbox 81 1452 195 1536; x_wconf 85' lang='lat' dir='ltr'><strong>Seruie,</strong></span> <span class='ocrx_word' id='word_1_28' title='bbox 213 1451 363 1538; x_wconf 84' lang='lat' dir='ltr'><strong>Galhcie,</strong></span> <span class='ocrx_word' id='word_1_29' title='bbox 375 1451 577 1538; x_wconf 83' lang='lat' dir='ltr'><strong>bodomarie,</strong></span> <span class='ocrx_word' id='word_1_30' title='bbox 590 1454 889 1538; x_wconf 77' lang='lat' dir='ltr'><strong>Cumanicqucllex</strong></span> <span class='ocrx_word' id='word_1_31' title='bbox 904 1458 1065 1524; x_wconf 79' lang='lat' dir='ltr'><strong>uniuersis</strong></span> <span class='ocrx_word' id='word_1_32' title='bbox 1078 1457 1198 1524; x_wconf 79' lang='lat' dir='ltr'>Christi</span> 
     </span>
     <span class='ocr_line' id='line_1_6' title="bbox 15 1561 1197 1650; baseline 0.002 -23"><span class='ocrx_word' id='word_1_33' title='bbox 15 1617 16 1645; x_wconf 75' lang='lat'><strong>,</strong></span> <span class='ocrx_word' id='word_1_34' title='bbox 81 1561 223 1629; x_wconf 85' lang='lat' dir='ltr'><strong>fidelibus</strong></span> <span class='ocrx_word' id='word_1_35' title='bbox 248 1561 452 1647; x_wconf 88' lang='lat' dir='ltr'><strong>presencium</strong></span> <span class='ocrx_word' id='word_1_36' title='bbox 478 1562 631 1630; x_wconf 81' lang='lat' dir='ltr'><strong>noticiam</strong></span> <span class='ocrx_word' id='word_1_37' title='bbox 657 1561 818 1630; x_wconf 89' lang='lat' dir='ltr'><strong>habituris</strong></span> <span class='ocrx_word' id='word_1_38' title='bbox 844 1564 983 1631; x_wconf 91' lang='lat' dir='ltr'><strong>salutem</strong></span> <span class='ocrx_word' id='word_1_39' title='bbox 1007 1566 1040 1631; x_wconf 93' lang='lat' dir='ltr'><strong>in</strong></span> <span class='ocrx_word' id='word_1_40' title='bbox 1067 1585 1116 1650; x_wconf 90' lang='lat' dir='ltr'><strong>eo,</strong></span> <span class='ocrx_word' id='word_1_41' title='bbox 1141 1565 1197 1649; x_wconf 92' lang='lat' dir='ltr'><strong>qui</strong></span> 
     </span>
     <span class='ocr_line' id='line_1_7' title="bbox 16 1658 1198 1758; baseline 0.002 -22"><span class='ocrx_word' id='word_1_42' title='bbox 16 1658 17 1666; x_wconf 37' lang='lat'>¹</span> <span class='ocrx_word' id='word_1_43' title='bbox 82 1669 217 1754; x_wconf 80' lang='lat' dir='ltr'><strong>Regibus</strong></span> <span class='ocrx_word' id='word_1_44' title='bbox 246 1667 302 1736; x_wconf 89' lang='lat' dir='ltr'><strong>dat</strong></span> <span class='ocrx_word' id='word_1_45' title='bbox 334 1670 482 1736; x_wconf 88' lang='lat' dir='ltr'><strong>salutem.</strong></span> <span class='ocrx_word' id='word_1_46' title='bbox 514 1669 658 1736; x_wconf 91' lang='lat' dir='ltr'><strong>Prouida</strong></span> <span class='ocrx_word' id='word_1_47' title='bbox 683 1673 807 1754; x_wconf 86' lang='lat' dir='ltr'>Regum</span> <span class='ocrx_word' id='word_1_48' title='bbox 834 1670 1102 1758; x_wconf 86' lang='lat' dir='ltr'><strong>circumspeccio,</strong></span> <span class='ocrx_word' id='word_1_49' title='bbox 1137 1675 1198 1739; x_wconf 87' lang='lat' dir='ltr'><strong>atsi</strong></span> 
     </span>
     <span class='ocr_line' id='line_1_8' title="bbox 15 1777 1198 1865; baseline -0.001 -18"><span class='ocrx_word' id='word_1_50' title='bbox 15 1844 16 1847; x_wconf 74' lang='grc'>,</span> <span class='ocrx_word' id='word_1_51' title='bbox 80 1779 197 1844; x_wconf 83' lang='lat' dir='ltr'><strong>cunetis</strong></span> <span class='ocrx_word' id='word_1_52' title='bbox 214 1777 279 1844; x_wconf 90' lang='lat' dir='ltr'><strong>sibi</strong></span> <span class='ocrx_word' id='word_1_53' title='bbox 303 1778 536 1844; x_wconf 82' lang='lat' dir='ltr'><strong>famulantibus</strong></span> <span class='ocrx_word' id='word_1_54' title='bbox 563 1797 599 1844; x_wconf 84' lang='lat' dir='ltr'><strong>se</strong></span> <span class='ocrx_word' id='word_1_55' title='bbox 615 1777 768 1843; x_wconf 81' lang='lat' dir='ltr'><strong>exhibeat</strong></span> <span class='ocrx_word' id='word_1_56' title='bbox 787 1779 966 1865; x_wconf 89' lang='lat' dir='ltr'><strong>liberalem,</strong></span> <span class='ocrx_word' id='word_1_57' title='bbox 993 1779 1134 1846; x_wconf 76' lang='lat' dir='ltr'><strong>uberiori</strong></span> <span class='ocrx_word' id='word_1_58' title='bbox 1151 1786 1198 1845; x_wconf 89' lang='lat' dir='ltr'><strong>ta·</strong></span> 
     </span>
     <span class='ocr_line' id='line_1_9' title="bbox 16 1879 1197 1974; baseline 0.003 -24"><span class='ocrx_word' id='word_1_59' title='bbox 16 1879 17 1885; x_wconf 58' lang='lat'>&#39;</span> <span class='ocrx_word' id='word_1_60' title='bbox 81 1907 147 1952; x_wconf 91' lang='lat' dir='ltr'><strong>men</strong></span> <span class='ocrx_word' id='word_1_61' title='bbox 173 1886 288 1970; x_wconf 88' lang='lat' dir='ltr'><strong>gracia</strong></span> <span class='ocrx_word' id='word_1_62' title='bbox 313 1893 344 1952; x_wconf 90' lang='lat' dir='ltr'><strong>et</strong></span> <span class='ocrx_word' id='word_1_63' title='bbox 370 1887 522 1971; x_wconf 88' lang='lat' dir='ltr'><strong>ampliori</strong></span> <span class='ocrx_word' id='word_1_64' title='bbox 549 1884 736 1972; x_wconf 87' lang='lat' dir='ltr'><strong>prouisioue</strong></span> <span class='ocrx_word' id='word_1_65' title='bbox 760 1885 826 1952; x_wconf 87' lang='lat' dir='ltr'><strong>illis</strong></span> <span class='ocrx_word' id='word_1_66' title='bbox 851 1895 979 1954; x_wconf 88' lang='lat' dir='ltr'><strong>tenetur</strong></span> <span class='ocrx_word' id='word_1_67' title='bbox 1002 1888 1197 1974; x_wconf 78' lang='lat' dir='ltr'><strong>prospicere,</strong></span> 
     </span>
     <span class='ocr_line' id='line_1_10' title="bbox 81 1995 1198 2083; baseline 0.004 -23"><span class='ocrx_word' id='word_1_68' title='bbox 81 2015 211 2078; x_wconf 91' lang='lat' dir='ltr'><strong>quorum</strong></span> <span class='ocrx_word' id='word_1_69' title='bbox 223 1995 419 2079; x_wconf 85' lang='lat' dir='ltr'><strong>obsequiosa</strong></span> <span class='ocrx_word' id='word_1_70' title='bbox 436 1995 576 2062; x_wconf 88' lang='lat' dir='ltr'><strong>fidelitas</strong></span> <span class='ocrx_word' id='word_1_71' title='bbox 593 2015 614 2061; x_wconf 94' lang='lat' dir='ltr'><strong>a</strong></span> <span class='ocrx_word' id='word_1_72' title='bbox 630 1995 698 2061; x_wconf 87' lang='lat' dir='ltr'><strong>suis</strong></span> <span class='ocrx_word' id='word_1_73' title='bbox 709 1995 970 2081; x_wconf 84' lang='lat' dir='ltr'><strong>progenitoribus</strong></span> <span class='ocrx_word' id='word_1_74' title='bbox 987 2005 1082 2083; x_wconf 87' lang='lat' dir='ltr'><strong>cepta</strong></span> <span class='ocrx_word' id='word_1_75' title='bbox 1098 2017 1198 2082; x_wconf 84' lang='lat' dir='ltr'><strong>usque</strong></span> 
     </span>
     <span class='ocr_line' id='line_1_11' title="bbox 81 2102 1198 2193; baseline 0.006 -26"><span class='ocrx_word' id='word_1_76' title='bbox 81 2109 110 2169; x_wconf 92' lang='lat' dir='ltr'><strong>in</strong></span> <span class='ocrx_word' id='word_1_77' title='bbox 124 2102 337 2170; x_wconf 89' lang='lat' dir='ltr'><strong>nouissimam</strong></span> <span class='ocrx_word' id='word_1_78' title='bbox 354 2104 542 2190; x_wconf 86' lang='lat' dir='ltr'><strong>progeniem</strong></span> <span class='ocrx_word' id='word_1_79' title='bbox 555 2108 604 2170; x_wconf 89' lang='lat' dir='ltr'><strong>est</strong></span> <span class='ocrx_word' id='word_1_80' title='bbox 618 2103 689 2169; x_wconf 90' lang='lat' dir='ltr'><strong>sinc</strong></span> <span class='ocrx_word' id='word_1_81' title='bbox 705 2102 946 2188; x_wconf 89' lang='lat' dir='ltr'><strong>interrupoione</strong></span> <span class='ocrx_word' id='word_1_82' title='bbox 966 2105 1110 2187; x_wconf 88' lang='lat' dir='ltr'><strong>qualibet</strong></span> <span class='ocrx_word' id='word_1_83' title='bbox 1125 2127 1198 2193; x_wconf 89' lang='lat' dir='ltr'><strong>pro·</strong></span> 
     </span>
     <span class='ocr_line' id='line_1_12' title="bbox 81 2209 1198 2298; baseline 0.001 -20"><span class='ocrx_word' id='word_1_84' title='bbox 81 2219 207 2298; x_wconf 86' lang='lat' dir='ltr'><strong>pagata.</strong></span> <span class='ocrx_word' id='word_1_85' title='bbox 234 2209 375 2278; x_wconf 90' lang='lat' dir='ltr'><strong>Proinde</strong></span> <span class='ocrx_word' id='word_1_86' title='bbox 392 2209 436 2275; x_wconf 88' lang='lat' dir='ltr'><strong>ad</strong></span> <span class='ocrx_word' id='word_1_87' title='bbox 451 2210 675 2278; x_wconf 82' lang='lat' dir='ltr'><strong>uniuersorum</strong></span> <span class='ocrx_word' id='word_1_88' title='bbox 691 2217 758 2276; x_wconf 89' lang='lat' dir='ltr'><strong>tam</strong></span> <span class='ocrx_word' id='word_1_89' title='bbox 774 2211 977 2296; x_wconf 89' lang='lat' dir='ltr'><strong>presencium</strong></span> <span class='ocrx_word' id='word_1_90' title='bbox 1003 2233 1099 2295; x_wconf 87' lang='lat' dir='ltr'><strong>quam</strong></span> <span class='ocrx_word' id='word_1_91' title='bbox 1116 2213 1198 2280; x_wconf 84' lang='lat' dir='ltr'><strong>futu·</strong></span> 
     </span>
     <span class='ocr_line' id='line_1_13' title="bbox 15 2318 1199 2406; baseline 0.002 -21"><span class='ocrx_word' id='word_1_92' title='bbox 15 2368 16 2379; x_wconf 53' lang='grc'>,</span> <span class='ocrx_word' id='word_1_93' title='bbox 81 2342 182 2388; x_wconf 91' lang='lat' dir='ltr'><strong>rorum</strong></span> <span class='ocrx_word' id='word_1_94' title='bbox 207 2318 363 2385; x_wconf 85' lang='lat' dir='ltr'><strong>noticiam</strong></span> <span class='ocrx_word' id='word_1_95' title='bbox 388 2318 504 2384; x_wconf 91' lang='lat' dir='ltr'><strong>barum</strong></span> <span class='ocrx_word' id='word_1_96' title='bbox 529 2319 613 2385; x_wconf 89' lang='lat' dir='ltr'><strong>serie</strong></span> <span class='ocrx_word' id='word_1_97' title='bbox 638 2319 785 2385; x_wconf 90' lang='lat' dir='ltr'><strong>volumus</strong></span> <span class='ocrx_word' id='word_1_98' title='bbox 809 2319 997 2406; x_wconf 87' lang='lat' dir='ltr'><strong>peruenire,</strong></span> <span class='ocrx_word' id='word_1_99' title='bbox 1028 2322 1113 2405; x_wconf 88' lang='lat' dir='ltr'><strong>quod</strong></span> <span class='ocrx_word' id='word_1_100' title='bbox 1139 2342 1199 2387; x_wconf 90' lang='lat' dir='ltr'><strong>nos</strong></span> 
     </span>
     <span class='ocr_line' id='line_1_14' title="bbox 83 2425 1198 2496; baseline -0.002 0"><span class='ocrx_word' id='word_1_101' title='bbox 83 2448 235 2496; x_wconf 88' lang='lat' dir='ltr'><strong>memores</strong></span> <span class='ocrx_word' id='word_1_102' title='bbox 265 2425 410 2493; x_wconf 90' lang='lat' dir='ltr'><strong>fidelium</strong></span> <span class='ocrx_word' id='word_1_103' title='bbox 437 2435 469 2493; x_wconf 89' lang='lat' dir='ltr'><strong>et</strong></span> <span class='ocrx_word' id='word_1_104' title='bbox 494 2427 620 2494; x_wconf 79' lang='lat' dir='ltr'><strong>utilium</strong></span> <span class='ocrx_word' id='word_1_105' title='bbox 647 2425 856 2495; x_wconf 90' lang='lat' dir='ltr'><strong>seruiciorum</strong></span> <span class='ocrx_word' id='word_1_106' title='bbox 885 2427 1037 2494; x_wconf 88' lang='lat' dir='ltr'><strong>Joachini</strong></span> <span class='ocrx_word' id='word_1_107' title='bbox 1064 2427 1198 2495; x_wconf 79' lang='lat' dir='ltr'><strong>Comitis</strong></span> 
     </span>
     <span class='ocr_line' id='line_1_15' title="bbox 82 2534 1197 2622; baseline -0.002 -20"><span class='ocrx_word' id='word_1_108' title='bbox 82 2536 240 2620; x_wconf 85' lang='lat' dir='ltr'><strong>quondam</strong></span> <span class='ocrx_word' id='word_1_109' title='bbox 272 2536 375 2622; x_wconf 88' lang='lat' dir='ltr'><strong>patris</strong></span> <span class='ocrx_word' id='word_1_110' title='bbox 401 2534 512 2602; x_wconf 90' lang='lat' dir='ltr'><strong>dilecti</strong></span> <span class='ocrx_word' id='word_1_111' title='bbox 536 2555 576 2601; x_wconf 89' lang='lat' dir='ltr'><strong>ae</strong></span> <span class='ocrx_word' id='word_1_112' title='bbox 602 2534 708 2602; x_wconf 90' lang='lat' dir='ltr'><strong>fidelis</strong></span> <span class='ocrx_word' id='word_1_113' title='bbox 739 2536 840 2603; x_wconf 89' lang='lat' dir='ltr'><strong>nostri</strong></span> <span class='ocrx_word' id='word_1_114' title='bbox 865 2534 1064 2601; x_wconf 88' lang='lat' dir='ltr'><strong>venerabilis</strong></span> <span class='ocrx_word' id='word_1_115' title='bbox 1095 2535 1197 2622; x_wconf 88' lang='lat' dir='ltr'><strong>patris</strong></span> 
     </span>
     <span class='ocr_line' id='line_1_16' title="bbox 83 2642 1198 2730; baseline -0.002 -20"><span class='ocrx_word' id='word_1_116' title='bbox 83 2644 194 2730; x_wconf 87' lang='lat' dir='ltr'><strong>lhilipi</strong></span> <span class='ocrx_word' id='word_1_117' title='bbox 210 2643 444 2729; x_wconf 83' lang='lat' dir='ltr'><strong>Zegrabieusis</strong></span> <span class='ocrx_word' id='word_1_118' title='bbox 461 2642 626 2730; x_wconf 80' lang='lat' dir='ltr'><strong>Episcopi,</strong></span> <span class='ocrx_word' id='word_1_119' title='bbox 651 2643 738 2728; x_wconf 89' lang='lat' dir='ltr'><strong>patri</strong></span> <span class='ocrx_word' id='word_1_120' title='bbox 753 2651 863 2710; x_wconf 91' lang='lat' dir='ltr'><strong>nostro</strong></span> <span class='ocrx_word' id='word_1_121' title='bbox 882 2642 1071 2710; x_wconf 88' lang='lat' dir='ltr'><strong>felicissime</strong></span> <span class='ocrx_word' id='word_1_122' title='bbox 1097 2663 1198 2711; x_wconf 87' lang='lat' dir='ltr'><strong>recor·</strong></span> 
     </span>
     <span class='ocr_line' id='line_1_17' title="bbox 83 2749 1198 2837; baseline 0 -19"><span class='ocrx_word' id='word_1_123' title='bbox 83 2751 221 2821; x_wconf 80' lang='lat' dir='ltr'><strong>ducionis</strong></span> <span class='ocrx_word' id='word_1_124' title='bbox 237 2749 368 2817; x_wconf 84' lang='lat' dir='ltr'><strong>Andree</strong></span> <span class='ocrx_word' id='word_1_125' title='bbox 383 2752 466 2835; x_wconf 89' lang='lat' dir='ltr'><strong>Regi</strong></span> <span class='ocrx_word' id='word_1_126' title='bbox 480 2750 649 2837; x_wconf 86' lang='lat' dir='ltr'><strong>Huugarie</strong></span> <span class='ocrx_word' id='word_1_127' title='bbox 669 2751 801 2834; x_wconf 84' lang='lat' dir='ltr'><strong>illustri,</strong></span> <span class='ocrx_word' id='word_1_128' title='bbox 828 2751 923 2818; x_wconf 88' lang='lat' dir='ltr'><strong>nobis</strong></span> <span class='ocrx_word' id='word_1_129' title='bbox 947 2771 986 2817; x_wconf 90' lang='lat' dir='ltr'><strong>ao</strong></span> <span class='ocrx_word' id='word_1_130' title='bbox 1010 2752 1071 2818; x_wconf 90' lang='lat' dir='ltr'><strong>toti</strong></span> <span class='ocrx_word' id='word_1_131' title='bbox 1086 2755 1198 2836; x_wconf 86' lang='lat' dir='ltr'><strong>Regno</strong></span> 
     </span>
     <span class='ocr_line' id='line_1_18' title="bbox 84 2858 1199 2948; baseline -0.002 -20"><span class='ocrx_word' id='word_1_132' title='bbox 84 2868 258 2948; x_wconf 88' lang='lat' dir='ltr'><strong>opportune</strong></span> <span class='ocrx_word' id='word_1_133' title='bbox 283 2879 343 2926; x_wconf 87' lang='lat' dir='ltr'><strong>uec</strong></span> <span class='ocrx_word' id='word_1_134' title='bbox 368 2879 433 2928; x_wconf 90' lang='lat' dir='ltr'><strong>nou</strong></span> <span class='ocrx_word' id='word_1_135' title='bbox 459 2858 634 2926; x_wconf 82' lang='lat' dir='ltr'><strong>multifarie</strong></span> <span class='ocrx_word' id='word_1_136' title='bbox 659 2859 899 2946; x_wconf 88' lang='lat' dir='ltr'><strong>impensorum,</strong></span> <span class='ocrx_word' id='word_1_137' title='bbox 923 2860 1040 2926; x_wconf 91' lang='lat' dir='ltr'><strong>intuitu</strong></span> <span class='ocrx_word' id='word_1_138' title='bbox 1065 2881 1199 2945; x_wconf 87' lang='lat' dir='ltr'><strong>quorum</strong></span> 
     </span>
     <span class='ocr_line' id='line_1_19' title="bbox 83 2967 1199 3054; baseline 0.004 -22"><span class='ocrx_word' id='word_1_139' title='bbox 83 2981 160 3036; x_wconf 81' lang='lat' dir='ltr'><strong>terra</strong></span> <span class='ocrx_word' id='word_1_140' title='bbox 176 2969 302 3037; x_wconf 88' lang='lat' dir='ltr'><strong>Zolona</strong></span> <span class='ocrx_word' id='word_1_141' title='bbox 327 2975 467 3054; x_wconf 84' lang='lat' dir='ltr'><strong>excepta</strong></span> <span class='ocrx_word' id='word_1_142' title='bbox 483 2969 524 3034; x_wconf 90' lang='lat' dir='ltr'><strong>de</strong></span> <span class='ocrx_word' id='word_1_143' title='bbox 549 2973 657 3035; x_wconf 89' lang='lat' dir='ltr'><strong>castro</strong></span> <span class='ocrx_word' id='word_1_144' title='bbox 674 2967 863 3034; x_wconf 88' lang='lat' dir='ltr'><strong>Zaladiensi</strong></span> <span class='ocrx_word' id='word_1_145' title='bbox 885 2969 919 3034; x_wconf 94' lang='lat' dir='ltr'><strong>in</strong></span> <span class='ocrx_word' id='word_1_146' title='bbox 935 2967 1110 3037; x_wconf 87' lang='lat' dir='ltr'><strong>Sclauonia</strong></span> <span class='ocrx_word' id='word_1_147' title='bbox 1126 2989 1199 3036; x_wconf 89' lang='lat' dir='ltr'><strong>cum</strong></span> 
     </span>
     <span class='ocr_line' id='line_1_20' title="bbox 15 3074 1201 3171; baseline 0.001 -29"><span class='ocrx_word' id='word_1_148' title='bbox 15 3152 17 3171; x_wconf 10' lang='grc' dir='ltr'><strong><em>Ἀ</em></strong></span> <span class='ocrx_word' id='word_1_149' title='bbox 84 3079 225 3145; x_wconf 84' lang='lat' dir='ltr'><strong>omnibus</strong></span> <span class='ocrx_word' id='word_1_150' title='bbox 251 3077 319 3142; x_wconf 91' lang='lat' dir='ltr'><strong>suis</strong></span> <span class='ocrx_word' id='word_1_151' title='bbox 344 3074 559 3162; x_wconf 77' lang='lat' dir='ltr'><strong>pertinenciJs</strong></span> <span class='ocrx_word' id='word_1_152' title='bbox 577 3083 609 3142; x_wconf 85' lang='lat' dir='ltr'><strong>et</strong></span> <span class='ocrx_word' id='word_1_153' title='bbox 624 3074 820 3142; x_wconf 76' lang='lat' dir='ltr'><strong>utilitatibus</strong></span> <span class='ocrx_word' id='word_1_154' title='bbox 838 3076 868 3142; x_wconf 94' lang='lat' dir='ltr'><strong>ei</strong></span> <span class='ocrx_word' id='word_1_155' title='bbox 890 3076 1012 3144; x_wconf 87' lang='lat' dir='ltr'><strong>collata</strong></span> <span class='ocrx_word' id='word_1_156' title='bbox 1036 3075 1144 3144; x_wconf 89' lang='lat' dir='ltr'><strong>fuerat</strong></span> <span class='ocrx_word' id='word_1_157' title='bbox 1169 3085 1201 3144; x_wconf 92' lang='lat' dir='ltr'><strong>ct</strong></span> 
     </span>
     <span class='ocr_line' id='line_1_21' title="bbox 83 3182 1201 3272; baseline -0.001 -21"><span class='ocrx_word' id='word_1_158' title='bbox 83 3187 206 3272; x_wconf 87' lang='lat' dir='ltr'><strong>donata,</strong></span> <span class='ocrx_word' id='word_1_159' title='bbox 224 3184 519 3253; x_wconf 87' lang='lat' dir='ltr'><strong>animaduertentes</strong></span> <span class='ocrx_word' id='word_1_160' title='bbox 537 3183 641 3250; x_wconf 87' lang='lat' dir='ltr'><strong>eciam</strong></span> <span class='ocrx_word' id='word_1_161' title='bbox 657 3189 690 3251; x_wconf 90' lang='lat' dir='ltr'><strong>ct</strong></span> <span class='ocrx_word' id='word_1_162' title='bbox 706 3183 890 3252; x_wconf 87' lang='lat' dir='ltr'><strong>memoriter</strong></span> <span class='ocrx_word' id='word_1_163' title='bbox 905 3182 1091 3268; x_wconf 85' lang='lat' dir='ltr'><strong>retinentes,</strong></span> <span class='ocrx_word' id='word_1_164' title='bbox 1113 3184 1201 3269; x_wconf 84' lang='lat' dir='ltr'><strong>quod</strong></span> 
     </span>
     <span class='ocr_line' id='line_1_22' title="bbox 84 3291 1200 3380; baseline 0.001 -22"><span class='ocrx_word' id='word_1_165' title='bbox 84 3301 273 3361; x_wconf 86' lang='lat' dir='ltr'><strong>memoratus</strong></span> <span class='ocrx_word' id='word_1_166' title='bbox 289 3294 417 3378; x_wconf 81' lang='lat' dir='ltr'><strong>Filipus</strong></span> <span class='ocrx_word' id='word_1_167' title='bbox 431 3291 615 3380; x_wconf 82' lang='lat' dir='ltr'><strong>Episcopus</strong></span> <span class='ocrx_word' id='word_1_168' title='bbox 640 3297 672 3358; x_wconf 87' lang='lat' dir='ltr'><strong>et</strong></span> <span class='ocrx_word' id='word_1_169' title='bbox 694 3291 796 3358; x_wconf 90' lang='lat' dir='ltr'><strong>frater</strong></span> <span class='ocrx_word' id='word_1_170' title='bbox 821 3292 923 3378; x_wconf 88' lang='lat' dir='ltr'><strong>ipsius</strong></span> <span class='ocrx_word' id='word_1_171' title='bbox 938 3293 1082 3360; x_wconf 84' lang='lat' dir='ltr'><strong>Thomas</strong></span> <span class='ocrx_word' id='word_1_172' title='bbox 1106 3294 1200 3362; x_wconf 92' lang='lat' dir='ltr'><strong>uobis</strong></span> 
     </span>
     <span class='ocr_line' id='line_1_23' title="bbox 83 3399 1201 3488; baseline -0.002 -20"><span class='ocrx_word' id='word_1_173' title='bbox 83 3405 228 3470; x_wconf 80' lang='lat' dir='ltr'><strong>continua</strong></span> <span class='ocrx_word' id='word_1_174' title='bbox 254 3401 413 3468; x_wconf 86' lang='lat' dir='ltr'><strong>fidelitate</strong></span> <span class='ocrx_word' id='word_1_175' title='bbox 430 3421 451 3466; x_wconf 89' lang='lat' dir='ltr'><strong>a</strong></span> <span class='ocrx_word' id='word_1_176' title='bbox 471 3400 615 3488; x_wconf 89' lang='lat' dir='ltr'><strong>puericie</strong></span> <span class='ocrx_word' id='word_1_177' title='bbox 641 3419 700 3467; x_wconf 90' lang='lat' dir='ltr'><strong>sue</strong></span> <span class='ocrx_word' id='word_1_178' title='bbox 725 3399 925 3486; x_wconf 89' lang='lat' dir='ltr'><strong>temporibus</strong></span> <span class='ocrx_word' id='word_1_179' title='bbox 953 3400 1149 3486; x_wconf 88' lang='lat' dir='ltr'><strong>adheseriut,</strong></span> <span class='ocrx_word' id='word_1_180' title='bbox 1170 3407 1201 3467; x_wconf 90' lang='lat' dir='ltr'><strong>et</strong></span> 
     </span>
     <span class='ocr_line' id='line_1_24' title="bbox 82 3508 1201 3596; baseline -0.001 -20"><span class='ocrx_word' id='word_1_181' title='bbox 82 3512 266 3581; x_wconf 88' lang='lat' dir='ltr'><strong>multimoda</strong></span> <span class='ocrx_word' id='word_1_182' title='bbox 292 3511 432 3578; x_wconf 89' lang='lat' dir='ltr'><strong>seruicia</strong></span> <span class='ocrx_word' id='word_1_183' title='bbox 455 3508 692 3596; x_wconf 80' lang='lat' dir='ltr'><strong>impenderint,</strong></span> <span class='ocrx_word' id='word_1_184' title='bbox 719 3509 898 3596; x_wconf 86' lang='lat' dir='ltr'><strong>predictam</strong></span> <span class='ocrx_word' id='word_1_185' title='bbox 929 3516 1050 3577; x_wconf 87' lang='lat' dir='ltr'><strong>terram</strong></span> <span class='ocrx_word' id='word_1_186' title='bbox 1076 3511 1201 3577; x_wconf 89' lang='lat' dir='ltr'><strong>Zolona</strong></span> 
     </span>
     <span class='ocr_line' id='line_1_25' title="bbox 82 3618 1201 3709; baseline 0.002 -28"><span class='ocrx_word' id='word_1_187' title='bbox 82 3629 248 3709; x_wconf 70' lang='lat' dir='ltr'><strong>arreptam</strong></span> <span class='ocrx_word' id='word_1_188' title='bbox 273 3621 313 3687; x_wconf 93' lang='lat' dir='ltr'><strong>dc</strong></span> <span class='ocrx_word' id='word_1_189' title='bbox 340 3625 445 3688; x_wconf 88' lang='lat' dir='ltr'><strong>castro</strong></span> <span class='ocrx_word' id='word_1_190' title='bbox 462 3619 662 3706; x_wconf 88' lang='lat' dir='ltr'><strong>Zaladiensi,</strong></span> <span class='ocrx_word' id='word_1_191' title='bbox 688 3619 721 3684; x_wconf 92' lang='lat' dir='ltr'><strong>in</strong></span> <span class='ocrx_word' id='word_1_192' title='bbox 748 3619 838 3686; x_wconf 87' lang='lat' dir='ltr'><strong>cuius</strong></span> <span class='ocrx_word' id='word_1_193' title='bbox 864 3618 968 3686; x_wconf 90' lang='lat' dir='ltr'><strong>eciam</strong></span> <span class='ocrx_word' id='word_1_194' title='bbox 993 3618 1201 3706; x_wconf 83' lang='lat' dir='ltr'><strong>possessione</strong></span> 
     </span>
     <span class='ocr_line' id='line_1_26' title="bbox 80 3726 1200 3814; baseline -0.004 -19"><span class='ocrx_word' id='word_1_195' title='bbox 80 3752 154 3797; x_wconf 88' lang='lat' dir='ltr'><strong>nunc</strong></span> <span class='ocrx_word' id='word_1_196' title='bbox 172 3732 330 3813; x_wconf 82' lang='lat' dir='ltr'><strong>existunt,</strong></span> <span class='ocrx_word' id='word_1_197' title='bbox 356 3749 427 3794; x_wconf 90' lang='lat' dir='ltr'><strong>oum</strong></span> <span class='ocrx_word' id='word_1_198' title='bbox 444 3729 591 3796; x_wconf 89' lang='lat' dir='ltr'><strong>omnibus</strong></span> <span class='ocrx_word' id='word_1_199' title='bbox 618 3728 685 3795; x_wconf 88' lang='lat' dir='ltr'><strong>suis</strong></span> <span class='ocrx_word' id='word_1_200' title='bbox 710 3727 917 3814; x_wconf 76' lang='lat' dir='ltr'><strong>pertinenciJs</strong></span> <span class='ocrx_word' id='word_1_201' title='bbox 942 3733 974 3793; x_wconf 89' lang='lat' dir='ltr'><strong>et</strong></span> <span class='ocrx_word' id='word_1_202' title='bbox 994 3726 1200 3808; x_wconf 79' lang='lat' dir='ltr'><strong>utilitatibus,</strong></span> 
     </span>
     <span class='ocr_line' id='line_1_27' title="bbox 81 3831 1199 3925; baseline -0.009 -20"><span class='ocrx_word' id='word_1_203' title='bbox 81 3846 164 3922; x_wconf 80' lang='lat' dir='ltr'><strong>prout</strong></span> <span class='ocrx_word' id='word_1_204' title='bbox 191 3845 289 3925; x_wconf 90' lang='lat' dir='ltr'><strong>pater</strong></span> <span class='ocrx_word' id='word_1_205' title='bbox 317 3836 496 3922; x_wconf 87' lang='lat' dir='ltr'><strong>ipsoruma</strong></span> <span class='ocrx_word' id='word_1_206' title='bbox 519 3841 614 3924; x_wconf 90' lang='lat' dir='ltr'><strong>patre</strong></span> <span class='ocrx_word' id='word_1_207' title='bbox 637 3842 749 3904; x_wconf 88' lang='lat' dir='ltr'><strong>nostro</strong></span> <span class='ocrx_word' id='word_1_208' title='bbox 775 3835 962 3923; x_wconf 88' lang='lat' dir='ltr'><strong>optinuerat</strong></span> <span class='ocrx_word' id='word_1_209' title='bbox 987 3841 1019 3902; x_wconf 89' lang='lat' dir='ltr'><strong>et</strong></span> <span class='ocrx_word' id='word_1_210' title='bbox 1043 3831 1199 3920; x_wconf 90' lang='lat' dir='ltr'><strong>possedit,</strong></span> 
     </span>
     <span class='ocr_line' id='line_1_28' title="bbox 79 3941 1199 4027; baseline -0.003 -17"><span class='ocrx_word' id='word_1_211' title='bbox 79 3949 126 4013; x_wconf 71' lang='lat' dir='ltr'><strong>sub</strong></span> <span class='ocrx_word' id='word_1_212' title='bbox 137 3948 267 4015; x_wconf 83' lang='lat' dir='ltr'><strong>eisdem</strong></span> <span class='ocrx_word' id='word_1_213' title='bbox 278 3945 425 4011; x_wconf 88' lang='lat' dir='ltr'><strong>terminis</strong></span> <span class='ocrx_word' id='word_1_214' title='bbox 442 3952 473 4011; x_wconf 88' lang='lat' dir='ltr'><strong>et</strong></span> <span class='ocrx_word' id='word_1_215' title='bbox 490 3944 583 4011; x_wconf 89' lang='lat' dir='ltr'><strong>metis</strong></span> <span class='ocrx_word' id='word_1_216' title='bbox 596 3943 719 4010; x_wconf 89' lang='lat' dir='ltr'><strong>eisdem</strong></span> <span class='ocrx_word' id='word_1_217' title='bbox 735 3943 886 4010; x_wconf 89' lang='lat' dir='ltr'><strong>fidelibus</strong></span> <span class='ocrx_word' id='word_1_218' title='bbox 897 3943 1016 4012; x_wconf 88' lang='lat' dir='ltr'><strong>uostris</strong></span> <span class='ocrx_word' id='word_1_219' title='bbox 1027 3941 1199 4027; x_wconf 82' lang='lat' dir='ltr'><strong>Episcopo,</strong></span> 
     </span>
     <span class='ocr_line' id='line_1_29' title="bbox 78 4050 1200 4139; baseline -0.005 -20"><span class='ocrx_word' id='word_1_220' title='bbox 78 4067 100 4121; x_wconf 79' lang='lat' dir='ltr'><strong>u</strong></span> <span class='ocrx_word' id='word_1_221' title='bbox 115 4057 212 4123; x_wconf 79' lang='lat' dir='ltr'><strong>fratri</strong></span> <span class='ocrx_word' id='word_1_222' title='bbox 240 4074 300 4123; x_wconf 86' lang='lat' dir='ltr'><strong>suo</strong></span> <span class='ocrx_word' id='word_1_223' title='bbox 316 4053 450 4139; x_wconf 79' lang='lat' dir='ltr'><strong>Thome,</strong></span> <span class='ocrx_word' id='word_1_224' title='bbox 479 4059 511 4119; x_wconf 90' lang='lat' dir='ltr'><strong>et</strong></span> <span class='ocrx_word' id='word_1_225' title='bbox 527 4053 675 4121; x_wconf 90' lang='lat' dir='ltr'><strong>omnibus</strong></span> <span class='ocrx_word' id='word_1_226' title='bbox 700 4051 874 4119; x_wconf 89' lang='lat' dir='ltr'><strong>heredibus</strong></span> <span class='ocrx_word' id='word_1_227' title='bbox 898 4050 1117 4134; x_wconf 88' lang='lat' dir='ltr'><strong>heredumque</strong></span> <span class='ocrx_word' id='word_1_228' title='bbox 1132 4067 1200 4115; x_wconf 87' lang='lat' dir='ltr'><strong>auo-</strong></span> 
     </span>
     <span class='ocr_line' id='line_1_30' title="bbox 77 4156 1201 4246; baseline -0.006 -17"><span class='ocrx_word' id='word_1_229' title='bbox 77 4165 259 4232; x_wconf 72' lang='lat' dir='ltr'><strong>mssoribus</strong></span> <span class='ocrx_word' id='word_1_230' title='bbox 288 4161 483 4230; x_wconf 90' lang='lat' dir='ltr'><strong>contulimus</strong></span> <span class='ocrx_word' id='word_1_231' title='bbox 511 4167 542 4227; x_wconf 92' lang='lat' dir='ltr'><strong>et</strong></span> <span class='ocrx_word' id='word_1_232' title='bbox 568 4160 762 4229; x_wconf 82' lang='lat' dir='ltr'><strong>conterimus</strong></span> <span class='ocrx_word' id='word_1_233' title='bbox 787 4159 856 4227; x_wconf 89' lang='lat' dir='ltr'><strong>iure</strong></span> <span class='ocrx_word' id='word_1_234' title='bbox 880 4159 978 4246; x_wconf 90' lang='lat' dir='ltr'><strong>pleno</strong></span> <span class='ocrx_word' id='word_1_235' title='bbox 1005 4156 1140 4243; x_wconf 84' lang='lat' dir='ltr'><strong>pacifice</strong></span> <span class='ocrx_word' id='word_1_236' title='bbox 1169 4162 1201 4222; x_wconf 87' lang='lat' dir='ltr'><strong>ct</strong></span> 
     </span>
     <span class='ocr_line' id='line_1_31' title="bbox 75 4265 1201 4360; baseline -0.009 -20"><span class='ocrx_word' id='word_1_237' title='bbox 75 4275 179 4353; x_wconf 67' lang='lat' dir='ltr'><strong>quiete</strong></span> <span class='ocrx_word' id='word_1_238' title='bbox 195 4275 231 4340; x_wconf 90' lang='lat' dir='ltr'><strong>in</strong></span> <span class='ocrx_word' id='word_1_239' title='bbox 250 4277 444 4360; x_wconf 90' lang='lat' dir='ltr'><strong>perpetuum</strong></span> <span class='ocrx_word' id='word_1_240' title='bbox 455 4269 698 4358; x_wconf 86' lang='lat' dir='ltr'><strong>possidendam,</strong></span> <span class='ocrx_word' id='word_1_241' title='bbox 716 4277 748 4336; x_wconf 88' lang='lat' dir='ltr'><strong>ct</strong></span> <span class='ocrx_word' id='word_1_242' title='bbox 758 4269 968 4337; x_wconf 88' lang='lat' dir='ltr'><strong>collacionem</strong></span> <span class='ocrx_word' id='word_1_243' title='bbox 979 4265 1084 4353; x_wconf 89' lang='lat' dir='ltr'><strong>patris</strong></span> <span class='ocrx_word' id='word_1_244' title='bbox 1099 4265 1201 4332; x_wconf 89' lang='lat' dir='ltr'><strong>nostri</strong></span> 
     </span>
     <span class='ocr_line' id='line_1_32' title="bbox 74 4374 1200 4464; baseline -0.004 -19"><span class='ocrx_word' id='word_1_245' title='bbox 74 4383 178 4448; x_wconf 85' lang='lat' dir='ltr'><strong>inclite</strong></span> <span class='ocrx_word' id='word_1_246' title='bbox 195 4379 452 4464; x_wconf 87' lang='lat' dir='ltr'><strong>recordacionis,</strong></span> <span class='ocrx_word' id='word_1_247' title='bbox 470 4378 660 4448; x_wconf 88' lang='lat' dir='ltr'><strong>collaciouis</strong></span> <span class='ocrx_word' id='word_1_248' title='bbox 677 4399 698 4444; x_wconf 87' lang='lat' dir='ltr'><strong>a</strong></span> <span class='ocrx_word' id='word_1_249' title='bbox 714 4377 808 4445; x_wconf 92' lang='lat' dir='ltr'><strong>nobis</strong></span> <span class='ocrx_word' id='word_1_250' title='bbox 822 4377 909 4443; x_wconf 85' lang='lat' dir='ltr'><strong>facte</strong></span> <span class='ocrx_word' id='word_1_251' title='bbox 924 4374 1109 4443; x_wconf 84' lang='lat' dir='ltr'><strong>testimonio</strong></span> <span class='ocrx_word' id='word_1_252' title='bbox 1127 4394 1200 4442; x_wconf 93' lang='lat' dir='ltr'><strong>con·</strong></span> 
     </span>
     <span class='ocr_line' id='line_1_33' title="bbox 71 4483 1200 4574; baseline -0.003 -24"><span class='ocrx_word' id='word_1_253' title='bbox 71 4494 256 4574; x_wconf 69' lang='lat' dir='ltr'><strong>firmamus3</strong></span> <span class='ocrx_word' id='word_1_254' title='bbox 274 4497 309 4556; x_wconf 84' lang='lat' dir='ltr'><strong>vt</strong></span> <span class='ocrx_word' id='word_1_255' title='bbox 325 4489 410 4555; x_wconf 89' lang='lat' dir='ltr'><strong>sicut</strong></span> <span class='ocrx_word' id='word_1_256' title='bbox 427 4509 537 4554; x_wconf 91' lang='lat' dir='ltr'><strong>eorum</strong></span> <span class='ocrx_word' id='word_1_257' title='bbox 548 4487 689 4555; x_wconf 87' lang='lat' dir='ltr'><strong>fidelitas</strong></span> <span class='ocrx_word' id='word_1_258' title='bbox 705 4487 807 4573; x_wconf 84' lang='lat' dir='ltr'><strong>patris</strong></span> <span class='ocrx_word' id='word_1_259' title='bbox 817 4483 968 4552; x_wconf 85' lang='lat' dir='ltr'><strong>fidelitati</strong></span> <span class='ocrx_word' id='word_1_260' title='bbox 979 4490 1028 4550; x_wconf 91' lang='lat' dir='ltr'><strong>est</strong></span> <span class='ocrx_word' id='word_1_261' title='bbox 1038 4483 1200 4568; x_wconf 89' lang='lat' dir='ltr'><strong>contiuua,</strong></span> 
     </span>
     <span class='ocr_line' id='line_1_34' title="bbox 70 4592 1202 4684; baseline 0 -28"><span class='ocrx_word' id='word_1_262' title='bbox 70 4597 106 4662; x_wconf 82' lang='lat' dir='ltr'><strong>ira</strong></span> <span class='ocrx_word' id='word_1_263' title='bbox 123 4608 158 4664; x_wconf 85' lang='lat' dir='ltr'><strong>ct</strong></span> <span class='ocrx_word' id='word_1_264' title='bbox 176 4597 403 4684; x_wconf 85' lang='lat' dir='ltr'><strong>perpetuitate</strong></span> <span class='ocrx_word' id='word_1_265' title='bbox 430 4595 648 4682; x_wconf 88' lang='lat' dir='ltr'><strong>possessionis</strong></span> <span class='ocrx_word' id='word_1_266' title='bbox 665 4594 825 4662; x_wconf 90' lang='lat' dir='ltr'><strong>continuis</strong></span> <span class='ocrx_word' id='word_1_267' title='bbox 840 4599 872 4659; x_wconf 89' lang='lat' dir='ltr'><strong>et</strong></span> <span class='ocrx_word' id='word_1_268' title='bbox 896 4592 1102 4678; x_wconf 87' lang='lat' dir='ltr'><strong>sempiternis</strong></span> <span class='ocrx_word' id='word_1_269' title='bbox 1125 4598 1202 4657; x_wconf 91' lang='lat' dir='ltr'><strong>tem·</strong></span> 
     </span>
    </p>
   </div>
   <div class='ocr_carea' id='block_1_4' title="bbox 0 0 1559 5160">
    <p class='ocr_par' dir='ltr' id='par_1_4' title="bbox 0 0 1559 5160">
     <span class='ocr_line' id='line_1_35' title="bbox 0 0 1559 5160; baseline 0 0"><span class='ocrx_word' id='word_1_270' title='bbox 0 0 1559 5160; x_wconf 95' lang='lat' dir='ltr'><strong> </strong></span> 
     </span>
    </p>
   </div>
  </div>
 </body>
</html>
