3112 5148
757 233 759 235 ’
836 289 995 402 ,Ja-

358 487 423 562 lem
432 487 516 580 girat
534 494 576 560 ad
588 509 685 562 unam
696 493 856 579 semitam,
868 499 906 561 et
922 494 1071 562 aseendit
1087 491 1130 557 ad
1143 498 1295 578 montem,
1314 493 1368 576 qui
1383 483 1486 560 berek

357 601 558 688 appellatum
575 601 651 667 inde
661 601 840 686 procedens
857 601 961 668 tendit
971 601 1013 666 ad
1024 599 1221 686 particulam
1231 599 1377 669 eiusdem
1387 607 1486 686 terre,

357 710 447 774 onius
464 729 542 794 pars
555 708 688 775 sinistra
699 707 839 792 pertinet
850 707 892 772 ad
903 707 1102 790 Zagrabiurn
1114 705 1171 795 (i),
1190 727 1266 792 pars
1278 727 1355 775 uero
1367 707 1487 775 dextra

357 815 400 881 ad
415 815 521 881 Boluk
547 834 606 900 per
623 815 721 898 Regis
748 814 980 896 donarionem3
1008 814 1083 880 inde
1108 812 1306 880 transeundo
1332 833 1391 900 per
1408 835 1486 884 eun-

355 923 427 988 dem
453 928 596 990 montem
622 923 770 1008 peruenit
784 921 828 988 ad
845 931 986 990 montem
1012 941 1111 988 unnrn
1131 939 1245 988 uersus
1270 921 1486 1009 occidentem,

353 1031 408 1116 qui
428 1031 516 1116 wigo
540 1029 659 1096 dieitur
675 1030 868 1113 Agotnioha,
895 1031 950 1098 ubi
975 1037 1051 1096 sunt
1069 1030 1130 1096 (lue
1157 1038 1253 1114 mete,
1280 1036 1312 1096 et
1335 1031 1380 1097 ibi
1405 1049 1486 1118 pars

354 1138 471 1207 dextra
486 1145 571 1206 terre
587 1139 691 1206 Bolok
708 1158 729 1203 a
746 1140 836 1224 Rege
852 1139 985 1222 oolleta,
1012 1139 1144 1204 sinistra
1161 1157 1239 1205 nero
1255 1145 1342 1206 terra
1357 1139 1486 1206 heredi-

354 1247 442 1314 taria
458 1245 622 1332 eiusdem;
649 1251 681 1313 et
696 1246 729 1314 in
745 1247 952 1332 sumpmitate
968 1247 1086 1313 montis
1102 1245 1304 1329 Augalnioza
1319 1246 1412 1315 vadit
1436 1247 1485 1315 ad

355 1353 436 1420 duas
452 1359 558 1420 metas
574 1353 617 1419 ad
633 1353 843 1440 oooidentem,
871 1355 963 1420 onius
979 1373 1057 1440 pars
1074 1355 1178 1422 maior
1195 1353 1281 1420 dioto
1306 1362 1390 1422 terre
1409 1375 1486 1441 per·

352 1461 434 1530 tinet
449 1461 492 1528 ad
508 1461 613 1528 Bolok
631 1461 700 1528 inre
715 1461 924 1546 hereditario,
949 1481 1028 1547 pars
1044 1482 1121 1530 vero
1148 1461 1251 1530 minor
1275 1463 1407 1531 racione
1424 1465 1485 1530 do

351 1569 520 1654 nacionis;
547 1568 623 1636 inde
647 1570 795 1656 procedit
821 1589 880 1656 per
904 1569 987 1636 duas
1014 1575 1119 1637 metas
1146 1570 1189 1636 ad
1215 1577 1342 1656 pratum
1367 1591 1484 1656 vnum,

351 1678 440 1745 euius
457 1696 535 1764 pars
561 1675 695 1744 sinistra
711 1685 798 1746 terra
815 1677 918 1744 Bolok
935 1674 1146 1763 hereditaria,
1171 1677 1288 1744 dextra
1303 1699 1381 1746 vero
1398 1701 1485 1765 pars

349 1809 370 1854 a
386 1789 476 1872 Rege
493 1787 630 1872 collata3
661 1795 693 1854 et
708 1787 812 1854 tendit
829 1787 863 1853 in
880 1806 946 1853 vna
961 1787 1017 1854 via
1032 1807 1097 1855 non
1115 1785 1240 1854 modice
1265 1787 1308 1854 ad
1328 1788 1486 1856 oeeiden-

348 1900 414 1961 tem
431 1914 488 1982 per
505 1895 587 1962 duas
604 1903 718 1978 metas,
746 1894 830 1962 vnde
846 1895 938 1961 radit
952 1895 995 1960 ad
1012 1895 1096 1964 duas
1112 1914 1249 1981 magnas
1272 1902 1386 1981 metas,
1413 1917 1485 1980 qne

348 1987 426 2071 sunt
439 2003 473 2068 in
489 2003 597 2088 eapite
607 2002 701 2086 Sear,
722 2004 762 2069 de
778 2023 843 2088 qua
854 2003 1020 2087 egreditur
1034 2003 1153 2070 fluuius
1162 2003 1312 2088 Nednek,
1330 2012 1362 2070 et
1376 2007 1486 2072 currit

348 2110 391 2175 ad
407 2109 539 2175 fluuium
555 2111 674 2195 Soyov,
691 2117 723 2176 et
737 2111 887 2196 peruenit
904 2110 1052 2198 snper-ius
1071 2110 1113 2176 ad
1130 2111 1269 2196 priorem
1287 2117 1416 2194 metam,
1445 2123 1486 2179 et

348 2216 392 2283 ibi
409 2215 610 2284 terminatur.
638 2217 680 2283 Vt
696 2225 803 2284 antem
820 2217 881 2284 heo
897 2223 1008 2284 nostra
1023 2216 1161 2285 donacio
1187 2219 1281 2284 salua
1297 2237 1427 2304 semper
1445 2227 1486 2286 et

346 2327 541 2392 inconeussa
557 2333 757 2412 permaneat,
781 2335 950 2412 presentes
967 2327 1188 2394 oonoessimns
1203 2327 1330 2394 litteras
1346 2327 1485 2414 duppli-

347 2436 395 2500 oie
406 2433 506 2518 sigilli
519 2432 620 2500 nostri
632 2433 807 2500 munimine
816 2435 1004 2520 perenniter
1015 2435 1195 2504 roboratas.
1208 2437 1327 2501 Datum
1337 2435 1482 2521 Sergew

346 2563 431 2608 anno
446 2541 558 2626 gracie
575 2541 745 2607 millesimo
761 2539 982 2608 ducentesimo
1003 2541 1254 2626 quadragesimo
1271 2544 1394 2628 quinto,
1412 2545 1482 2613 XI.

344 2648 505 2716 kalendas
520 2649 660 2732 Augusti
676 2648 782 2734 Regni
799 2653 906 2718 autem
924 2649 1025 2716 nostri
1041 2671 1127 2716 anno
1147 2649 1284 2717 decimo.

345 2849 437 2910 (Garri
457 2847 556 2900 Mikros
576 2843 715 2900 nidornak
735 2849 834 2902 Gttmttr
853 2848 882 2900 es
902 2849 994 2900 Torua
1012 2847 1128 2916 rnogyek
1149 2851 1226 2900 1423.
1246 2850 1332 2911 „teria
1350 2853 1482 2905 secunda

342 2939 463 3004 proxima
482 2944 543 3003 pont
556 2937 655 2988 tastum
675 2938 800 3004 Corporis
820 2941 939 2992 Cirristi“
960 2945 1056 2992 tartott
1076 2937 1242 3006 gyiilestben
1261 2939 1368 2993 kiadott
1388 2939 1482 2994 §tira-

861 3027 953 3096 ttbol.)

778 3309 1031 3324 ——n--uu-n--ss
