3102 5160
14 4151 16 4206 i

597 279 755 378 „Q-

112 477 173 544 dus
190 475 361 543 Palatinus
386 493 495 541 emere
511 473 582 540 aiae
607 492 802 560 comparare
826 494 891 542 non
915 473 1085 560 potuisset.
1112 473 1162 542 Ob
1179 476 1243 544 hoe

114 581 250 650 eundem
267 579 455 650 Lorandum
469 598 580 648 eoram
599 579 693 648 nobis
710 579 1053 666 emerepermisernnt‚
1070 581 1147 664 quia
1163 599 1244 667 sepe

110 689 217 755 dietus
234 687 406 756 horendus
421 687 592 754 Palatinus
609 707 679 754 eum
698 685 821 756 eisdem
846 687 944 754 talem
960 686 1038 754 feeit
1061 687 1242 757 ordinaeio·

111 817 192 865 nem.
216 797 290 864 Hoc
306 801 416 862 tamen
441 794 571 881 adjeeto
597 795 799 882 interposito,
827 794 914 880 qnod
936 796 1042 864 dietus
1067 781 1240 864 Lorandns

110 904 280 972 Palatinus
306 901 575 986 quandocumque
601 909 633 969 et
656 903 936 986 qualitercumque
961 902 1014 972 vel
1039 903 1097 989 diij
1115 903 1166 971 sni
1181 909 1239 971 ant

10 1031 11 1038 ¹
106 1032 238 1080 snorum
255 1011 393 1078 heredes
409 1008 577 1096 possidere
593 1029 651 1076 seu
667 1011 813 1078 obtinere
823 1012 956 1096 nollent,
974 1018 1092 1076 extuno
1105 1011 1238 1095 nemini,

10 1171 11 1182 ,
109 1139 165 1186 neo
192 1119 346 1204 cuipiam,
373 1137 433 1184 nee
449 1116 605 1204 proximis
624 1118 771 1185 eiusdem
787 1119 917 1186 tradere
936 1139 993 1186 seu
1008 1119 1150 1186 vendere
1166 1137 1239 1204 pos·
1294 1155 1297 1166 ·

10 1283 11 1320 ζ
106 1227 157 1311 sit,
184 1226 248 1292 nisi
265 1225 444 1292 Benedieto
461 1233 493 1292 et
509 1225 586 1308 dlijs
606 1223 676 1291 siue
702 1225 876 1292 heredibus
893 1245 1044 1308 suorum3
1072 1226 1100 1292 si
1117 1226 1236 1312 prefati

104 1335 299 1400 Benedictus
330 1337 362 1400 et
392 1331 451 1415 fiiij
477 1332 528 1397 sni
553 1351 659 1398 emere
684 1353 748 1401 non
774 1337 928 1419 possent,
961 1333 1175 1400 eommetanei
1204 1341 1238 1400 et

105 1441 200 1507 vieini
225 1439 337 1521 alieni,
362 1437 418 1521 qui
434 1459 497 1504 non
522 1447 598 1506 sunt
623 1439 665 1505 de
687 1439 903 1522 generacione
927 1438 1114 1524 eorundem,
1131 1439 1236 1506 libere

106 1549 231 1636 possint
248 1567 440 1634 comparare
461 1547 597 1632 justicia
622 1547 796 1615 mediante.
822 1547 908 1626 Quia
923 1546 1092 1616 Lorandus
1112 1549 1236 1615 Palati·

103 1678 160 1724 nus
185 1655 350 1744 prefatam
376 1654 617 1722 ordinacionem
649 1674 758 1722 eoram
782 1655 879 1723 nobis
904 1654 1027 1722 eisdem
1061 1655 1234 1732 concessit,

103 1764 266 1848 predictas
282 1762 509 1848 possessiones
535 1761 642 1827 eidem
659 1779 766 1828 emere
782 1762 1005 1847 permiserunt.
1030 1760 1129 1829 Cuius
1146 1770 1233 1830 mete

102 1869 348 1957 possessionum
364 1866 626 1952 supradictarum
643 1869 677 1934 in
693 1867 810 1936 litteris
828 1867 969 1955 capituli
987 1867 1029 1934 de
1041 1870 1150 1953 Posga
1166 1871 1235 1955 ple·

102 1979 172 2044 nius
196 1975 415 2045 continentur.
441 1976 483 2040 Vt
499 1975 600 2058 igitur
624 1975 719 2042 huius
743 1976 821 2042 faeti
838 1977 939 2044 series
963 1997 1022 2062 per
1036 1997 1096 2044 nos
1121 1976 1184 2043 rite
1200 1984 1234 2044 et

101 2088 245 2172 legitime
261 2089 457 2150 conseruata
472 2082 570 2149 robur
585 2087 776 2168 perpetuum
793 2085 949 2170 optineat,
974 2091 1141 2172 presentes
1158 2105 1234 2151 eou-

101 2195 229 2260 tulimus
256 2191 385 2258 litteras
411 2189 575 2275 dupplieis
600 2189 701 2274 sigilli
717 2191 821 2257 nostri
846 2191 1023 2258 munimine
1047 2193 1229 2262 roboratas.

103 2303 219 2366 Datum
237 2317 298 2384 per·
313 2316 430 2362 manus
445 2296 597 2380 Magistri
607 2295 805 2382 Symaragdi
815 2297 975 2384 Propositi
985 2299 1138 2365 Albensis
1154 2299 1231 2364 aule

100 2413 208 2474 nostre
226 2403 519 2489 viee-Oaneellarij
537 2422 622 2470 anno
637 2404 769 2470 Domini
786 2403 957 2472 millesimo
973 2403 1038 2470 (30ο
1049 2404 1231 2488 quadrage·

99 2517 176 2582 simo
192 2518 323 2596 octauo,
341 2509 447 2596 Regni
464 2519 574 2577 eutem
589 2511 691 2578 nostri
706 2529 796 2579 anno
813 2511 940 2578 deeimo
956 2517 1081 2594 quarto.

100 2711 232 2776 (Eredetie
245 2705 424 2775 bdrhdrtytn,
447 2705 621 2774 rorte-sdrga
641 2708 767 2760 zeindron
781 2711 866 2776 fflggd
879 2707 1018 2775 peesdttei‚
1032 2723 1048 2760 a
1061 2710 1106 2774 hg.
1119 2710 1228 2762 Fertor-

466 2795 536 2864 hizy
549 2796 641 2851 esalid
653 2796 859 2866 ievdlttrtban.)

621 3582 694 3650 182.

99 3784 150 3848 11'.
175 3785 254 3850 Beda
281 3784 388 3868 ttroly
412 3782 586 3868 meyerdaiti
610 3781 796 3846 Konstantia
822 3793 939 3858 mester,
968 3777 1225 3863 azeteafeddruo‘n'

95 3893 251 3980 triptolemi
264 3891 367 3958 maon
382 3895 531 3956 azdntdra
546 3913 567 3954 a
584 3890 681 3955 Mota
696 3889 829 3955 dirtolrdt
848 3888 1000 3973 to'rqyozd
1020 3887 1223 3969 ezereerne'aya'

488 3997 701 4083 okntdayokat.
718 3997 813 4062 1248.

192 4195 276 4262 Bela
303 4193 368 4260 Dei
395 4191 510 4278 grecia
534 4189 715 4278 Hungarie‚
741 4189 923 4272 Dalmaoie‚
944 4186 1091 4269 Groaeie,
1108 4189 1222 4272 Rame,

91 4302 209 4386 Seruie,
227 4301 369 4388 Galieie,
386 4301 587 4386 Lodomerie,
609 4299 830 4386 vaanieque
847 4299 918 4365 Rex
936 4295 1086 4366 omnibus
1102 4293 1223 4363 Christi

92 4409 238 4477 fidelibus
254 4414 428 4496 presentes
443 4408 570 4476 litteras
582 4409 776 4496 inspecturis
792 4407 934 4474 salntem
949 4405 983 4472 iu
1000 4403 1144 4472 omnium
1160 4403 1224 4470 sal·

15 4581 16 4612 ἐ
93 4525 211 4584 nature.
247 4519 347 4586 Justa
372 4515 556 4604 petenoium
584 4515 751 4584 desideria
775 4520 905 4601 gratum
929 4511 1050 4580 debent
1075 4511 1223 4598 optinere

92 4625 243 4714 fauorem,
270 4635 307 4694 ut
332 4625 470 4695 affectus
496 4623 700 4696 subditorum
729 4625 916 4693 continuum
938 4621 1098 4706 suscipiat
1120 4620 1224 4686 inere·
