3102 5160
787 843 862 914 let.

295 1027 465 1092 Volaoatott
483 1025 671 1111 hindawret
694 1026 838 1110 bizonyoa
862 1023 1092 1112 birtokoaatrtiyt
1111 1026 1261 1113 tcirpyozd
1284 1025 1416 1091 intesta-

287 1135 355 1198 dae
371 1157 391 1198 a
404 1133 633 1221 pennonhalmt'
647 1132 781 1219 apdtsdp
795 1136 825 1195 e'u
840 1153 861 1194 a
876 1131 1416 1216 templartaaokktiat.1248.k5mil.

394 1325 562 1394 Vniuersis
578 1324 699 1393 Christi
715 1325 865 1394 fidelibus
880 1333 1064 1414 presentem
1081 1326 1236 1414 paginam
1253 1326 1418 1413 inspectu-

288 1436 335 1504 ris
350 1435 508 1520 Magister
517 1433 660 1500 Michael
675 1431 762 1500 lilius
771 1433 846 1520 Apa
863 1432 1007 1516 Comitis,
1028 1433 1202 1520 Ghepanus
1218 1431 1304 1500 filius
1314 1433 1416 1516 Petri,

287 1542 461 1610 Marcellus
486 1541 529 1607 de
544 1541 723 1624 Berenoha,
748 1539 909 1608 Hauriaus
935 1541 976 1608 de
991 1541 1094 1626 Bana,
1110 1541 1276 1608 Dionisius
1300 1540 1343 1608 de
1363 1561 1418 1626 ge-

290 1668 369 1716 nere
379 1647 480 1729 Rusd,
497 1647 590 1714 Oltus
611 1645 813 1731 deVigman,
824 1647 997 1714 Marcellus
1008 1647 1180 1732 degenere
1194 1646 1290 1734 Olup,
1300 1647 1419 1714 Benlra

290 1755 332 1822 de
348 1773 467 1841 genere
483 1751 567 1838 Gug,
585 1752 727 1822 Comites
753 1773 826 1820 eum
841 1754 991 1823 omnibus
1008 1755 1156 1838 eognatis
1172 1774 1294 1842 eorum,
1318 1763 1353 1821 et
1367 1774 1419 1821 ee

288 1864 350 1931 teri
365 1883 462 1948 quam
479 1863 610 1948 plurimi
625 1862 660 1928 in
676 1861 809 1930 Diooesi
823 1861 988 1930 Jauriensi
1004 1869 1037 1928 et
1051 1862 1259 1930 Kamariensi
1278 1861 1418 1928 existen·

290 1977 341 2038 tes
367 1971 507 2036 salutem
522 1969 557 2034 in
572 1967 724 2036 Domino.
750 1969 866 2035 Vestre
885 1970 1048 2038 nobilitati
1073 1969 1303 2054 significamus,
1328 1968 1418 2054 quod

292 2097 365 2143 oum
380 2073 574 2160 quibusdam
590 2073 703 2142 diebus
720 2075 898 2158 assignatis
913 2077 993 2143 iuris
1008 2077 1132 2163 ordine,
1150 2086 1183 2143 et
1197 2076 1291 2142 iuxta
1309 2095 1418 2142 mores

290 2183 397 2271 patrie
413 2183 600 2268 disposituri
623 2181 897 2267 prooessissemus
912 2184 996 2251 inter
1011 2184 1193 2252 Euolesiem
1208 2185 1320 2250 Sanoti
1336 2183 1418 2248 llar-

290 2292 351 2359 tini
370 2311 411 2358 ex
436 2310 511 2374 una,
538 2295 571 2356 et
586 2289 778 2376 Magistrum
795 2291 924 2378 Templi
950 2313 992 2358 ex
1017 2291 1122 2359 altera
1146 2289 1296 2377 partibus
1320 2309 1420 2376 super

292 2399 516 2469 controuersia
530 2403 615 2465 terre
631 2398 781 2482 Zeuleus,
798 2417 875 2484 pars
892 2405 1029 2482 utraque
1045 2399 1094 2466 sie
1110 2405 1267 2466 senostro
1278 2398 1418 2464 arbitrio

291 2507 462 2593 obligauit,
479 2512 514 2572 ut
524 2505 553 2572 si
569 2505 643 2590 quis
659 2525 769 2573 eorum
785 2513 930 2574 nostrum
940 2506 1111 2572 arbitrium
1125 2505 1327 2588 refutauerit,
1348 2523 1421 2571 een·

290 2625 357 2683 tum
377 2634 505 2682 mareas
521 2614 607 2698 parti
619 2614 757 2681 aduerse
774 2614 902 2680 soluere
917 2619 1090 2681 teneretur.
1109 2615 1159 2681 De
1175 2633 1240 2697 qua
1254 2619 1345 2679 terra
1359 2631 1421 2679 nos

290 2722 475 2807 hujusmodi
499 2721 635 2788 feoimus
661 2720 937 2807 disposicionem,
971 2729 1005 2787 ut
1029 2721 1094 2807 ipsi
1118 2720 1267 2806 primitus
1296 2726 1421 2786 terram

291 2827 416 2911 Regino
434 2825 475 2894 de
491 2827 652 2894 eommuui
663 2846 801 2894 assensu
817 2834 1047 2912 restaurarent,
1063 2828 1111 2894 ita
1126 2827 1213 2910 quod
1229 2823 1270 2892 de
1280 2825 1421 2911 quadra·

294 2934 386 3018 ginta
401 2931 565 3014 lunioulis,
590 2930 676 3014 quod
691 2933 850 3018 vulgofia
866 2939 1009 3016 vocatur,
1038 2953 1097 3000 sex
1113 2931 1267 2998 darentur
1289 2929 1421 3017 populis

293 3040 428 3123 Regine,
446 3047 479 3106 et
493 3038 610 3122 reliqui
626 3039 849 3108 diuiderentur
867 3041 909 3107 ab
926 3039 1075 3106 Eeelesia
1090 3039 1202 3106 Sanoti
1212 3038 1345 3105 Martini
1359 3057 1421 3125 per

296 3145 455 3230 medium;
474 3145 721 3216 etmedietetem
730 3149 911 3234 Templarii
927 3149 1122 3235 aoeiperent,
1140 3155 1173 3215 et
1180 3147 1313 3234 insuper
1327 3165 1419 3214 sexa-

294 3255 387 3340 ginta
402 3253 527 3347 iugera,
553 3253 594 3320 de
609 3255 705 3339 sylus
724 3275 800 3323 vero
816 3275 876 3322 neo
892 3256 1058 3339 cruciferi,
1082 3275 1141 3322 neo
1165 3255 1278 3340 populi
1293 3253 1420 3338 Regine

293 3369 419 3448 partem
430 3361 574 3444 aberent,
592 3359 657 3426 nisi
669 3362 818 3429 Eoelesia
827 3363 939 3429 Sancti
951 3362 1093 3446 Martini,
1110 3362 1170 3429 sed
1185 3371 1336 3446 stagnum
1347 3369 1420 3428 tan·

295 3476 363 3535 tum
383 3487 551 3535 eommune
568 3475 655 3535 esset
671 3489 743 3534 eum
754 3468 940 3537 cruciferis.
958 3469 1080 3536 Vineae
1096 3489 1182 3555 uero,
1208 3469 1238 3535 si
1253 3469 1309 3554 qui
1323 3466 1421 3554 primi

292 3576 525 3663 planlauerant
549 3595 647 3660 super
661 3575 750 3643 illius
769 3585 855 3644 terre
871 3579 1102 3664 promuntorio,
1120 3578 1217 3660 ydem
1233 3576 1300 3662 ipsi
1314 3575 1418 3662 possi-

293 3684 425 3768 derent3
443 3681 654 3770 sedamplius
670 3684 741 3752 sine
752 3702 888 3752 assensu
901 3687 1048 3752 Eoolesie
1058 3685 1172 3752 Sanoti
1182 3685 1313 3751 Martini
1329 3683 1419 3769 plan-

292 3798 364 3857 tare
378 3810 443 3857 uon
462 3791 732 3876 permitterentur,
753 3792 804 3858 Ad
825 3795 916 3859 ouius
933 3800 1018 3860 terre
1032 3793 1224 3860 diuisionem
1241 3792 1282 3858 de
1301 3789 1420 3857 nostris

293 3898 391 3966 soniis
401 3899 557 3982 misimus,
569 3899 692 3966 seilicet
703 3900 903 3984 Marcellum,
921 3900 1121 3987 Chepanum,
1139 3899 1259 3983 Oltum,
1270 3897 1419 3964 Benkam

293 4007 446 4087 Comites,
470 4007 525 4094 qui
546 4005 692 4090 utrisque
708 4005 856 4091 partibus
872 3995 1224 4090 diem'assignauerunt
1240 4003 1284 4071 ad
1299 4012 1419 4071 terram

294 4112 512 4180 diuidendum.
540 4113 593 4178 Ad
609 4133 703 4197 quem
720 4111 774 4178 die
791 4114 958 4197 assignato
974 4114 1125 4180 Decanus
1144 4111 1292 4178 Eeolesie
1311 4109 1422 4177 Saneti

292 4221 422 4286 Martini
449 4241 520 4288 oum
537 4220 729 4305 quibusdam
749 4221 903 4288 fratribus
927 4229 959 4288 et
975 4220 1206 4306 iobagionibus
1231 4217 1420 4304 eomparuit

292 4329 357 4394 Vbi
385 4329 490 4397 dietus
505 4330 664 4414 Magister
689 4351 749 4397 neo
776 4331 965 4417 comparuit,
991 4349 1052 4398 nee
1068 4331 1140 4398 loeo
1163 4327 1215 4396 sui
1230 4329 1337 4411 misit3
1364 4324 1423 4394 sed

295 4435 494 4502 solummodo
505 4455 588 4502 unus
605 4435 646 4502 de
660 4436 891 4522 iobagionibus
902 4438 1058 4522 prestetit,
1079 4437 1135 4521 qui
1151 4455 1250 4521 super
1260 4434 1423 4503 diuisione

294 4549 379 4609 terre
396 4561 417 4606 a
432 4540 525 4608 nobis
550 4541 679 4610 iustieie
694 4541 886 4630 postulabat
910 4543 1188 4628 complementum.
1215 4539 1315 4608 cuius
1340 4540 1424 4628 peti·
