3134 5158
106 1099 157 1163 Az
171 1101 237 1186 apri
251 1098 466 1185 reparasset
484 1095 751 1182 biaonyedplcoelc,
777 1094 859 1179 kopp
881 1093 1057 1177 Bereclrey-a'
1075 1090 1183 1155 lotario
1199 1095 1229 1152 ds

105 1211 215 1289 tornai,
231 1213 354 1273 teatce're
364 1208 398 1272 F
393 1207 461 1295 ylla
477 1207 656 1292 enepote'ssre
670 1211 759 1268 udone
769 1204 895 1268 Morooc'
912 1201 1040 1289 bezzel
1058 1206 1229 1288 eppeose'yre

560 1313 664 1400 lacer.
682 1313 777 1378 1252.

222 1515 347 1580 Amicis
374 1517 441 1583 suis
466 1515 665 1583 Reuerendis
691 1513 870 1581 Conuerrtui
896 1513 1039 1580 licclesie
1065 1513 1106 1578 de
1131 1513 1228 1578 Lelez

103 1623 260 1690 Nicolaus
286 1621 328 1689 dc
344 1622 434 1690 (lara
449 1623 553 1706 Regni
570 1623 738 1706 Hungarie
754 1623 923 1688 Palatinus
943 1627 975 1686 ct
990 1619 1009 1686 J
1014 1619 1094 1686 udcx
1112 1619 1226 1687 Goma-

104 1751 215 1798 norum
233 1731 419 1798 amiciciam
445 1739 595 1818 paratam
612 1751 684 1797 eum
701 1731 832 1798 honore.
860 1727 1034 1812 Noueritis,
1051 1729 1226 1813 quodcum

103 1860 160 1905 nos
176 1840 220 1904 ad
238 1839 420 1924 legitimam
437 1839 630 1926 peticionem
641 1839 742 1906 Marci
759 1838 816 1924 lilij
834 1837 975 1905 Matbius
991 1835 1031 1903 de
1046 1837 1134 1923 lsiph
1152 1855 1224 1901 eum

104 1947 250 2015 Vilberto
268 1947 335 2015 lilio
354 1947 515 2015 lobannis
532 1949 573 2015 de
588 1949 663 2014 Wal
680 1947 792 2034 Regio,
811 1967 871 2014 neo
889 1967 952 2014 non
969 1947 1116 2015 Johanne
1132 1941 1226 2029 (lapi-

105 2054 160 2120 tuli
177 2055 326 2121 Ecclesia
341 2055 495 2122 Albensis
512 2057 708 2142 hominibus,
733 2061 878 2124 nostrum
898 2055 1056 2125 hominem
1074 2053 1227 2121 videlicet

105 2161 297 2246 Grcgerium
315 2163 415 2229 lilium
431 2163 560 2231 Nicolai
576 2163 617 2231 do
633 2163 756 2230 inanch
782 2163 825 2230 ad
840 2162 1080 2250 infrascriptam
1100 2180 1227 2249 posscs-

104 2271 282 2336 sionariam
293 2271 589 2339 reambulacionem
606 2278 639 2338 et
655 2279 812 2338 metarum
825 2271 1023 2339 erecoionem
1043 2269 1226 2336 faciendam

103 2377 144 2442 de
160 2374 429 2460 Congregaeione
444 2385 555 2446 nostra
567 2375 723 2444 Generali
733 2377 945 2444 Vniuersitati
961 2375 1125 2443 Nobilium
1137 2377 1227 2442 Zem-

105 2484 276 2568 pliniensis
292 2492 325 2551 et
341 2485 383 2550 dc
399 2487 472 2571 Vng
488 2487 703 2554 Comitatuum
729 2486 812 2553 feria
828 2485 972 2554 secunda
988 2484 1133 2572 proxima
1153 2491 1227 2570 post

104 2593 221 2659 festum
239 2593 334 2660 Beati
346 2591 479 2680 Georgij
496 2594 639 2662 martiris
656 2595 688 2661 iu
705 2615 791 2664 anno
811 2595 959 2680 proxime
974 2599 1138 2661 transacto
1155 2612 1225 2678 pre-

105 2699 203 2768 terita
218 2721 321 2788 prope
347 2703 512 2770 ciuitatem
537 2704 644 2770 Patalr
671 2703 835 2770 celebrata
860 2703 1133 2787 destinassemua3
1154 2708 1223 2766 tan-

105 2807 179 2874 dem
204 2808 306 2893 ijdem
323 2810 441 2876 exinde
465 2808 663 2877 adeundam
688 2811 986 2895 congregacionem
1012 2815 1156 2876 nostram
1183 2808 1226 2874 ad

106 2937 166 2984 nos
181 2920 305 2984 reuersi
322 2918 523 2988 concorditer
538 2919 716 2986 retulerunt
731 2920 794 2985 stb.
813 2919 915 3005 (lrogy
934 2917 1042 2985 midttn
1058 2917 1146 2985 Senk
1163 2916 1224 2984 bir-

104 3025 249 3092 toktnak
262 3028 418 3113 Zemplen
433 3028 613 3112 megyeben
631 3027 773 3094 hattrait
788 3027 930 3094 akarttlr
942 3028 1111 3114 mcgjarni,
1132 3032 1228 3113 „tune

107 3133 310 3218 Benedictus,
342 3134 487 3202 lacobus
514 3143 546 3204 et
570 3135 747 3202 ladizlaus
772 3136 830 3220 filij
859 3136 990 3224 Gyapal
1016 3135 1057 3202 de
1082 3135 1224 3202 Morwa“

109 3241 341 3324 ellemondtalr,
367 3263 388 3307 a
404 3243 503 3310 mibttl
519 3262 577 3328 per
593 3242 800 3327 keletkezett,
829 3244 917 3329 moly
933 3263 953 3308 a
969 3244 1073 3310 ntdor
1091 3247 1127 3310 ts
1144 3243 1227 3310 biro-

107 3349 206 3416 ttrsai
217 3350 297 3418 cldtt
312 3347 503 3437 leiolyvtm),
521 3385 564 3396 -
576 3387 618 3397 -
635 3355 668 3414 et
684 3349 805 3416 ibidem
817 3351 960 3418 lacobus
971 3351 1070 3436 (filius
1087 3350 1227 3417 Michae-

107 3457 146 3522 lis
171 3455 212 3522 de
237 3457 355 3543 lsiph),
381 3456 539 3540 quasdam
566 3457 693 3523 litteras
716 3456 860 3544 Capituli
886 3457 1032 3524 Ecclesia
1058 3458 1227 3541 signiensis

106 3563 326 3648 priuilegiales
342 3563 519 3649 alphabeto
539 3562 711 3631 intercisos
727 3585 813 3632 anno
831 3563 962 3634 Domini
983 3565 1155 3633 millesimo
1170 3567 1225 3632 du-

108 3671 282 3740 centesimo
299 3671 571 3756 quinquagesimo
589 3671 730 3742 secundo
746 3679 877 3740 cnonas
892 3673 987 3740 nobis
1012 3682 1158 3742 curasset
1174 3675 1226 3742 da-

107 3789 282 3848 monstrarc
307 3780 521 3865 continentes,
548 3779 636 3866 quod
652 3781 837 3868 Stephanus
854 3783 895 3850 dc
910 3783 1088 3868 Berechcy,
1114 3782 1223 3850 Domi-

107 3890 194 3956 nious
210 3887 250 3954 de
268 3889 401 3975 (theley,
418 3889 541 3956 Stanch
559 3888 599 3957 dc
614 3889 716 3976 lsiph,
733 3892 831 3974 llogh
848 3891 889 3959 do
908 3893 1025 3976 bozou,
1047 3893 1168 3976 Symon
1184 3890 1227 3958 de

105 3998 200 4078 luch,
218 3998 365 4066 Radwan
383 3997 424 4066 de
436 3999 656 4084 Mcggoscbw,
672 4000 795 4086 Symon
813 4001 899 4070 tilius
915 3999 1060 4070 Marcelli
1077 4000 1118 4068 de
1133 4000 1227 4068 Zado

105 4105 276 4188 degenere
291 4107 460 4190 Begad-
473 4141 513 4155 -·
524 4128 597 4176 wan
614 4129 655 4175 ex
665 4129 730 4175 vna
746 4115 848 4195 parte,
869 4100 911 4176 ab
928 4110 1033 4176 altera
1047 4129 1124 4175 vcro
1136 4107 1225 4193 (thyz

105 4211 276 4279 dellorwa
291 4210 333 4278 dc
351 4211 464 4279 eodem
481 4231 602 4298 genere
617 4215 834 4301 personaliter
844 4235 954 4282 eoram
974 4214 1062 4283 dioto
1073 4213 1225 4302 capitulo

104 4319 274 4402 constituti,
301 4319 443 4386 mntessi
460 4320 654 4405 extitissent,
682 4323 768 4406 quod
783 4341 842 4408 per
859 4322 1027 4390 arbitrium
1051 4323 1226 4410 proborum

104 4429 241 4495 virorum
266 4447 327 4513 pro
343 4433 447 4493 morte
462 4427 570 4512 Fylke
585 4428 696 4496 fratris
711 4429 870 4515 Stephani
896 4427 1052 4496 antedicti
1075 4430 1110 4497 in
1125 4433 1225 4499 talem

103 4535 190 4622 pacis
205 4535 356 4602 unionem
367 4535 594 4624 deuenissent;
616 4537 702 4622 quod
719 4537 805 4606 idem
816 4536 907 4622 Ohyz
923 4538 1087 4624 quandam
1103 4545 1227 4608 terram

100 4663 299 4712 suam—-—
317 4641 377 4710 che
394 4641 511 4710 dietam
527 4679 789 4694 -----
799 4645 839 4712 oh
855 4651 1093 4733 nuncupatam,
1116 4653 1226 4713 otter-
