3148 5156
84 1077 104 1139 A
117 1079 192 1161 picei
205 1077 418 1164 kdptoloonole
433 1077 697 1162 bizonysripleoele,
717 1077 799 1161 bopy
815 1099 835 1138 o
848 1075 983 1158 Letous
993 1074 1189 1140 Hodoiobneb

159 1185 207 1268 piu
221 1190 251 1248 e's
267 1185 362 1248 Noua
379 1205 476 1250 eomas
491 1185 572 1248 lusisti
584 1205 672 1269 peres
689 1188 751 1269 iiqy
767 1185 964 1248 altrinsecas.
984 1182 1083 1247 1255.

379 1361 409 1426 A
614 1362 641 1426 Β
851 1359 877 1426 O

171 1524 281 1590 Yurko
308 1521 499 1607 Prepositus
516 1520 876 1607 Quinqueeoelesiensis
900 1522 1109 1606 eiusdemque
1125 1523 1188 1592 Ioei

82 1631 248 1717 Capitulum
274 1631 423 1701 omnibus
448 1648 583 1715 presens
599 1629 753 1714 seriptum
779 1631 984 1697 cernentibus
1000 1631 1138 1698 salutern
1155 1631 1188 1696 in

81 1741 211 1808 Domino.
238 1739 291 1805 Ad
306 1739 531 1806 uniuersorum
553 1743 620 1804 tam
637 1737 838 1824 preseneium
865 1757 962 1822 quam
987 1747 1189 1824 posterorum

81 1847 216 1915 noticiam
231 1855 344 1916 tenore
360 1845 567 1934 presencium
592 1845 741 1912 uolumus
758 1843 921 1930 denenire,
943 1847 1029 1929 quod
1044 1847 1188 1915 Jaeobus

81 1953 228 2038 quondam
252 1953 340 2022 tilius
364 1952 508 2037 Hedron
537 1959 649 2020 nostra
674 1952 841 2020 confessus
870 1954 977 2021 estin
1008 1956 1188 2040 presentia,

82 2061 154 2146 quod
178 2061 332 2148 quiequid
348 2059 547 2128 LaureneIns
572 2061 717 2128 uterinus
741 2059 841 2127 trater
864 2060 970 2146 ipsius
995 2082 1068 2129 eum
1093 2063 1191 2129 Nona

83 2167 191 2236 Gemite
200 2188 302 2256 super
316 2187 427 2252 eausa,
445 2188 508 2252 que
522 2169 606 2234 iuter
622 2187 678 2236 eos
691 2168 878 2235 uertebatur
894 2189 954 2255 pro
964 2169 1046 2256 ipsis
1062 2169 1188 2236 duobus

82 2285 161 2345 serta
174 2277 256 2345 teria
271 2283 348 2345 ante
358 2276 563 2345 DomInioam
578 2277 612 2343 in
624 2276 932 2364 Ramispalmarurn,
949 2284 982 2345 et
997 2277 1030 2344 In
1044 2277 1189 2346 seeunda

81 2384 240 2454 inmediate
264 2386 486 2472 subsequenti,
511 2405 573 2453 nee
597 2406 662 2452 non
686 2385 719 2451 in
745 2387 887 2453 erastIno
914 2385 1026 2453 Sanoti
1053 2385 1186 2470 Georgij

83 2491 283 2579 ordinaberat,
309 2499 415 2560 ratum
441 2493 586 2561 babebat
602 2500 634 2560 et
650 2492 786 2560 firmum.
812 2492 987 2562 Confessus
1011 2499 1060 2562 est
1083 2493 1188 2560 seiam

82 2621 130 2686 pro
142 2622 176 2670 se
190 2610 224 2669 et
238 2623 298 2690 pro
313 2603 386 2690 ipso
397 2601 579 2668 Laurenoio
595 2601 628 2668 in
645 2609 762 2670 ostana
781 2602 998 2687 Pentecostes,
1019 2600 1106 2685 quod
1115 2621 1187 2668 oum

82 2709 246 2792 ipsidotem
260 2709 460 2794 suesororis,
476 2708 590 2777 reliete
600 2709 719 2777 nobilis
730 2709 793 2777 viri
803 2712 910 2780 Ponse
921 2709 1064 2797 Comitis,
1084 2710 1188 2796 patris

81 2815 160 2884 Nune
174 2817 308 2886 Comitis
332 2817 455 2886 ibidem
480 2817 651 2904 presentis,
676 2837 749 2886 eum
773 2817 958 2886 hominibus
978 2819 1026 2885 XI
1052 2818 1189 2902 Iacobo,

82 2923 247 3010 Nyeholao,
263 2929 371 3006 Petro,
388 2925 572 3009 Chenkuez,
592 2925 764 3012 Oraobino,
781 2925 875 2993 Boda
890 2932 923 2992 et
938 2925 1108 2995 DomInioo
1125 2947 1189 2992 ma·

82 3034 164 3119 ribus,
190 3035 288 3117 Rusa,
311 3034 432 3120 Puoba,
456 3034 576 3118 Myoha
600 3040 633 3100 et
648 3032 795 3100 Elisabet
818 3032 1018 3117 mulieribus,
1044 3039 1077 3099 et
1091 3032 1188 3098 rebus

82 3141 144 3226 aIIjs
157 3161 264 3208 seeum
280 3141 323 3208 ad
339 3140 460 3208 dietum
475 3143 617 3210 Pousam
632 3140 800 3223 traductis,
829 3159 954 3206 neenon
971 3141 1076 3208 seiam
1101 3141 1187 3227 alijs,

83 3268 132 3330 que
145 3249 216 3336 ipsa
240 3247 374 3316 domina
390 3248 431 3316 de
446 3248 566 3332 Boane,
593 3267 653 3314 suo
668 3265 742 3314 eum
758 3247 825 3316 filio
846 3249 1020 3314 Kartherio
1046 3249 1187 3330 nornine,

82 3355 164 3423 tratre
189 3357 293 3442 ipsius
317 3357 413 3423 Nane
429 3354 575 3440 Comitis,
605 3354 669 3441 ipsi
688 3355 785 3422 Naue
811 3353 929 3422 conisi
953 3356 1187 3440 transmiserat,

85 3464 118 3528 ab
139 3464 247 3532 eodem
262 3463 361 3530 Nona
376 3462 502 3532 (iomite
517 3469 711 3550 repeterent,
737 3464 808 3550 ipso
825 3463 923 3530 Nana
937 3465 1054 3533 Oomos
1078 3483 1189 3532 seeun-

85 3570 144 3636 dum
158 3570 430 3658 eomposioionem
445 3571 621 3658 proborum
631 3571 773 3638 virorum
790 3570 874 3636 inter
889 3589 945 3639 eos
965 3571 1188 3656 mediatorum,

85 3677 181 3762 uiginti
196 3685 322 3766 septem
338 3698 467 3746 mareas
482 3679 675 3766 persoluere
691 3679 733 3746 de
749 3686 894 3767 argento,
914 3699 1033 3748 aureos
1044 3681 1189 3747 montelli

85 3787 207 3871 taxilles,
224 3793 344 3854 sertum
362 3794 395 3854 et
410 3787 605 3872 atmodum,
623 3786 704 3856 dnos
721 3789 837 3856 anulos
853 3789 895 3856 de
909 3807 1001 3874 auro,
1026 3793 1055 3854 et
1073 3787 1188 3856 eborti-

86 3913 154 3980 nan,
164 3895 365 3963 restituendo
382 3895 478 3988 dietis
493 3897 659 3981 tratribus,
677 3905 710 3966 et
720 3917 818 3984 super
834 3898 998 3966 iamdiotIs
1013 3898 1061 3964 XI
1077 3897 1188 3984 eapiti-

87 3999 306 4072 busbomirrum
320 4003 369 4070 ita
385 4003 578 4091 ordInando,
604 4003 691 4091 quod
707 4005 822 4074 solutIs
839 4007 920 4072 XIII
936 4007 1054 4074 mareis
1079 4006 1122 4072 de
1137 4025 1186 4072 ur-

87 4115 164 4188 gento
178 4110 271 4177 Nane
287 4108 407 4176 (domiti
431 4109 473 4176 ab
488 4111 592 4198 ipsius
617 4111 759 4180 sernieio
775 4117 868 4178 erunt
891 4113 1008 4198 libera,
1032 4113 1108 4180 dum
1123 4115 1189 4199 qui·

88 4212 151 4281 libet
163 4235 270 4285 eorum
286 4238 346 4304 pro
362 4239 423 4286 sna
438 4225 512 4286 rata
527 4219 635 4287 soluat
651 4220 912 4306 quandocunque
937 4223 1059 4308 poterit
1074 4223 1116 4290 de
1131 4223 1191 4290 illa

88 4325 203 4402 peennia
217 4346 310 4393 suam
326 4333 464 4412 partam,
481 4325 604 4394 eisdem
621 4327 779 4395 fratribus
795 4329 844 4396 ita
859 4329 1006 4416 plenarie
1025 4328 1190 4397 satisfece-

90 4435 155 4512 runt,
168 4433 251 4514 quod
266 4453 326 4500 neo
342 4435 407 4520 ipsi
423 4433 552 4522 babes,
569 4455 628 4502 neo
645 4436 730 4503 alius
747 4433 789 4502 de
805 4436 1024 4520 generaoIone
1033 4436 1191 4525 ipsorum,

90 4551 201 4614 presem
214 4543 267 4608 uel
284 4541 411 4609 iuturus
427 4541 535 4628 ipsum
551 4543 680 4610 Nonam
696 4542 865 4629 Comitem,
893 4544 947 4611 uel
964 4543 1035 4612 eins
1054 4541 1191 4610 heredes

90 4648 115 4706 et
128 4655 270 4731 oognatos
296 4650 423 4718 ualebit
437 4650 472 4718 in
488 4657 655 4738 posterum
681 4671 779 4737 super
803 4651 868 4718 iam
886 4651 981 4718 dietis
1005 4652 1190 4720 oonuenire.
