3134 5150
304 1029 444 1094 Kosmou
459 1029 612 1114 paliozioi
637 1027 746 1111 kirorp
766 1029 797 1090 ἑο
812 1025 991 1089 εεῑαυοπίαἰ
1010 1023 1136 1110 dereaep
1160 983 1441 1112 konozelldrjdeal

305 1137 377 1200 sie
400 1133 533 1220 adprctbi
551 1132 731 1219 prepositel
748 1137 779 1198 ee
802 1130 992 1196 testodreioel
1016 1131 1216 1198 birtokoeere't
1240 1144 1311 1198 test.
1338 1135 1439 1227 1237.

414 1327 609 1394 colomanus
626 1328 689 1393 Dei
705 1328 820 1412 gracia
836 1329 908 1393 Rex
924 1333 957 1392 et
966 1327 1042 1392 Dux
1057 1327 1159 1392 teoius
1176 1325 1352 1394 Solanonie
1368 1327 1439 1392 vni-

306 1435 410 1502 uersis
426 1439 594 1522 presentes
620 1435 747 1502 litteras
763 1435 959 1520 inspecturis
985 1435 1125 1500 salutem
1142 1441 1174 1500 et
1191 1454 1285 1502 emne
1303 1435 1435 1502 bonnm.

306 1542 520 1609 Vniuersitati
545 1549 655 1610 uestre
669 1550 781 1610 tenore
808 1541 1014 1626 presencium
1040 1541 1190 1606 velumus
1206 1540 1277 1607 fieri
1301 1541 1440 1607 manife-

308 1655 403 1734 stum,
429 1669 489 1716 nes
515 1669 588 1714 oum
604 1647 763 1732 Magistro
788 1647 895 1732 Phyla
911 1647 1000 1712 fideli
1026 1666 1065 1712 ao
1090 1643 1208 1712 dilecto
1229 1645 1438 1714 cancellarie

306 1763 426 1840 nestro,
442 1755 613 1840 Prepesito
640 1756 765 1822 scilieet
780 1754 1018 1839 Zagrebyensi‚
1042 1773 1103 1819 nee
1117 1773 1183 1820 nen
1208 1773 1282 1819 oum
1306 1754 1437 1820 Thema

307 1863 433 1932 Gemite
449 1864 491 1930 de
508 1863 602 1948 Chay
617 1863 719 1930 fratre
735 1882 804 1946 sne,
832 1883 929 1948 super
945 1861 1087 1946 quadem
1103 1867 1200 1944 terra,
1219 1881 1317 1946 quam
1334 1861 1439 1947 prime

307 1970 390 2056 ipsis
406 1969 602 2034 dederamus
617 1969 651 2033 in
667 1969 802 2034 Wamns
828 1968 871 2034 ad
888 1967 1005 2051 uiginti
1022 1974 1143 2050 aratra,
1170 1973 1202 2031 et
1226 1987 1324 2053 super
1349 1972 1443 2032 terra

309 2077 455 2161 Kyliani‚
482 2095 545 2161 qne
561 2081 611 2141 est
626 2076 718 2141 iuxta
733 2075 881 2159 eandem,
907 2095 1005 2168 qnam
1021 2075 1085 2160 ipsi
1109 2082 1266 2157 emerant,
1292 2082 1324 2140 et
1340 2095 1444 2160 super

310 2193 399 2250 terra
414 2183 510 2248 Mnsd
525 2203 545 2250 a
561 2182 700 2248 Martine
725 2183 792 2248 filio
808 2183 942 2248 Martini
957 2183 998 2247 de
1013 2181 1131 2268 Lypoy
1150 2182 1301 2249 similiter
1327 2201 1443 2248 eorum

311 2290 506 2377 emptioiam‚
534 2298 566 2356 et
581 2307 647 2354 nen
673 2288 799 2354 duabus
824 2288 929 2354 uineis
947 2273 1095 2353 Fareasi¹
1107 2287 1154 2352 fili
1170 2285 1286 2368 Cebze,
1311 2287 1380 2352 tale
1395 2286 1443 2353 fe-

311 2399 395 2466 oisse
411 2397 645 2482 eonoambium‚
674 2395 761 2480 quod
782 2416 842 2481 pre
868 2393 1175 2480 recompensacione
1200 2393 1344 2479 prediete
1368 2415 1444 2480 pes·

311 2505 467 2574 sessionis
494 2512 526 2573 et
548 2501 773 2573 eomutaoione
799 2502 946 2568 eiusdem
972 2499 1120 2566 dedimus
1147 2509 1267 2566 terram
1292 2511 1444 2568 nostram

311 2616 441 2682 nemine
466 2614 573 2681 Lnder
597 2613 808 2696 integraliter,
834 2617 867 2675 et
882 2615 1003 2676 terram
1029 2609 1159 2676 nomine
1183 2611 1316 2694 Heyreh
1343 2607 1445 2674 certis

313 2722 407 2787 metis
424 2741 466 2788 ex
481 2721 568 2786 omni
583 2730 677 2806 parte
694 2719 879 2785 distinctam
896 2724 929 2784 et
945 2716 1214 2802 eireumpesitam,
1239 2715 1321 2782 siout
1337 2715 1445 2802 Botyz

314 2825 431 2894 Comes
446 2847 520 2893 eam
544 2827 736 2913 possederat
752 2849 825 2893 eum
848 2827 954 2893 tribus
971 2824 1154 2910 manoipijs,
1180 2825 1348 2910 inquibus
1365 2829 1446 2890 sunt

313 2932 469 3002 tredecim
485 2935 653 3000 hominum
677 2935 796 3021 capita,
814 2935 927 3018 libere,
954 2933 1062 3017 quiete
1078 2938 1111 2998 et
1126 2933 1263 3018 paoifioe
1278 2931 1312 2996 in
1328 2951 1446 3017 perpe·

314 3051 404 3108 tuum
429 3042 672 3129 possidendam.
701 3043 745 3108 Vt
761 3048 870 3107 antem
889 3043 949 3110 hee
974 3039 1151 3107 eennenoie
1176 3046 1251 3105 rata
1266 3059 1395 3125 semper
1412 3047 1449 3105 et

315 3149 558 3234 inrefragabilis
582 3167 773 3236 permanere
797 3151 919 3233 ualeat,
946 3151 1107 3235 presentis
1124 3149 1238 3234 seripti
1266 3147 1384 3214 seriem
1401 3147 1448 3214 si-

315 3257 386 3342 gilli
401 3259 504 3326 nostri
527 3259 702 3325 munimine
717 3259 911 3324 eontulimus
928 3277 1026 3342 super
1042 3258 1104 3324 heo
1127 3257 1325 3338 roboratam,
1352 3275 1447 3324 anno

316 3367 425 3451 gredo
440 3367 486 3432 Μο
497 3363 562 3432 00⁰
571 3367 681 3433 XXX⁰
691 3365 777 3433 VIJ0.

353 3581 411 3646 (IV.
424 3581 491 3632 Bdla
503 3579 647 3648 kirdlynak
661 3581 772 3632 lass-ki
787 3577 950 3648 megerdsitd
962 3575 1206 3648 privilegiumibdl,
1224 3579 1293 3628 mint
1304 3572 1407 3643 altos.)

749 3859 1015 3874 m—
