<?xml version="1.0" encoding="UTF-8"?>
<!DOCTYPE html PUBLIC "-//W3C//DTD XHTML 1.0 Transitional//EN"
    "http://www.w3.org/TR/xhtml1/DTD/xhtml1-transitional.dtd">
<html xmlns="http://www.w3.org/1999/xhtml" xml:lang="en" lang="en">
 <head>
  <title>
</title>
<meta http-equiv="Content-Type" content="text/html;charset=utf-8" />
  <meta name='ocr-system' content='tesseract 3.04.00' />
  <meta name='ocr-capabilities' content='ocr_page ocr_carea ocr_par ocr_line ocrx_word'/>
</head>
<body>
  <div class='ocr_page' id='page_1' title='image "./codexdiplomatic15wenzgoog_0332.png"; bbox 0 0 3102 5160; ppageno 0'>
   <div class='ocr_carea' id='block_1_1' title="bbox 588 257 747 362">
    <p class='ocr_par' dir='ltr' id='par_1_1' title="bbox 588 257 747 362">
     <span class='ocr_line' id='line_1_1' title="bbox 588 257 747 362; baseline 0 -38"><span class='ocrx_word' id='word_1_1' title='bbox 588 257 747 362; x_wconf 43' lang='lat' dir='ltr'><strong>..noe-</strong></span> 
     </span>
    </p>
   </div>
   <div class='ocr_carea' id='block_1_2' title="bbox 96 449 1231 1082">
    <p class='ocr_par' dir='ltr' id='par_1_2' title="bbox 96 449 1231 1082">
     <span class='ocr_line' id='line_1_2' title="bbox 96 449 1231 544; baseline 0.002 -24"><span class='ocrx_word' id='word_1_2' title='bbox 96 459 201 520; x_wconf 78' lang='lat' dir='ltr'><strong>netem</strong></span> <span class='ocrx_word' id='word_1_3' title='bbox 216 449 388 539; x_wconf 80' lang='lat' dir='ltr'><strong>priorem.</strong></span> <span class='ocrx_word' id='word_1_4' title='bbox 406 451 490 518; x_wconf 89' lang='lat' dir='ltr'><strong>ltem</strong></span> <span class='ocrx_word' id='word_1_5' title='bbox 505 452 613 540; x_wconf 81' lang='lat' dir='ltr'><strong>prims</strong></span> <span class='ocrx_word' id='word_1_6' title='bbox 627 460 715 522; x_wconf 82' lang='lat' dir='ltr'><strong>mete</strong></span> <span class='ocrx_word' id='word_1_7' title='bbox 728 460 815 524; x_wconf 87' lang='lat' dir='ltr'><strong>terre</strong></span> <span class='ocrx_word' id='word_1_8' title='bbox 825 455 968 542; x_wconf 82' lang='lat' dir='ltr'><strong>Zcopno,</strong></span> <span class='ocrx_word' id='word_1_9' title='bbox 977 527 980 534; x_wconf 66' lang='grc'>,</span> <span class='ocrx_word' id='word_1_10' title='bbox 989 474 1052 541; x_wconf 88' lang='lat' dir='ltr'><strong>qne</strong></span> <span class='ocrx_word' id='word_1_11' title='bbox 1068 461 1117 522; x_wconf 86' lang='lat' dir='ltr'><strong>est</strong></span> <span class='ocrx_word' id='word_1_12' title='bbox 1132 455 1231 544; x_wconf 82' lang='lat' dir='ltr'><strong>Zpor·</strong></span> 
     </span>
     <span class='ocr_line' id='line_1_3' title="bbox 98 560 1229 648; baseline 0.002 -20"><span class='ocrx_word' id='word_1_13' title='bbox 98 561 185 644; x_wconf 83' lang='lat' dir='ltr'><strong>mnis,</strong></span> <span class='ocrx_word' id='word_1_14' title='bbox 200 560 327 648; x_wconf 77' lang='lat' dir='ltr'><strong>incipit</strong></span> <span class='ocrx_word' id='word_1_15' title='bbox 341 561 391 628; x_wconf 77' lang='lat' dir='ltr'><strong>ab</strong></span> <span class='ocrx_word' id='word_1_16' title='bbox 408 560 531 630; x_wconf 89' lang='lat' dir='ltr'><strong>oriente</strong></span> <span class='ocrx_word' id='word_1_17' title='bbox 542 561 636 630; x_wconf 84' lang='lat' dir='ltr'><strong>inxte</strong></span> <span class='ocrx_word' id='word_1_18' title='bbox 649 567 789 631; x_wconf 74' lang='lat' dir='ltr'><strong>terream</strong></span> <span class='ocrx_word' id='word_1_19' title='bbox 799 564 947 631; x_wconf 80' lang='lat' dir='ltr'><strong>Ecclesie</strong></span> <span class='ocrx_word' id='word_1_20' title='bbox 962 563 996 630; x_wconf 93' lang='lat' dir='ltr'><strong>in</strong></span> <span class='ocrx_word' id='word_1_21' title='bbox 1005 584 1070 632; x_wconf 86' lang='lat' dir='ltr'><strong>vno</strong></span> <span class='ocrx_word' id='word_1_22' title='bbox 1085 565 1179 645; x_wconf 81' lang='lat' dir='ltr'><strong>lolm,</strong></span> <span class='ocrx_word' id='word_1_23' title='bbox 1195 561 1229 630; x_wconf 92' lang='lat' dir='ltr'><strong>in</strong></span> 
     </span>
     <span class='ocr_line' id='line_1_4' title="bbox 96 668 1230 758; baseline 0.002 -22"><span class='ocrx_word' id='word_1_24' title='bbox 96 690 151 754; x_wconf 82' lang='lat' dir='ltr'><strong>qno</strong></span> <span class='ocrx_word' id='word_1_25' title='bbox 166 673 217 735; x_wconf 90' lang='lat' dir='ltr'><strong>est</strong></span> <span class='ocrx_word' id='word_1_26' title='bbox 241 675 341 736; x_wconf 77' lang='lat' dir='ltr'><strong>mets</strong></span> <span class='ocrx_word' id='word_1_27' title='bbox 358 675 490 755; x_wconf 71' lang='lat' dir='ltr'><strong>terreo,</strong></span> <span class='ocrx_word' id='word_1_28' title='bbox 514 668 591 736; x_wconf 88' lang='lat' dir='ltr'><strong>inde</strong></span> <span class='ocrx_word' id='word_1_29' title='bbox 606 669 713 739; x_wconf 86' lang='lat' dir='ltr'><strong>tendit</strong></span> <span class='ocrx_word' id='word_1_30' title='bbox 726 690 841 739; x_wconf 84' lang='lat' dir='ltr'><strong>versus</strong></span> <span class='ocrx_word' id='word_1_31' title='bbox 866 669 1067 740; x_wconf 85' lang='lat' dir='ltr'><strong>occidentem</strong></span> <span class='ocrx_word' id='word_1_32' title='bbox 1082 690 1142 758; x_wconf 88' lang='lat' dir='ltr'><strong>per</strong></span> <span class='ocrx_word' id='word_1_33' title='bbox 1156 689 1230 738; x_wconf 86' lang='lat' dir='ltr'><strong>eun·</strong></span> 
     </span>
     <span class='ocr_line' id='line_1_5' title="bbox 98 776 1230 865; baseline 0.002 -22"><span class='ocrx_word' id='word_1_34' title='bbox 98 777 161 843; x_wconf 87' lang='lat' dir='ltr'><strong>dem</strong></span> <span class='ocrx_word' id='word_1_35' title='bbox 184 778 285 844; x_wconf 83' lang='lat' dir='ltr'><strong>bercz</strong></span> <span class='ocrx_word' id='word_1_36' title='bbox 302 776 385 843; x_wconf 88' lang='lat' dir='ltr'><strong>iens</strong></span> <span class='ocrx_word' id='word_1_37' title='bbox 411 776 455 843; x_wconf 81' lang='lat' dir='ltr'><strong>od</strong></span> <span class='ocrx_word' id='word_1_38' title='bbox 474 784 593 844; x_wconf 76' lang='lat' dir='ltr'><strong>melem</strong></span> <span class='ocrx_word' id='word_1_39' title='bbox 608 783 768 865; x_wconf 80' lang='lat' dir='ltr'><strong>terream3</strong></span> <span class='ocrx_word' id='word_1_40' title='bbox 785 779 861 846; x_wconf 91' lang='lat' dir='ltr'><strong>hinc</strong></span> <span class='ocrx_word' id='word_1_41' title='bbox 876 779 1045 848; x_wconf 89' lang='lat' dir='ltr'><strong>descendit</strong></span> <span class='ocrx_word' id='word_1_42' title='bbox 1066 777 1111 846; x_wconf 79' lang='lat' dir='ltr'><strong>sd</strong></span> <span class='ocrx_word' id='word_1_43' title='bbox 1132 798 1230 846; x_wconf 86' lang='lat' dir='ltr'><strong>vnum</strong></span> 
     </span>
     <span class='ocr_line' id='line_1_6' title="bbox 96 885 1229 974; baseline 0.002 -22"><span class='ocrx_word' id='word_1_44' title='bbox 96 885 226 953; x_wconf 88' lang='lat' dir='ltr'><strong>rinnlnm</strong></span> <span class='ocrx_word' id='word_1_45' title='bbox 252 886 401 952; x_wconf 91' lang='lat' dir='ltr'><strong>nomine</strong></span> <span class='ocrx_word' id='word_1_46' title='bbox 416 886 579 972; x_wconf 88' lang='lat' dir='ltr'><strong>Zcopnie;</strong></span> <span class='ocrx_word' id='word_1_47' title='bbox 607 906 646 955; x_wconf 90' lang='lat' dir='ltr'><strong>eo</strong></span> <span class='ocrx_word' id='word_1_48' title='bbox 662 887 799 954; x_wconf 76' lang='lat' dir='ltr'><strong>transito</strong></span> <span class='ocrx_word' id='word_1_49' title='bbox 822 887 972 956; x_wconf 81' lang='lat' dir='ltr'><strong>escendit</strong></span> <span class='ocrx_word' id='word_1_50' title='bbox 987 886 1030 954; x_wconf 82' lang='lat' dir='ltr'><strong>nd</strong></span> <span class='ocrx_word' id='word_1_51' title='bbox 1045 887 1149 974; x_wconf 86' lang='lat' dir='ltr'><strong>beron,</strong></span> <span class='ocrx_word' id='word_1_52' title='bbox 1173 886 1229 954; x_wconf 84' lang='lat' dir='ltr'><strong>vbi</strong></span> 
     </span>
     <span class='ocr_line' id='line_1_7' title="bbox 96 991 1228 1082; baseline 0 -20"><span class='ocrx_word' id='word_1_53' title='bbox 96 1000 138 1062; x_wconf 87' lang='lat' dir='ltr'><strong>est</strong></span> <span class='ocrx_word' id='word_1_54' title='bbox 151 999 240 1059; x_wconf 79' lang='lat' dir='ltr'><strong>mete</strong></span> <span class='ocrx_word' id='word_1_55' title='bbox 255 997 396 1078; x_wconf 79' lang='lat' dir='ltr'><strong>terrea3</strong></span> <span class='ocrx_word' id='word_1_56' title='bbox 414 997 447 1058; x_wconf 90' lang='lat' dir='ltr'><strong>et</strong></span> <span class='ocrx_word' id='word_1_57' title='bbox 462 991 630 1060; x_wconf 89' lang='lat' dir='ltr'><strong>descendit</strong></span> <span class='ocrx_word' id='word_1_58' title='bbox 644 991 797 1060; x_wconf 79' lang='lat' dir='ltr'><strong>sdrnam</strong></span> <span class='ocrx_word' id='word_1_59' title='bbox 812 993 910 1080; x_wconf 82' lang='lat' dir='ltr'><strong>riom,</strong></span> <span class='ocrx_word' id='word_1_60' title='bbox 926 995 983 1062; x_wconf 84' lang='lat' dir='ltr'><strong>vbi</strong></span> <span class='ocrx_word' id='word_1_61' title='bbox 998 993 1132 1062; x_wconf 80' lang='lat' dir='ltr'><strong>sinistre</strong></span> <span class='ocrx_word' id='word_1_62' title='bbox 1149 1013 1228 1082; x_wconf 81' lang='lat' dir='ltr'><strong>pers</strong></span> 
     </span>
    </p>
   </div>
   <div class='ocr_carea' id='block_1_3' title="bbox 19 1098 1228 1296">
    <p class='ocr_par' dir='ltr' id='par_1_3' title="bbox 19 1098 1228 1296">
     <span class='ocr_line' id='line_1_8' title="bbox 19 1098 1228 1194; baseline 0.003 -28"><span class='ocrx_word' id='word_1_63' title='bbox 19 1189 20 1194; x_wconf 6' lang='grc' dir='ltr'><strong>Ἰ</strong></span> <span class='ocrx_word' id='word_1_64' title='bbox 95 1100 235 1167; x_wconf 81' lang='lat' dir='ltr'><strong>lleclesic</strong></span> <span class='ocrx_word' id='word_1_65' title='bbox 260 1099 475 1183; x_wconf 76' lang='lat' dir='ltr'><strong>remanebit3</strong></span> <span class='ocrx_word' id='word_1_66' title='bbox 500 1098 577 1168; x_wconf 89' lang='lat' dir='ltr'><strong>inde</strong></span> <span class='ocrx_word' id='word_1_67' title='bbox 594 1119 671 1166; x_wconf 82' lang='lat' dir='ltr'><strong>rere</strong></span> <span class='ocrx_word' id='word_1_68' title='bbox 695 1118 810 1168; x_wconf 83' lang='lat' dir='ltr'><strong>versus</strong></span> <span class='ocrx_word' id='word_1_69' title='bbox 833 1101 1017 1188; x_wconf 77' lang='lat' dir='ltr'><strong>aquilonem</strong></span> <span class='ocrx_word' id='word_1_70' title='bbox 1041 1101 1147 1170; x_wconf 85' lang='lat' dir='ltr'><strong>tendit</strong></span> <span class='ocrx_word' id='word_1_71' title='bbox 1170 1123 1228 1190; x_wconf 91' lang='lat' dir='ltr'><strong>per</strong></span> 
     </span>
     <span class='ocr_line' id='line_1_9' title="bbox 19 1207 1227 1296; baseline 0.002 -20"><span class='ocrx_word' id='word_1_72' title='bbox 19 1279 20 1294; x_wconf 48' lang='lat'><strong>,</strong></span> <span class='ocrx_word' id='word_1_73' title='bbox 95 1209 224 1277; x_wconf 74' lang='lat' dir='ltr'><strong>endem</strong></span> <span class='ocrx_word' id='word_1_74' title='bbox 239 1208 339 1276; x_wconf 80' lang='lat' dir='ltr'><strong>viem</strong></span> <span class='ocrx_word' id='word_1_75' title='bbox 365 1207 572 1294; x_wconf 82' lang='lat' dir='ltr'><strong>longitudine</strong></span> <span class='ocrx_word' id='word_1_76' title='bbox 596 1208 694 1276; x_wconf 84' lang='lat' dir='ltr'><strong>trium</strong></span> <span class='ocrx_word' id='word_1_77' title='bbox 705 1209 867 1296; x_wconf 86' lang='lat' dir='ltr'><strong>jugerum,</strong></span> <span class='ocrx_word' id='word_1_78' title='bbox 894 1217 927 1278; x_wconf 89' lang='lat' dir='ltr'><strong>et</strong></span> <span class='ocrx_word' id='word_1_79' title='bbox 948 1211 1038 1278; x_wconf 80' lang='lat' dir='ltr'><strong>venit</strong></span> <span class='ocrx_word' id='word_1_80' title='bbox 1061 1211 1105 1278; x_wconf 79' lang='lat' dir='ltr'><strong>ed</strong></span> <span class='ocrx_word' id='word_1_81' title='bbox 1128 1231 1227 1280; x_wconf 74' lang='lat' dir='ltr'><strong>vnsm</strong></span> 
     </span>
    </p>
   </div>
   <div class='ocr_carea' id='block_1_4' title="bbox 94 1314 1227 1730">
    <p class='ocr_par' dir='ltr' id='par_1_4' title="bbox 94 1314 1227 1730">
     <span class='ocr_line' id='line_1_10' title="bbox 94 1314 1226 1404; baseline 0.004 -21"><span class='ocrx_word' id='word_1_82' title='bbox 94 1317 225 1401; x_wconf 74' lang='lat' dir='ltr'><strong>vineam,</strong></span> <span class='ocrx_word' id='word_1_83' title='bbox 254 1314 451 1384; x_wconf 76' lang='lat' dir='ltr'><strong>ascendens</strong></span> <span class='ocrx_word' id='word_1_84' title='bbox 475 1317 509 1384; x_wconf 93' lang='lat' dir='ltr'><strong>in</strong></span> <span class='ocrx_word' id='word_1_85' title='bbox 535 1315 695 1404; x_wconf 79' lang='lat' dir='ltr'><strong>superiori</strong></span> <span class='ocrx_word' id='word_1_86' title='bbox 720 1316 785 1384; x_wconf 90' lang='lat' dir='ltr'><strong>fine</strong></span> <span class='ocrx_word' id='word_1_87' title='bbox 800 1319 897 1386; x_wconf 85' lang='lat' dir='ltr'><strong>vinee</strong></span> <span class='ocrx_word' id='word_1_88' title='bbox 923 1318 967 1386; x_wconf 79' lang='lat' dir='ltr'><strong>sd</strong></span> <span class='ocrx_word' id='word_1_89' title='bbox 982 1320 1086 1404; x_wconf 82' lang='lat' dir='ltr'><strong>beron,</strong></span> <span class='ocrx_word' id='word_1_90' title='bbox 1112 1319 1168 1388; x_wconf 89' lang='lat' dir='ltr'><strong>vbi</strong></span> <span class='ocrx_word' id='word_1_91' title='bbox 1192 1319 1226 1388; x_wconf 92' lang='lat' dir='ltr'><strong>in</strong></span> 
     </span>
     <span class='ocr_line' id='line_1_11' title="bbox 95 1424 1226 1514; baseline 0.002 -22"><span class='ocrx_word' id='word_1_92' title='bbox 95 1425 219 1494; x_wconf 82' lang='lat' dir='ltr'><strong>sinistro</strong></span> <span class='ocrx_word' id='word_1_93' title='bbox 229 1428 444 1514; x_wconf 76' lang='lat' dir='ltr'><strong>jobagicnes</strong></span> <span class='ocrx_word' id='word_1_94' title='bbox 457 1424 565 1494; x_wconf 82' lang='lat' dir='ltr'><strong>Gastri</strong></span> <span class='ocrx_word' id='word_1_95' title='bbox 575 1434 652 1495; x_wconf 87' lang='lat' dir='ltr'><strong>sunt</strong></span> <span class='ocrx_word' id='word_1_96' title='bbox 666 1427 901 1513; x_wconf 79' lang='lat' dir='ltr'><strong>commetenci3</strong></span> <span class='ocrx_word' id='word_1_97' title='bbox 917 1427 994 1495; x_wconf 91' lang='lat' dir='ltr'><strong>hinc</strong></span> <span class='ocrx_word' id='word_1_98' title='bbox 1008 1446 1085 1495; x_wconf 87' lang='lat' dir='ltr'><strong>vero</strong></span> <span class='ocrx_word' id='word_1_99' title='bbox 1095 1426 1226 1494; x_wconf 88' lang='lat' dir='ltr'><strong>descen·</strong></span> 
     </span>
     <span class='ocr_line' id='line_1_12' title="bbox 96 1531 1227 1622; baseline 0.004 -24"><span class='ocrx_word' id='word_1_100' title='bbox 96 1532 136 1598; x_wconf 85' lang='lat' dir='ltr'><strong>dit</strong></span> <span class='ocrx_word' id='word_1_101' title='bbox 149 1553 208 1620; x_wconf 88' lang='lat' dir='ltr'><strong>per</strong></span> <span class='ocrx_word' id='word_1_102' title='bbox 224 1535 379 1602; x_wconf 87' lang='lat' dir='ltr'><strong>eundem</strong></span> <span class='ocrx_word' id='word_1_103' title='bbox 396 1535 489 1600; x_wconf 86' lang='lat' dir='ltr'><strong>bercn</strong></span> <span class='ocrx_word' id='word_1_104' title='bbox 513 1553 628 1601; x_wconf 83' lang='lat' dir='ltr'><strong>verens</strong></span> <span class='ocrx_word' id='word_1_105' title='bbox 644 1531 812 1618; x_wconf 75' lang='lat' dir='ltr'><strong>orientem,</strong></span> <span class='ocrx_word' id='word_1_106' title='bbox 829 1539 863 1600; x_wconf 89' lang='lat' dir='ltr'><strong>et</strong></span> <span class='ocrx_word' id='word_1_107' title='bbox 877 1531 966 1602; x_wconf 79' lang='lat' dir='ltr'><strong>cedit</strong></span> <span class='ocrx_word' id='word_1_108' title='bbox 980 1533 1025 1600; x_wconf 78' lang='lat' dir='ltr'><strong>sd</strong></span> <span class='ocrx_word' id='word_1_109' title='bbox 1045 1534 1141 1620; x_wconf 70' lang='lat' dir='ltr'><strong>dem,</strong></span> <span class='ocrx_word' id='word_1_110' title='bbox 1167 1554 1227 1622; x_wconf 91' lang='lat' dir='ltr'><strong>per</strong></span> 
     </span>
     <span class='ocr_line' id='line_1_13' title="bbox 95 1638 1226 1730; baseline 0.002 -24"><span class='ocrx_word' id='word_1_111' title='bbox 95 1661 183 1724; x_wconf 77' lang='lat' dir='ltr'><strong>quem</strong></span> <span class='ocrx_word' id='word_1_112' title='bbox 199 1641 302 1709; x_wconf 75' lang='lat' dir='ltr'><strong>vadit</strong></span> <span class='ocrx_word' id='word_1_113' title='bbox 316 1661 438 1709; x_wconf 86' lang='lat' dir='ltr'><strong>versus</strong></span> <span class='ocrx_word' id='word_1_114' title='bbox 454 1640 654 1710; x_wconf 85' lang='lat' dir='ltr'><strong>occidentem</strong></span> <span class='ocrx_word' id='word_1_115' title='bbox 670 1639 764 1706; x_wconf 78' lang='lat' dir='ltr'><strong>iuxta</strong></span> <span class='ocrx_word' id='word_1_116' title='bbox 782 1638 922 1708; x_wconf 87' lang='lat' dir='ltr'><strong>eundem</strong></span> <span class='ocrx_word' id='word_1_117' title='bbox 937 1641 1031 1709; x_wconf 83' lang='lat' dir='ltr'><strong>beron</strong></span> <span class='ocrx_word' id='word_1_118' title='bbox 1045 1661 1107 1730; x_wconf 90' lang='lat' dir='ltr'><strong>per</strong></span> <span class='ocrx_word' id='word_1_119' title='bbox 1126 1641 1226 1728; x_wconf 73' lang='lat' dir='ltr'><strong>longi·</strong></span> 
     </span>
    </p>
   </div>
   <div class='ocr_carea' id='block_1_5' title="bbox 19 1746 1226 1944">
    <p class='ocr_par' dir='ltr' id='par_1_5' title="bbox 19 1746 1226 1946">
     <span class='ocr_line' id='line_1_14' title="bbox 19 1746 1226 1852; baseline 0 -35"><span class='ocrx_word' id='word_1_120' title='bbox 19 1831 20 1852; x_wconf 64' lang='lat'><strong>,</strong></span> <span class='ocrx_word' id='word_1_121' title='bbox 96 1746 237 1818; x_wconf 84' lang='lat' dir='ltr'><strong>tudinem</strong></span> <span class='ocrx_word' id='word_1_122' title='bbox 265 1750 373 1818; x_wconf 82' lang='lat' dir='ltr'><strong>rnins</strong></span> <span class='ocrx_word' id='word_1_123' title='bbox 383 1749 521 1835; x_wconf 84' lang='lat' dir='ltr'><strong>jugeris,</strong></span> <span class='ocrx_word' id='word_1_124' title='bbox 549 1755 582 1816; x_wconf 91' lang='lat' dir='ltr'><strong>ct</strong></span> <span class='ocrx_word' id='word_1_125' title='bbox 597 1749 748 1836; x_wconf 85' lang='lat' dir='ltr'><strong>peruenit</strong></span> <span class='ocrx_word' id='word_1_126' title='bbox 772 1748 818 1815; x_wconf 80' lang='lat' dir='ltr'><strong>od</strong></span> <span class='ocrx_word' id='word_1_127' title='bbox 831 1747 966 1816; x_wconf 86' lang='lat' dir='ltr'><strong>lineium</strong></span> <span class='ocrx_word' id='word_1_128' title='bbox 981 1749 1158 1836; x_wconf 78' lang='lat' dir='ltr'><strong>Zleuatigy</strong></span> <span class='ocrx_word' id='word_1_129' title='bbox 1181 1749 1226 1818; x_wconf 80' lang='lat' dir='ltr'><strong>sd</strong></span> 
     </span>
     <span class='ocr_line' id='line_1_15' title="bbox 95 1851 1224 1944; baseline -0.001 -21.063"><span class='ocrx_word' id='word_1_130' title='bbox 95 1857 228 1924; x_wconf 85' lang='lat' dir='ltr'><strong>eundem</strong></span> <span class='ocrx_word' id='word_1_131' title='bbox 245 1858 363 1942; x_wconf 78' lang='lat' dir='ltr'><strong>berec,</strong></span> <span class='ocrx_word' id='word_1_132' title='bbox 390 1865 424 1924; x_wconf 85' lang='lat' dir='ltr'><strong>et</strong></span> <span class='ocrx_word' id='word_1_133' title='bbox 438 1853 515 1922; x_wconf 91' lang='lat' dir='ltr'><strong>inde</strong></span> <span class='ocrx_word' id='word_1_134' title='bbox 530 1855 638 1942; x_wconf 79' lang='lat' dir='ltr'><strong>vergit</strong></span> <span class='ocrx_word' id='word_1_135' title='bbox 661 1871 776 1924; x_wconf 82' lang='lat' dir='ltr'><strong>versus</strong></span> <span class='ocrx_word' id='word_1_136' title='bbox 792 1851 1002 1940; x_wconf 86' lang='lat' dir='ltr'><strong>occidentem,</strong></span> <span class='ocrx_word' id='word_1_137' title='bbox 1029 1861 1061 1923; x_wconf 87' lang='lat' dir='ltr'><strong>el</strong></span> <span class='ocrx_word' id='word_1_138' title='bbox 1075 1876 1134 1944; x_wconf 91' lang='lat' dir='ltr'><strong>per</strong></span> <span class='ocrx_word' id='word_1_139' title='bbox 1149 1875 1224 1924; x_wconf 85' lang='lat' dir='ltr'><strong>enn-</strong></span> 
     </span>
    </p>
   </div>
   <div class='ocr_carea' id='block_1_6' title="bbox 93 1960 1225 2374">
    <p class='ocr_par' dir='ltr' id='par_1_6' title="bbox 93 1960 1225 2374">
     <span class='ocr_line' id='line_1_16' title="bbox 95 1960 1224 2048; baseline 0.005 -20"><span class='ocrx_word' id='word_1_140' title='bbox 95 1961 161 2029; x_wconf 91' lang='lat' dir='ltr'><strong>dem</strong></span> <span class='ocrx_word' id='word_1_141' title='bbox 176 1962 308 2032; x_wconf 85' lang='lat' dir='ltr'><strong>dictum</strong></span> <span class='ocrx_word' id='word_1_142' title='bbox 325 1963 461 2032; x_wconf 84' lang='lat' dir='ltr'><strong>fluuium</strong></span> <span class='ocrx_word' id='word_1_143' title='bbox 489 1963 579 2030; x_wconf 83' lang='lat' dir='ltr'><strong>cedit</strong></span> <span class='ocrx_word' id='word_1_144' title='bbox 592 1963 637 2030; x_wconf 84' lang='lat' dir='ltr'><strong>ed</strong></span> <span class='ocrx_word' id='word_1_145' title='bbox 653 1962 786 2029; x_wconf 85' lang='lat' dir='ltr'><strong>fluuium</strong></span> <span class='ocrx_word' id='word_1_146' title='bbox 803 1960 1028 2048; x_wconf 79' lang='lat' dir='ltr'><strong>Drcgoendol,</strong></span> <span class='ocrx_word' id='word_1_147' title='bbox 1053 1963 1110 2031; x_wconf 84' lang='lat' dir='ltr'><strong>vbi</strong></span> <span class='ocrx_word' id='word_1_148' title='bbox 1125 1963 1159 2032; x_wconf 91' lang='lat' dir='ltr'><strong>in</strong></span> <span class='ocrx_word' id='word_1_149' title='bbox 1183 1966 1224 2034; x_wconf 90' lang='lat' dir='ltr'><strong>si-</strong></span> 
     </span>
     <span class='ocr_line' id='line_1_17' title="bbox 93 2069 1225 2156; baseline 0.003 -20"><span class='ocrx_word' id='word_1_150' title='bbox 93 2069 187 2139; x_wconf 82' lang='lat' dir='ltr'><strong>nistro</strong></span> <span class='ocrx_word' id='word_1_151' title='bbox 214 2077 411 2140; x_wconf 72' lang='lat' dir='ltr'><strong>castrenses</strong></span> <span class='ocrx_word' id='word_1_152' title='bbox 438 2069 479 2138; x_wconf 91' lang='lat' dir='ltr'><strong>de</strong></span> <span class='ocrx_word' id='word_1_153' title='bbox 503 2071 682 2156; x_wconf 80' lang='lat' dir='ltr'><strong>Zlenstigy</strong></span> <span class='ocrx_word' id='word_1_154' title='bbox 706 2071 833 2138; x_wconf 80' lang='lat' dir='ltr'><strong>hebens</strong></span> <span class='ocrx_word' id='word_1_155' title='bbox 861 2075 1121 2156; x_wconf 80' lang='lat' dir='ltr'><strong>commetaneoe3</strong></span> <span class='ocrx_word' id='word_1_156' title='bbox 1148 2071 1225 2140; x_wconf 88' lang='lat' dir='ltr'><strong>inde</strong></span> 
     </span>
     <span class='ocr_line' id='line_1_18' title="bbox 95 2175 1223 2266; baseline 0.004 -23"><span class='ocrx_word' id='word_1_157' title='bbox 95 2175 261 2247; x_wconf 84' lang='lat' dir='ltr'><strong>descendit</strong></span> <span class='ocrx_word' id='word_1_158' title='bbox 288 2197 410 2247; x_wconf 84' lang='lat' dir='ltr'><strong>verens</strong></span> <span class='ocrx_word' id='word_1_159' title='bbox 434 2179 638 2264; x_wconf 75' lang='lat' dir='ltr'><strong>aquilonem,</strong></span> <span class='ocrx_word' id='word_1_160' title='bbox 667 2185 700 2244; x_wconf 91' lang='lat' dir='ltr'><strong>et</strong></span> <span class='ocrx_word' id='word_1_161' title='bbox 723 2177 816 2246; x_wconf 78' lang='lat' dir='ltr'><strong>vadit</strong></span> <span class='ocrx_word' id='word_1_162' title='bbox 839 2198 898 2266; x_wconf 90' lang='lat' dir='ltr'><strong>per</strong></span> <span class='ocrx_word' id='word_1_163' title='bbox 926 2179 1064 2247; x_wconf 87' lang='lat' dir='ltr'><strong>eundem</strong></span> <span class='ocrx_word' id='word_1_164' title='bbox 1089 2179 1223 2248; x_wconf 84' lang='lat' dir='ltr'><strong>fluuium</strong></span> 
     </span>
     <span class='ocr_line' id='line_1_19' title="bbox 96 2285 1223 2374; baseline 0.004 -24"><span class='ocrx_word' id='word_1_165' title='bbox 96 2289 241 2372; x_wconf 83' lang='lat' dir='ltr'><strong>superins</strong></span> <span class='ocrx_word' id='word_1_166' title='bbox 258 2288 307 2356; x_wconf 81' lang='lat' dir='ltr'><strong>nd</strong></span> <span class='ocrx_word' id='word_1_167' title='bbox 322 2287 442 2371; x_wconf 87' lang='lat' dir='ltr'><strong>locum,</strong></span> <span class='ocrx_word' id='word_1_168' title='bbox 468 2286 524 2354; x_wconf 86' lang='lat' dir='ltr'><strong>vbi</strong></span> <span class='ocrx_word' id='word_1_169' title='bbox 539 2285 657 2354; x_wconf 87' lang='lat' dir='ltr'><strong>fluuius</strong></span> <span class='ocrx_word' id='word_1_170' title='bbox 671 2285 805 2374; x_wconf 82' lang='lat' dir='ltr'><strong>Zcopne</strong></span> <span class='ocrx_word' id='word_1_171' title='bbox 829 2285 918 2354; x_wconf 80' lang='lat' dir='ltr'><strong>cedit</strong></span> <span class='ocrx_word' id='word_1_172' title='bbox 943 2285 977 2353; x_wconf 92' lang='lat' dir='ltr'><strong>in</strong></span> <span class='ocrx_word' id='word_1_173' title='bbox 991 2285 1125 2354; x_wconf 87' lang='lat' dir='ltr'><strong>flnninm</strong></span> <span class='ocrx_word' id='word_1_174' title='bbox 1141 2289 1223 2355; x_wconf 80' lang='lat' dir='ltr'><strong>Drs-</strong></span> 
     </span>
    </p>
   </div>
   <div class='ocr_carea' id='block_1_7' title="bbox 19 2391 1223 2590">
    <p class='ocr_par' dir='ltr' id='par_1_7' title="bbox 19 2391 1223 2590">
     <span class='ocr_line' id='line_1_20' title="bbox 19 2391 1222 2482; baseline -0.002 -20"><span class='ocrx_word' id='word_1_175' title='bbox 19 2401 20 2436; x_wconf 75' lang='lat'><em>³</em></span> <span class='ocrx_word' id='word_1_176' title='bbox 95 2393 248 2480; x_wconf 75' lang='lat' dir='ltr'><strong>gusndel,</strong></span> <span class='ocrx_word' id='word_1_177' title='bbox 279 2401 315 2462; x_wconf 88' lang='lat' dir='ltr'><strong>et</strong></span> <span class='ocrx_word' id='word_1_178' title='bbox 329 2394 419 2461; x_wconf 88' lang='lat' dir='ltr'><strong>inter</strong></span> <span class='ocrx_word' id='word_1_179' title='bbox 441 2391 608 2482; x_wconf 86' lang='lat' dir='ltr'><strong>predictos</strong></span> <span class='ocrx_word' id='word_1_180' title='bbox 632 2392 749 2461; x_wconf 85' lang='lat' dir='ltr'><strong>fluuios</strong></span> <span class='ocrx_word' id='word_1_181' title='bbox 765 2391 879 2460; x_wconf 85' lang='lat' dir='ltr'><strong>exiens</strong></span> <span class='ocrx_word' id='word_1_182' title='bbox 901 2393 1048 2460; x_wconf 77' lang='lat' dir='ltr'><strong>escendit</strong></span> <span class='ocrx_word' id='word_1_183' title='bbox 1066 2393 1101 2460; x_wconf 92' lang='lat' dir='ltr'><strong>in</strong></span> <span class='ocrx_word' id='word_1_184' title='bbox 1117 2393 1222 2480; x_wconf 80' lang='lat' dir='ltr'><strong>beron,</strong></span> 
     </span>
     <span class='ocr_line' id='line_1_21' title="bbox 19 2495 1223 2590; baseline 0 -22"><span class='ocrx_word' id='word_1_185' title='bbox 19 2495 20 2568; x_wconf 77' lang='lat' dir='ltr'>J</span> <span class='ocrx_word' id='word_1_186' title='bbox 95 2506 123 2566; x_wconf 85' lang='lat' dir='ltr'><strong>et</strong></span> <span class='ocrx_word' id='word_1_187' title='bbox 136 2503 229 2570; x_wconf 74' lang='lat' dir='ltr'><strong>redit</strong></span> <span class='ocrx_word' id='word_1_188' title='bbox 245 2521 308 2590; x_wconf 88' lang='lat' dir='ltr'><strong>per</strong></span> <span class='ocrx_word' id='word_1_189' title='bbox 326 2500 567 2588; x_wconf 85' lang='lat' dir='ltr'><strong>longitudinem</strong></span> <span class='ocrx_word' id='word_1_190' title='bbox 577 2507 716 2586; x_wconf 78' lang='lat' dir='ltr'><strong>quatuor</strong></span> <span class='ocrx_word' id='word_1_191' title='bbox 724 2501 876 2587; x_wconf 80' lang='lat' dir='ltr'><strong>jugerum</strong></span> <span class='ocrx_word' id='word_1_192' title='bbox 885 2499 1076 2588; x_wconf 86' lang='lat' dir='ltr'><strong>peruenicns</strong></span> <span class='ocrx_word' id='word_1_193' title='bbox 1094 2499 1139 2568; x_wconf 82' lang='lat' dir='ltr'><strong>cd</strong></span> <span class='ocrx_word' id='word_1_194' title='bbox 1154 2520 1223 2570; x_wconf 87' lang='lat' dir='ltr'><strong>ver·</strong></span> 
     </span>
    </p>
   </div>
   <div class='ocr_carea' id='block_1_8' title="bbox 93 2605 1222 2806">
    <p class='ocr_par' dir='ltr' id='par_1_8' title="bbox 93 2605 1222 2806">
     <span class='ocr_line' id='line_1_22' title="bbox 93 2605 1221 2694; baseline 0.003 -18"><span class='ocrx_word' id='word_1_195' title='bbox 93 2610 181 2678; x_wconf 81' lang='lat' dir='ltr'><strong>dcem</strong></span> <span class='ocrx_word' id='word_1_196' title='bbox 198 2609 357 2680; x_wconf 86' lang='lat' dir='ltr'><strong>eiusdem</strong></span> <span class='ocrx_word' id='word_1_197' title='bbox 374 2610 478 2692; x_wconf 82' lang='lat' dir='ltr'><strong>beron,</strong></span> <span class='ocrx_word' id='word_1_198' title='bbox 504 2608 561 2674; x_wconf 86' lang='lat' dir='ltr'><strong>vbi</strong></span> <span class='ocrx_word' id='word_1_199' title='bbox 576 2614 627 2676; x_wconf 85' lang='lat' dir='ltr'><strong>est</strong></span> <span class='ocrx_word' id='word_1_200' title='bbox 641 2614 730 2674; x_wconf 85' lang='lat' dir='ltr'><strong>mete</strong></span> <span class='ocrx_word' id='word_1_201' title='bbox 745 2613 871 2694; x_wconf 70' lang='lat' dir='ltr'><strong>terres,</strong></span> <span class='ocrx_word' id='word_1_202' title='bbox 897 2605 973 2674; x_wconf 90' lang='lat' dir='ltr'><strong>inde</strong></span> <span class='ocrx_word' id='word_1_203' title='bbox 987 2608 1092 2678; x_wconf 86' lang='lat' dir='ltr'><strong>tendit</strong></span> <span class='ocrx_word' id='word_1_204' title='bbox 1106 2629 1221 2678; x_wconf 83' lang='lat' dir='ltr'><strong>versus</strong></span> 
     </span>
     <span class='ocr_line' id='line_1_23' title="bbox 94 2715 1222 2806; baseline 0.004 -22"><span class='ocrx_word' id='word_1_205' title='bbox 94 2717 261 2804; x_wconf 86' lang='lat' dir='ltr'><strong>orientem,</strong></span> <span class='ocrx_word' id='word_1_206' title='bbox 280 2722 317 2786; x_wconf 86' lang='lat' dir='ltr'><strong>et</strong></span> <span class='ocrx_word' id='word_1_207' title='bbox 333 2715 503 2784; x_wconf 88' lang='lat' dir='ltr'><strong>descendit</strong></span> <span class='ocrx_word' id='word_1_208' title='bbox 516 2715 562 2782; x_wconf 82' lang='lat' dir='ltr'><strong>ed</strong></span> <span class='ocrx_word' id='word_1_209' title='bbox 576 2715 758 2803; x_wconf 85' lang='lat' dir='ltr'><strong>predictum</strong></span> <span class='ocrx_word' id='word_1_210' title='bbox 773 2715 908 2784; x_wconf 87' lang='lat' dir='ltr'><strong>fluuium</strong></span> <span class='ocrx_word' id='word_1_211' title='bbox 917 2715 1060 2806; x_wconf 84' lang='lat' dir='ltr'><strong>Zcopne,</strong></span> <span class='ocrx_word' id='word_1_212' title='bbox 1078 2724 1112 2785; x_wconf 86' lang='lat' dir='ltr'><strong>et</strong></span> <span class='ocrx_word' id='word_1_213' title='bbox 1120 2725 1222 2788; x_wconf 68' lang='lat' dir='ltr'><strong>mens</strong></span> 
     </span>
    </p>
   </div>
   <div class='ocr_carea' id='block_1_9' title="bbox 20 2822 1227 3236">
    <p class='ocr_par' dir='ltr' id='par_1_9' title="bbox 20 2822 1227 3236">
     <span class='ocr_line' id='line_1_24' title="bbox 20 2822 1222 2912; baseline 0.004 -22"><span class='ocrx_word' id='word_1_214' title='bbox 20 2853 21 2862; x_wconf 46' lang='lat'>¹</span> <span class='ocrx_word' id='word_1_215' title='bbox 92 2825 133 2894; x_wconf 83' lang='lat' dir='ltr'><strong>ito</strong></span> <span class='ocrx_word' id='word_1_216' title='bbox 148 2827 254 2894; x_wconf 84' lang='lat' dir='ltr'><strong>llnnic</strong></span> <span class='ocrx_word' id='word_1_217' title='bbox 282 2823 436 2892; x_wconf 79' lang='lat' dir='ltr'><strong>escendit</strong></span> <span class='ocrx_word' id='word_1_218' title='bbox 459 2843 558 2890; x_wconf 87' lang='lat' dir='ltr'><strong>vnum</strong></span> <span class='ocrx_word' id='word_1_219' title='bbox 573 2823 679 2908; x_wconf 83' lang='lat' dir='ltr'><strong>bercn,</strong></span> <span class='ocrx_word' id='word_1_220' title='bbox 705 2830 739 2890; x_wconf 91' lang='lat' dir='ltr'><strong>et</strong></span> <span class='ocrx_word' id='word_1_221' title='bbox 754 2823 842 2891; x_wconf 79' lang='lat' dir='ltr'><strong>eadit</strong></span> <span class='ocrx_word' id='word_1_222' title='bbox 863 2822 907 2890; x_wconf 85' lang='lat' dir='ltr'><strong>nd</strong></span> <span class='ocrx_word' id='word_1_223' title='bbox 922 2826 1020 2910; x_wconf 67' lang='lat' dir='ltr'><strong>mem,</strong></span> <span class='ocrx_word' id='word_1_224' title='bbox 1045 2847 1108 2912; x_wconf 89' lang='lat' dir='ltr'><strong>qne</strong></span> <span class='ocrx_word' id='word_1_225' title='bbox 1124 2833 1174 2894; x_wconf 88' lang='lat' dir='ltr'><strong>est</strong></span> <span class='ocrx_word' id='word_1_226' title='bbox 1188 2827 1222 2894; x_wconf 91' lang='lat' dir='ltr'><strong>in</strong></span> 
     </span>
     <span class='ocr_line' id='line_1_25' title="bbox 95 2929 1225 3019; baseline 0.003 -20.751"><span class='ocrx_word' id='word_1_227' title='bbox 95 2934 213 3003; x_wconf 79' lang='lat' dir='ltr'><strong>vertice</strong></span> <span class='ocrx_word' id='word_1_228' title='bbox 228 2933 385 3002; x_wconf 85' lang='lat' dir='ltr'><strong>ciusdem</strong></span> <span class='ocrx_word' id='word_1_229' title='bbox 401 2932 506 3019; x_wconf 78' lang='lat' dir='ltr'><strong>berec,</strong></span> <span class='ocrx_word' id='word_1_230' title='bbox 531 2929 567 2998; x_wconf 93' lang='lat' dir='ltr'><strong>in</strong></span> <span class='ocrx_word' id='word_1_231' title='bbox 582 2931 714 2998; x_wconf 87' lang='lat' dir='ltr'><strong>sinistro</strong></span> <span class='ocrx_word' id='word_1_232' title='bbox 733 2931 968 3018; x_wconf 79' lang='lat' dir='ltr'><strong>jobagicnibue</strong></span> <span class='ocrx_word' id='word_1_233' title='bbox 992 2931 1098 3002; x_wconf 80' lang='lat' dir='ltr'><strong>Osstri</strong></span> <span class='ocrx_word' id='word_1_234' title='bbox 1123 2953 1225 3002; x_wconf 83' lang='lat' dir='ltr'><strong>rems·</strong></span> 
     </span>
     <span class='ocr_line' id='line_1_26' title="bbox 96 3037 1225 3128; baseline 0.002 -21.874"><span class='ocrx_word' id='word_1_235' title='bbox 96 3041 269 3125; x_wconf 79' lang='lat' dir='ltr'><strong>nentibns3</strong></span> <span class='ocrx_word' id='word_1_236' title='bbox 285 3039 367 3108; x_wconf 93' lang='lat' dir='ltr'><strong>inde</strong></span> <span class='ocrx_word' id='word_1_237' title='bbox 381 3037 491 3128; x_wconf 79' lang='lat' dir='ltr'><strong>pergit</strong></span> <span class='ocrx_word' id='word_1_238' title='bbox 505 3057 619 3106; x_wconf 87' lang='lat' dir='ltr'><strong>versus</strong></span> <span class='ocrx_word' id='word_1_239' title='bbox 629 3039 798 3107; x_wconf 86' lang='lat' dir='ltr'><strong>meridiem</strong></span> <span class='ocrx_word' id='word_1_240' title='bbox 814 3059 874 3126; x_wconf 91' lang='lat' dir='ltr'><strong>per</strong></span> <span class='ocrx_word' id='word_1_241' title='bbox 883 3039 1022 3107; x_wconf 83' lang='lat' dir='ltr'><strong>eandem</strong></span> <span class='ocrx_word' id='word_1_242' title='bbox 1032 3039 1121 3108; x_wconf 80' lang='lat' dir='ltr'><strong>viem</strong></span> <span class='ocrx_word' id='word_1_243' title='bbox 1136 3041 1225 3108; x_wconf 80' lang='lat' dir='ltr'><strong>bons</strong></span> 
     </span>
     <span class='ocr_line' id='line_1_27' title="bbox 94 3145 1227 3236; baseline 0.002 -22.816"><span class='ocrx_word' id='word_1_244' title='bbox 94 3147 312 3235; x_wconf 75' lang='lat' dir='ltr'><strong>longitndine,</strong></span> <span class='ocrx_word' id='word_1_245' title='bbox 330 3152 363 3214; x_wconf 87' lang='lat' dir='ltr'><strong>et</strong></span> <span class='ocrx_word' id='word_1_246' title='bbox 377 3145 550 3214; x_wconf 83' lang='lat' dir='ltr'><strong>reuertitur</strong></span> <span class='ocrx_word' id='word_1_247' title='bbox 558 3145 603 3213; x_wconf 80' lang='lat' dir='ltr'><strong>nd</strong></span> <span class='ocrx_word' id='word_1_248' title='bbox 618 3153 739 3213; x_wconf 80' lang='lat' dir='ltr'><strong>metam</strong></span> <span class='ocrx_word' id='word_1_249' title='bbox 748 3145 900 3233; x_wconf 87' lang='lat' dir='ltr'><strong>priorem.</strong></span> <span class='ocrx_word' id='word_1_250' title='bbox 920 3148 1000 3214; x_wconf 87' lang='lat' dir='ltr'><strong>Item</strong></span> <span class='ocrx_word' id='word_1_251' title='bbox 1016 3149 1122 3236; x_wconf 80' lang='lat' dir='ltr'><strong>prime</strong></span> <span class='ocrx_word' id='word_1_252' title='bbox 1137 3155 1227 3216; x_wconf 82' lang='lat' dir='ltr'><strong>mete</strong></span> 
     </span>
    </p>
   </div>
   <div class='ocr_carea' id='block_1_10' title="bbox 93 3252 1226 4644">
    <p class='ocr_par' dir='ltr' id='par_1_10' title="bbox 93 3252 1226 4644">
     <span class='ocr_line' id='line_1_28' title="bbox 93 3252 1225 3342; baseline 0.003 -21"><span class='ocrx_word' id='word_1_253' title='bbox 93 3263 172 3324; x_wconf 89' lang='lat' dir='ltr'><strong>terre</strong></span> <span class='ocrx_word' id='word_1_254' title='bbox 189 3253 423 3340; x_wconf 77' lang='lat' dir='ltr'><strong>Drsguandol,</strong></span> <span class='ocrx_word' id='word_1_255' title='bbox 441 3273 504 3339; x_wconf 86' lang='lat' dir='ltr'><strong>que</strong></span> <span class='ocrx_word' id='word_1_256' title='bbox 520 3257 570 3320; x_wconf 88' lang='lat' dir='ltr'><strong>est</strong></span> <span class='ocrx_word' id='word_1_257' title='bbox 584 3252 807 3336; x_wconf 87' lang='lat' dir='ltr'><strong>Hulmocenis‚</strong></span> <span class='ocrx_word' id='word_1_258' title='bbox 831 3253 946 3339; x_wconf 91' lang='lat' dir='ltr'><strong>incipit</strong></span> <span class='ocrx_word' id='word_1_259' title='bbox 962 3256 1006 3321; x_wconf 84' lang='lat' dir='ltr'><strong>ab</strong></span> <span class='ocrx_word' id='word_1_260' title='bbox 1021 3257 1175 3342; x_wconf 77' lang='lat' dir='ltr'><strong>aquilone</strong></span> <span class='ocrx_word' id='word_1_261' title='bbox 1190 3255 1225 3324; x_wconf 94' lang='lat' dir='ltr'><strong>in</strong></span> 
     </span>
     <span class='ocr_line' id='line_1_29' title="bbox 95 3362 1226 3453; baseline 0.002 -23"><span class='ocrx_word' id='word_1_262' title='bbox 95 3365 200 3453; x_wconf 79' lang='lat' dir='ltr'><strong>sopite</strong></span> <span class='ocrx_word' id='word_1_263' title='bbox 215 3363 319 3432; x_wconf 82' lang='lat' dir='ltr'><strong>vnins</strong></span> <span class='ocrx_word' id='word_1_264' title='bbox 335 3362 436 3450; x_wconf 87' lang='lat' dir='ltr'><strong>putei,</strong></span> <span class='ocrx_word' id='word_1_265' title='bbox 461 3362 516 3448; x_wconf 89' lang='lat' dir='ltr'><strong>qni</strong></span> <span class='ocrx_word' id='word_1_266' title='bbox 532 3365 668 3429; x_wconf 79' lang='lat' dir='ltr'><strong>vocator</strong></span> <span class='ocrx_word' id='word_1_267' title='bbox 682 3368 799 3448; x_wconf 85' lang='lat' dir='ltr'><strong>puteus</strong></span> <span class='ocrx_word' id='word_1_268' title='bbox 817 3362 915 3429; x_wconf 83' lang='lat' dir='ltr'><strong>vallis</strong></span> <span class='ocrx_word' id='word_1_269' title='bbox 931 3363 1122 3451; x_wconf 77' lang='lat' dir='ltr'><strong>Drsgnoni3</strong></span> <span class='ocrx_word' id='word_1_270' title='bbox 1148 3363 1226 3432; x_wconf 92' lang='lat' dir='ltr'><strong>hinc</strong></span> 
     </span>
     <span class='ocr_line' id='line_1_30' title="bbox 94 3467 1221 3557; baseline 0.001 -18"><span class='ocrx_word' id='word_1_271' title='bbox 94 3491 165 3542; x_wconf 85' lang='lat' dir='ltr'><strong>vero</strong></span> <span class='ocrx_word' id='word_1_272' title='bbox 181 3471 295 3540; x_wconf 88' lang='lat' dir='ltr'><strong>tendit</strong></span> <span class='ocrx_word' id='word_1_273' title='bbox 310 3488 424 3538; x_wconf 80' lang='lat' dir='ltr'><strong>versus</strong></span> <span class='ocrx_word' id='word_1_274' title='bbox 441 3467 621 3553; x_wconf 89' lang='lat' dir='ltr'><strong>meridiem,</strong></span> <span class='ocrx_word' id='word_1_275' title='bbox 646 3473 679 3535; x_wconf 88' lang='lat' dir='ltr'><strong>et</strong></span> <span class='ocrx_word' id='word_1_276' title='bbox 694 3468 785 3536; x_wconf 78' lang='lat' dir='ltr'><strong>redit</strong></span> <span class='ocrx_word' id='word_1_277' title='bbox 800 3489 859 3555; x_wconf 90' lang='lat' dir='ltr'><strong>per</strong></span> <span class='ocrx_word' id='word_1_278' title='bbox 884 3490 1013 3538; x_wconf 85' lang='lat' dir='ltr'><strong>cursem</strong></span> <span class='ocrx_word' id='word_1_279' title='bbox 1039 3492 1124 3557; x_wconf 84' lang='lat' dir='ltr'><strong>oque</strong></span> <span class='ocrx_word' id='word_1_280' title='bbox 1143 3473 1221 3540; x_wconf 87' lang='lat' dir='ltr'><strong>eius·</strong></span> 
     </span>
     <span class='ocr_line' id='line_1_31' title="bbox 95 3576 1225 3668; baseline 0.002 -22"><span class='ocrx_word' id='word_1_281' title='bbox 95 3580 162 3648; x_wconf 87' lang='lat' dir='ltr'><strong>dem</strong></span> <span class='ocrx_word' id='word_1_282' title='bbox 178 3579 290 3668; x_wconf 87' lang='lat' dir='ltr'><strong>putei,</strong></span> <span class='ocrx_word' id='word_1_283' title='bbox 308 3583 341 3644; x_wconf 86' lang='lat' dir='ltr'><strong>et</strong></span> <span class='ocrx_word' id='word_1_284' title='bbox 352 3577 510 3664; x_wconf 85' lang='lat' dir='ltr'><strong>peruenit,</strong></span> <span class='ocrx_word' id='word_1_285' title='bbox 526 3577 582 3644; x_wconf 86' lang='lat' dir='ltr'><strong>vbi</strong></span> <span class='ocrx_word' id='word_1_286' title='bbox 599 3576 687 3644; x_wconf 82' lang='lat' dir='ltr'><strong>cedit</strong></span> <span class='ocrx_word' id='word_1_287' title='bbox 703 3577 912 3648; x_wconf 81' lang='lat' dir='ltr'><strong>eltcrflunius</strong></span> <span class='ocrx_word' id='word_1_288' title='bbox 928 3580 972 3646; x_wconf 85' lang='lat' dir='ltr'><strong>cd</strong></span> <span class='ocrx_word' id='word_1_289' title='bbox 984 3600 1104 3666; x_wconf 74' lang='lat' dir='ltr'><strong>equam</strong></span> <span class='ocrx_word' id='word_1_290' title='bbox 1120 3579 1225 3668; x_wconf 84' lang='lat' dir='ltr'><strong>ipsius</strong></span> 
     </span>
     <span class='ocr_line' id='line_1_32' title="bbox 94 3682 1223 3776; baseline 0.002 -19"><span class='ocrx_word' id='word_1_291' title='bbox 94 3689 182 3776; x_wconf 87' lang='lat' dir='ltr'><strong>putei</strong></span> <span class='ocrx_word' id='word_1_292' title='bbox 201 3689 240 3756; x_wconf 93' lang='lat' dir='ltr'><strong>in</strong></span> <span class='ocrx_word' id='word_1_293' title='bbox 259 3685 374 3753; x_wconf 84' lang='lat' dir='ltr'><strong>dextro</strong></span> <span class='ocrx_word' id='word_1_294' title='bbox 389 3690 478 3751; x_wconf 84' lang='lat' dir='ltr'><strong>terro</strong></span> <span class='ocrx_word' id='word_1_295' title='bbox 494 3682 603 3752; x_wconf 80' lang='lat' dir='ltr'><strong>(lastri</strong></span> <span class='ocrx_word' id='word_1_296' title='bbox 625 3693 832 3771; x_wconf 73' lang='lat' dir='ltr'><strong>remanente,</strong></span> <span class='ocrx_word' id='word_1_297' title='bbox 858 3687 934 3754; x_wconf 91' lang='lat' dir='ltr'><strong>hinc</strong></span> <span class='ocrx_word' id='word_1_298' title='bbox 950 3689 1095 3756; x_wconf 83' lang='lat' dir='ltr'><strong>declinet</strong></span> <span class='ocrx_word' id='word_1_299' title='bbox 1109 3709 1223 3758; x_wconf 86' lang='lat' dir='ltr'><strong>versus</strong></span> 
     </span>
     <span class='ocr_line' id='line_1_33' title="bbox 95 3794 1224 3884; baseline -0.001 -18"><span class='ocrx_word' id='word_1_300' title='bbox 95 3799 294 3884; x_wconf 82' lang='lat' dir='ltr'><strong>squilonem,</strong></span> <span class='ocrx_word' id='word_1_301' title='bbox 313 3802 346 3863; x_wconf 83' lang='lat' dir='ltr'><strong>et</strong></span> <span class='ocrx_word' id='word_1_302' title='bbox 362 3794 453 3862; x_wconf 79' lang='lat' dir='ltr'><strong>vadit</strong></span> <span class='ocrx_word' id='word_1_303' title='bbox 468 3795 561 3861; x_wconf 77' lang='lat' dir='ltr'><strong>iuxta</strong></span> <span class='ocrx_word' id='word_1_304' title='bbox 575 3800 695 3862; x_wconf 81' lang='lat' dir='ltr'><strong>terrem</strong></span> <span class='ocrx_word' id='word_1_305' title='bbox 707 3795 892 3882; x_wconf 87' lang='lat' dir='ltr'><strong>Sporccnie,</strong></span> <span class='ocrx_word' id='word_1_306' title='bbox 910 3804 943 3864; x_wconf 86' lang='lat' dir='ltr'><strong>et</strong></span> <span class='ocrx_word' id='word_1_307' title='bbox 960 3797 1109 3864; x_wconf 86' lang='lat' dir='ltr'><strong>escendit</strong></span> <span class='ocrx_word' id='word_1_308' title='bbox 1125 3816 1224 3883; x_wconf 89' lang='lat' dir='ltr'><strong>super</strong></span> 
     </span>
     <span class='ocr_line' id='line_1_34' title="bbox 94 3901 1224 3991; baseline -0.004 -16"><span class='ocrx_word' id='word_1_309' title='bbox 94 3906 197 3991; x_wconf 83' lang='lat' dir='ltr'><strong>beron,</strong></span> <span class='ocrx_word' id='word_1_310' title='bbox 225 3912 262 3972; x_wconf 84' lang='lat' dir='ltr'><strong>et</strong></span> <span class='ocrx_word' id='word_1_311' title='bbox 285 3902 376 3970; x_wconf 84' lang='lat' dir='ltr'><strong>venit</strong></span> <span class='ocrx_word' id='word_1_312' title='bbox 391 3901 434 3969; x_wconf 80' lang='lat' dir='ltr'><strong>od</strong></span> <span class='ocrx_word' id='word_1_313' title='bbox 453 3909 598 3970; x_wconf 76' lang='lat' dir='ltr'><strong>terream</strong></span> <span class='ocrx_word' id='word_1_314' title='bbox 617 3910 738 3970; x_wconf 88' lang='lat' dir='ltr'><strong>metam</strong></span> <span class='ocrx_word' id='word_1_315' title='bbox 762 3903 901 3991; x_wconf 81' lang='lat' dir='ltr'><strong>predicti</strong></span> <span class='ocrx_word' id='word_1_316' title='bbox 925 3904 1121 3991; x_wconf 89' lang='lat' dir='ltr'><strong>Sporccnis;</strong></span> <span class='ocrx_word' id='word_1_317' title='bbox 1147 3903 1224 3972; x_wconf 91' lang='lat' dir='ltr'><strong>hinc</strong></span> 
     </span>
     <span class='ocr_line' id='line_1_35' title="bbox 96 4009 1223 4098; baseline -0.001 -19"><span class='ocrx_word' id='word_1_318' title='bbox 96 4013 245 4098; x_wconf 86' lang='lat' dir='ltr'><strong>procedit</strong></span> <span class='ocrx_word' id='word_1_319' title='bbox 260 4011 305 4078; x_wconf 83' lang='lat' dir='ltr'><strong>ed</strong></span> <span class='ocrx_word' id='word_1_320' title='bbox 315 4017 435 4078; x_wconf 81' lang='lat' dir='ltr'><strong>metam</strong></span> <span class='ocrx_word' id='word_1_321' title='bbox 451 4017 610 4096; x_wconf 71' lang='lat' dir='ltr'><strong>terream,</strong></span> <span class='ocrx_word' id='word_1_322' title='bbox 628 4010 703 4078; x_wconf 90' lang='lat' dir='ltr'><strong>hine</strong></span> <span class='ocrx_word' id='word_1_323' title='bbox 714 4011 864 4078; x_wconf 81' lang='lat' dir='ltr'><strong>ascendit</strong></span> <span class='ocrx_word' id='word_1_324' title='bbox 878 4011 923 4077; x_wconf 80' lang='lat' dir='ltr'><strong>sd</strong></span> <span class='ocrx_word' id='word_1_325' title='bbox 934 4027 1033 4078; x_wconf 82' lang='lat' dir='ltr'><strong>vnum</strong></span> <span class='ocrx_word' id='word_1_326' title='bbox 1047 4009 1223 4078; x_wconf 86' lang='lat' dir='ltr'><strong>rotundum</strong></span> 
     </span>
     <span class='ocr_line' id='line_1_36' title="bbox 96 4119 1222 4210; baseline -0.004 -20"><span class='ocrx_word' id='word_1_327' title='bbox 96 4123 283 4210; x_wconf 73' lang='lat' dir='ltr'><strong>lapidosum</strong></span> <span class='ocrx_word' id='word_1_328' title='bbox 308 4121 540 4205; x_wconf 74' lang='lat' dir='ltr'><strong>monticulum,</strong></span> <span class='ocrx_word' id='word_1_329' title='bbox 564 4121 641 4188; x_wconf 89' lang='lat' dir='ltr'><strong>inde</strong></span> <span class='ocrx_word' id='word_1_330' title='bbox 658 4119 827 4188; x_wconf 86' lang='lat' dir='ltr'><strong>descendit</strong></span> <span class='ocrx_word' id='word_1_331' title='bbox 851 4121 895 4188; x_wconf 81' lang='lat' dir='ltr'><strong>od</strong></span> <span class='ocrx_word' id='word_1_332' title='bbox 911 4139 1009 4188; x_wconf 82' lang='lat' dir='ltr'><strong>vnsm</strong></span> <span class='ocrx_word' id='word_1_333' title='bbox 1035 4119 1222 4208; x_wconf 83' lang='lat' dir='ltr'><strong>planiciem,</strong></span> 
     </span>
     <span class='ocr_line' id='line_1_37' title="bbox 97 4228 1222 4315; baseline -0.003 -17"><span class='ocrx_word' id='word_1_334' title='bbox 97 4230 297 4301; x_wconf 80' lang='lat' dir='ltr'><strong>ctasccndit</strong></span> <span class='ocrx_word' id='word_1_335' title='bbox 312 4229 413 4298; x_wconf 80' lang='lat' dir='ltr'><strong>elium</strong></span> <span class='ocrx_word' id='word_1_336' title='bbox 429 4229 568 4298; x_wconf 90' lang='lat' dir='ltr'><strong>similem</strong></span> <span class='ocrx_word' id='word_1_337' title='bbox 586 4229 804 4315; x_wconf 82' lang='lat' dir='ltr'><strong>monticulum,</strong></span> <span class='ocrx_word' id='word_1_338' title='bbox 831 4237 865 4298; x_wconf 90' lang='lat' dir='ltr'><strong>et</strong></span> <span class='ocrx_word' id='word_1_339' title='bbox 879 4229 954 4297; x_wconf 89' lang='lat' dir='ltr'><strong>hine</strong></span> <span class='ocrx_word' id='word_1_340' title='bbox 971 4228 1140 4296; x_wconf 81' lang='lat' dir='ltr'><strong>deseendit</strong></span> <span class='ocrx_word' id='word_1_341' title='bbox 1156 4248 1222 4295; x_wconf 82' lang='lat' dir='ltr'><strong>ms·</strong></span> 
     </span>
     <span class='ocr_line' id='line_1_38' title="bbox 96 4335 1222 4426; baseline -0.003 -19"><span class='ocrx_word' id='word_1_342' title='bbox 96 4360 194 4424; x_wconf 76' lang='lat' dir='ltr'><strong>gnum</strong></span> <span class='ocrx_word' id='word_1_343' title='bbox 210 4347 366 4423; x_wconf 88' lang='lat' dir='ltr'><strong>montem,</strong></span> <span class='ocrx_word' id='word_1_344' title='bbox 384 4343 417 4405; x_wconf 87' lang='lat' dir='ltr'><strong>et</strong></span> <span class='ocrx_word' id='word_1_345' title='bbox 431 4337 581 4426; x_wconf 88' lang='lat' dir='ltr'><strong>peruenit</strong></span> <span class='ocrx_word' id='word_1_346' title='bbox 591 4335 635 4404; x_wconf 82' lang='lat' dir='ltr'><strong>ad</strong></span> <span class='ocrx_word' id='word_1_347' title='bbox 645 4343 764 4405; x_wconf 78' lang='lat' dir='ltr'><strong>metam</strong></span> <span class='ocrx_word' id='word_1_348' title='bbox 774 4345 926 4423; x_wconf 74' lang='lat' dir='ltr'><strong>terream,</strong></span> <span class='ocrx_word' id='word_1_349' title='bbox 946 4337 1095 4404; x_wconf 81' lang='lat' dir='ltr'><strong>adextro</strong></span> <span class='ocrx_word' id='word_1_350' title='bbox 1112 4343 1222 4404; x_wconf 80' lang='lat' dir='ltr'><strong>sulem</strong></span> 
     </span>
     <span class='ocr_line' id='line_1_39' title="bbox 94 4444 1223 4533; baseline -0.003 -19"><span class='ocrx_word' id='word_1_351' title='bbox 94 4447 321 4533; x_wconf 82' lang='lat' dir='ltr'><strong>iobegicnibns</strong></span> <span class='ocrx_word' id='word_1_352' title='bbox 354 4444 467 4512; x_wconf 80' lang='lat' dir='ltr'><strong>(lestri</strong></span> <span class='ocrx_word' id='word_1_353' title='bbox 491 4447 753 4531; x_wconf 79' lang='lat' dir='ltr'><strong>remanentibus3</strong></span> <span class='ocrx_word' id='word_1_354' title='bbox 779 4445 856 4513; x_wconf 88' lang='lat' dir='ltr'><strong>inde</strong></span> <span class='ocrx_word' id='word_1_355' title='bbox 880 4465 957 4513; x_wconf 86' lang='lat' dir='ltr'><strong>vero</strong></span> <span class='ocrx_word' id='word_1_356' title='bbox 983 4444 1087 4512; x_wconf 86' lang='lat' dir='ltr'><strong>tendit</strong></span> <span class='ocrx_word' id='word_1_357' title='bbox 1107 4463 1223 4512; x_wconf 84' lang='lat' dir='ltr'><strong>versus</strong></span> 
     </span>
     <span class='ocr_line' id='line_1_40' title="bbox 94 4553 1223 4644; baseline -0.004 -20"><span class='ocrx_word' id='word_1_358' title='bbox 94 4553 306 4644; x_wconf 85' lang='lat' dir='ltr'><strong>occidentem,</strong></span> <span class='ocrx_word' id='word_1_359' title='bbox 323 4560 357 4624; x_wconf 90' lang='lat' dir='ltr'><strong>et</strong></span> <span class='ocrx_word' id='word_1_360' title='bbox 370 4553 462 4624; x_wconf 75' lang='lat' dir='ltr'><strong>vadit</strong></span> <span class='ocrx_word' id='word_1_361' title='bbox 472 4575 530 4644; x_wconf 89' lang='lat' dir='ltr'><strong>per</strong></span> <span class='ocrx_word' id='word_1_362' title='bbox 541 4554 680 4622; x_wconf 88' lang='lat' dir='ltr'><strong>eundem</strong></span> <span class='ocrx_word' id='word_1_363' title='bbox 692 4558 843 4641; x_wconf 88' lang='lat' dir='ltr'><strong>montem,</strong></span> <span class='ocrx_word' id='word_1_364' title='bbox 861 4561 893 4622; x_wconf 85' lang='lat' dir='ltr'><strong>et</strong></span> <span class='ocrx_word' id='word_1_365' title='bbox 901 4555 1051 4640; x_wconf 85' lang='lat' dir='ltr'><strong>peruenit</strong></span> <span class='ocrx_word' id='word_1_366' title='bbox 1061 4553 1104 4620; x_wconf 85' lang='lat' dir='ltr'><strong>cd</strong></span> <span class='ocrx_word' id='word_1_367' title='bbox 1114 4554 1223 4621; x_wconf 77' lang='lat' dir='ltr'><strong>albem</strong></span> 
     </span>
    </p>
   </div>
   <div class='ocr_carea' id='block_1_11' title="bbox 0 0 1556 5160">
    <p class='ocr_par' dir='ltr' id='par_1_11' title="bbox 0 0 1556 5160">
     <span class='ocr_line' id='line_1_41' title="bbox 0 0 1556 5160; baseline 0 0"><span class='ocrx_word' id='word_1_368' title='bbox 0 0 1556 5160; x_wconf 95' lang='lat' dir='ltr'><strong> </strong></span> 
     </span>
    </p>
   </div>
  </div>
 </body>
</html>
