3198 5160
829 241 990 348 *aas*

346 463 411 514 non
427 441 650 512 satisfactione
667 465 812 530 congrua
828 445 1060 531 emendaverit,
1086 444 1262 530 potestatis
1277 441 1480 524 honorisque

346 555 396 620 sui
422 553 583 638 dignitate
608 560 729 640 careat,
755 573 910 639 reamque
935 573 971 622 se
987 553 1106 620 Divino
1132 551 1254 618 iudicio
1278 553 1418 618 existere
1435 550 1480 616 de

346 669 536 748 perpetrata
549 661 720 747 iniquitate
740 669 927 752 cognoscat,
954 671 986 730 et
1002 684 1023 730 a
1039 661 1264 730 sacratissimo
1289 679 1425 746 corpore
1442 666 1477 723 et

345 770 505 853 sanguine
530 769 593 836 Dei
619 777 651 836 et
675 771 807 864 Domini
835 771 1062 858 Redemptorie
1093 767 1195 837 nostri
1220 767 1321 835 Jhesn
1353 766 1476 834 Christi

347 879 456 946 aliena
473 879 538 964 fiat,
567 886 665 962 atque
681 878 715 944 in
731 885 877 946 extremo
894 881 1045 946 examine
1070 877 1216 945 districtc
1232 875 1350 943 ultioni
1366 875 1479 942 subia-

346 991 429 1053 ceat.
455 985 585 1054 Cunctis
602 991 711 1052 autem
727 987 832 1056 eidem
856 988 929 1055 loco
946 1008 1006 1055 sua
1022 991 1096 1054 iura
1116 985 1323 1054 servantibus
1348 985 1392 1050 eit
1407 1005 1476 1068 pax

347 1094 478 1161 Domini
502 1094 605 1161 nostri
629 1097 731 1162 Jhesn
759 1093 889 1180 Christi,
916 1104 1075 1181 quatenus
1101 1105 1134 1162 et
1150 1097 1202 1161 hic
1226 1097 1363 1162 tructam
1391 1093 1478 1160 bone

347 1203 485 1269 actionis
501 1203 695 1289 percipiant,
713 1210 745 1270 et
761 1205 850 1290 apud
860 1205 1041 1272 districtum
1056 1205 1076 1270 J
1081 1205 1206 1271 adicem
1224 1203 1352 1288 premia
1363 1209 1477 1268 eterne

347 1309 440 1400 pacis
454 1310 632 1376 inveniant.
650 1310 765 1379 Amen.
792 1313 911 1378 Daturn
929 1312 1079 1395 Anagnia
1102 1331 1308 1398 permenam
1324 1309 1479 1395 Magistri

347 1417 483 1486 Jordani
508 1420 629 1485 Sancte
651 1420 799 1486 'Romane
823 1421 971 1488 Ecclesia
994 1420 1123 1487 Notarii
1151 1428 1184 1486 ct
1204 1418 1479 1485 vicecancellarii

305 1563 306 1567 =
348 1528 405 1592 lll.
422 1526 495 1593 idue
521 1526 621 1611 lunii,
647 1527 829 1596 Indictionc
844 1531 900 1594 lIl.
927 1529 1167 1595 Inoarnationis
1191 1528 1362 1596 Dominice
1389 1547 1480 1592 anno
1560 1531 1594 1596 ἵ

348 1636 389 1703 M.
401 1633 463 1701 00.
476 1635 545 1700 LX.
552 1685 562 1720 ,
588 1634 798 1705 Pontificatue
825 1659 901 1706 roro
927 1638 1049 1705 domini
1076 1635 1257 1704 Alexandri
1282 1639 1374 1722 Pape
1400 1637 1479 1701 llll.

347 1763 454 1812 annno
474 1751 576 1813 sexto.

350 1925 488 1992 (Tlreiner,
498 1927 599 1978 Vetera
608 1927 786 1981 Monumenta
795 1927 937 1981 Slarorum
947 1929 1164 1980 Meridioualium
1170 1929 1202 1980 V.
1213 1928 1239 1978 h.
1249 1929 1291 1981 te.
1302 1927 1355 1978 1.·-
1371 1927 1482 1982 Parlati

672 2017 810 2082 Illyricum
824 2018 935 2072 Sacrum
949 2019 981 2071 V.
996 2020 1052 2071 kot.
1065 2020 1107 2071 79.
1123 2018 1151 2084 l.)

871 2771 948 2840 376.

351 2955 433 3018 Zeno
456 2954 570 3019 Rooicr
592 2953 737 3019 oelenczcs'
751 2953 891 3040 doyenod
908 2957 1149 3044 pricileyiumo,
1174 2955 1315 3042 mclplpel
1335 2979 1355 3019 α
1372 2955 1483 3020 dhara

354 3161 358 3166 ¹
396 3061 496 3147 pepon
513 3061 652 3126 ceulddot
670 3059 764 3148 Vepla
780 3061 929 3147 ozipetnek
943 3065 1124 3130 timoratos
1140 3065 1320 3152 respordetti.
1335 3065 1434 3128 1260.

442 3254 480 3320 In
491 3255 611 3324 Christi
620 3259 990 3328 nominehmen.Decet
999 3261 1134 3328 cuilibet
1145 3261 1384 3328 Dominationis
1395 3259 1482 3326 arbi-

352 3352 448 3429 trium
465 3365 617 3450 amplecti
632 3367 810 3434 liberaliter
828 3365 873 3456 (l)
890 3371 1063 3455 petitiones
1080 3373 1260 3440 rationibus
1276 3369 1484 3454 devotorum,

354 3471 1483 3566 eoeprecipncodexauditionisgratiam,admittondaquenonminus

354 3578 561 3663 regnantium
577 3581 701 3670 laudes,
719 3607 804 3669 quae
819 3595 973 3655 eteorum
990 3589 1158 3657 commoda
1169 3591 1347 3658 ethonoree
1364 3588 1482 3675 digno-

351 3693 493 3756 ecnutur.
505 3689 590 3756 Hinc
606 3695 663 3778 est,
682 3694 769 3774 quod
785 3714 842 3761 noe
859 3697 1022 3781 Raynerio
1035 3698 1126 3766 Ceno
1137 3699 1199 3763 Dei
1209 3699 1318 3782 gratia
1328 3695 1484 3764 Venetia-

352 3815 422 3864 rmn
438 3803 470 3864 et
480 3797 665 3866 Dalmatiae
681 3807 777 3886 atque
787 3802 939 3872 Orcadas
954 3807 1040 3892 Dux,
1058 3808 1215 3873 Dominus
1226 3811 1364 3890 quartae
1375 3805 1482 3890 partie

354 3911 386 3968 et
402 3902 535 3972 dimidie
549 3907 787 3996 totioslmperii
806 3913 995 4000 Romaniae,
1020 3935 1091 3982 cum
1108 3915 1226 3983 nostris
1246 3913 1431 3996 lodicibus,
1450 3921 1483 3978 et

356 4011 566 4098 sapientibus
574 4017 696 4084 nostris
710 4015 751 4084 dc
763 4021 892 4107 llajori,
904 4031 937 4089 et
946 4023 1062 4090 Minori
1073 4033 1185 4090 nostro
1195 4021 1351 4104 Consilio,
1367 4029 1402 4087 et
1418 4017 1481 4087 eol-

352 4117 541 4188 laudatione
547 4123 661 4208 populi
671 4127 705 4192 iu
715 4129 846 4214 publica
856 4133 1024 4218 concione;
1037 4123 1239 4200 attendentes
1244 4153 1360 4218 puram
1372 4132 1479 4214 tidem,

353 4233 385 4294 et
395 4235 517 4296 rectam
527 4227 847 4323 devotionem,quam
857 4243 983 4326 egregii
994 4242 1054 4309 riri
1065 4245 1220 4328 loannes,
1228 4243 1345 4329 (luido,
1355 4252 1388 4311 et
1397 4225 1481 4311 Hen-

356 4335 459 4419 ricus,
470 4337 548 4404 olim
559 4337 700 4410 Comites
715 4345 849 4432 Voglae,
865 4367 906 4414 ac
918 4352 1060 4436 ipsorum
1076 4352 1346 4437 praedecessores
1363 4353 1408 4420 ad
1418 4375 1476 4421 nos

355 4448 390 4508 et
401 4443 666 4526 praedecessores
677 4461 808 4518 nostros
825 4473 863 4520 ao
879 4454 1022 4524 Comuue
1032 4461 1242 4529 Venetiomm
1255 4445 1414 4534 hactenus
1426 4467 1479 4533 ha-

342 4547 512 4632 ,bueruntr
530 4553 673 4638 ipsorum
690 4556 847 4644 Comitum
864 4565 988 4642 meritis
1005 4567 1221 4656 inspiciendo,
1239 4579 1271 4638 et
1287 4571 1479 4642 benevolen-
