3134 5158
581 360 735 464 ..33⁵-

109 559 219 626 tannes
244 577 286 626 ac
302 556 421 626 iratres
449 558 510 634 sui,
537 565 569 626 et
585 577 695 628 eornm
720 557 857 626 heredes
876 559 1011 644 terciam
1036 568 1163 648 partem
1188 563 1223 630 in

107 666 178 734 licto
203 673 305 753 portu
331 673 488 753 perpetuo
514 665 731 754 possiderent,
757 665 876 754 prelati
901 687 977 737 vero
998 669 1176 754 Dyonisius
1191 677 1224 737 et

106 774 198 862 lybs,
224 794 266 843 ac
282 773 342 861 filij
359 776 511 863 Dyonisij
536 775 675 844 condam
691 774 836 844 Palatini
861 778 948 844 Imre
973 783 1006 844 et
1026 776 1160 863 Samni,
1183 797 1223 845 ac

105 902 202 950 eornm
229 881 381 972 heredes,
408 885 613 972 possiderent
638 889 796 972 perpetuo
823 886 968 971 respuas
992 885 1075 954 duas
1102 889 1222 972 partes.

104 991 145 1058 lta
159 997 282 1074 tamen,
308 992 394 1077 quod
410 994 438 1060 si
454 1001 530 1062 ante
546 993 667 1062 dictam
683 994 818 1061 tercium
835 995 953 1062 festum
976 994 1087 1062 Sancti
1103 993 1222 1062 Jacobi

24 1139 25 1164 t
105 1097 213 1184 prelati
231 1099 401 1167 lohannes
426 1107 459 1167 ct
474 1102 590 1168 iratres
616 1101 665 1168 sni
683 1103 882 1189 superdicto
898 1107 994 1189 portu
1019 1107 1133 1169 eontra
1152 1121 1222 1189 pre-

105 1207 198 1274 dictos
215 1195 411 1292 Dyonisinm
427 1215 459 1274 et
471 1205 608 1294 Tybrim
627 1229 666 1275 ac
676 1209 933 1295 tiliosDyonisiJ,
950 1211 1034 1276 Imre
1049 1213 1082 1276 et
1098 1208 1220 1276 Samud

24 1327 25 1340 ¹
104 1321 263 1382 monerent
275 1315 488 1401 questionem,
504 1323 561 1383 aut
571 1335 628 1384 eos
643 1317 677 1384 in
693 1316 803 1402 aliquo
813 1317 1032 1402 molestarent,
1050 1317 1124 1402 ipso
1134 1315 1220 1384 facto

24 1435 25 1452 ³
103 1423 186 1491 illam
202 1423 339 1490 terciam
355 1430 493 1510 partem,
519 1444 616 1509 qnam
633 1424 755 1490 habere
771 1423 927 1492 deberent
945 1423 1085 1512 predicti
1101 1423 1219 1492 lohan-

24 1577 25 1604 ;
101 1550 151 1598 nes
175 1537 208 1598 et
223 1531 344 1599 iratres
361 1532 441 1617 eius,
468 1553 508 1599 ae
523 1532 660 1600 heredes
685 1552 806 1616 eorum,
824 1535 856 1599 in
876 1540 1065 1621 perpetuum
1091 1533 1218 1599 amitte-

24 1643 25 1652 *
100 1645 181 1724 rent;
198 1638 228 1707 si
245 1647 354 1706 antem
370 1639 676 1726 prelatiDyonisius
691 1647 724 1706 et
738 1639 843 1724 Tyba,
862 1661 901 1706 ac
918 1639 1127 1726 filijDionisij
1144 1659 1217 1706 con-

100 1747 168 1812 dam
183 1746 339 1832 Palatini,
358 1749 443 1814 Imre
458 1755 492 1815 et
507 1747 639 1832 Samud,
658 1755 714 1814 ant
730 1747 865 1816 heredes
891 1768 1011 1833 eornm,
1037 1754 1112 1834 post
1127 1767 1217 1815 reuo-

24 1843 25 1882 ³
100 1855 257 1922 lurionem
289 1856 380 1940 tercij
407 1856 480 1923 festi
504 1857 614 1924 Sancti
639 1857 755 1924 Jacobi
786 1857 948 1943 predictos
973 1857 1154 1926 iohannem
1186 1863 1218 1922 et

99 1963 209 2032 iratres
227 1965 310 2049 eius,
327 1970 385 2032 aut
400 1963 546 2051 heredes,
564 1984 661 2052 snper
671 1965 772 2072 terpia
787 1970 880 2051 parte
896 1965 1115 2048 molestarent,
1131 1962 1220 2048 simi-k

98 2073 166 2140 liter
190 2073 275 2140 duas
292 2079 412 2160 partes,
439 2093 521 2158 quas
538 2073 695 2142 haberent
719 2073 752 2140 in
771 2073 858 2141 dicto
873 2080 980 2161 portu,
1007 2073 1039 2140 in
1059 2076 1216 2158 perpetuo

98 2183 276 2250 amitterent
291 2182 363 2268 ipso
380 2181 476 2249 lacto.
494 2179 599 2259 Quem
615 2179 745 2267 quidem
762 2201 951 2268 processum
970 2181 1135 2268 ipscBela
1147 2181 1217 2246 Rex

100 2289 138 2356 ad
162 2290 358 2358 instanciam
385 2291 531 2377 parcium
557 2309 629 2356 cum
654 2289 889 2357 ratihalticione
913 2291 964 2357 sui
980 2306 1157 2356 consensus
1182 2287 1216 2352 in

99 2400 240 2466 omnibus
255 2401 471 2487 approbasset
487 2400 549 2468 stb.
566 2401 686 2466 Datum
696 2399 785 2466 Bndo
805 2399 1055 2485 quadragesimo
1071 2393 1215 2464 secundo

95 2505 144 2574 die
168 2517 359 2576 omanorum
384 2507 459 2576 testi
484 2509 578 2575 Beati
605 2506 740 2594 Georgij
767 2509 920 2595 martyris
932 2559 940 2592 ,
972 2527 1056 2574 anno
1084 2501 1215 2572 Domini

24 2675 25 2678 ,
95 2617 262 2684 millesimo
281 2616 600 2701 quadringentesimo
617 2635 712 2683 nono.

228 2813 409 2880 (Hiteiesitett
422 2811 555 2866 misolata
568 2829 584 2865 a
597 2814 679 2866 budai
693 2815 744 2866 lrir.
757 2815 880 2866 kamarai
892 2807 1071 2874 leveltirban)

525 3147 775 3158 m

606 3631 682 3698 225.

24 3765 26 3820 ἰ
90 3821 196 3884 ,licitis
212 3815 417 3905 lircilpneirolr
441 3817 617 3900 odomcinpa
644 3812 751 3876 Simon
768 3815 799 3873 cir
820 3808 967 3892 Oltnmei·²
993 3807 1081 3872 Mtte
1097 3807 1212 3872 Miletos

464 3925 530 4006 fici
544 3927 701 3989 estimare.
724 3918 821 3984 1251.

189 4124 259 4191 Nos
268 4121 374 4190 liaria
384 4121 448 4188 Dei
463 4118 580 4204 gracia
595 4115 723 4204 Regina
731 4114 900 4199 Hungarie
915 4111 1072 4195 omnibns,
1092 4111 1209 4192 quibus

86 4241 251 4317 presentes
277 4229 502 4309 ostenduntur,
527 4224 678 4294 volumus
702 4223 772 4291 fleri
798 4221 1016 4306 maniiestum,
1041 4217 1128 4305 quod
1150 4239 1210 4287 nos

86 4339 297 4426 inspicientes
316 4335 457 4404 seruicia
473 4341 506 4403 et
521 4334 697 4402 fidelitates
714 4331 858 4399 fidolium
868 4327 1210 4416 nostroromSymonis

86 4457 115 4514 et
132 4445 334 4516 Oltnmerani
344 4443 392 4534 (i)
408 4443 546 4510 filiorum
562 4441 704 4527 Nicolay
720 4439 809 4509 liilro
835 4439 877 4510 de
891 4439 985 4525 lipsi,
1011 4439 1097 4506 hane
1120 4436 1210 4506 ‹luri-

87 4575 158 4624 mus
172 4553 295 4624 eisdem
321 4549 467 4639 maciem
482 4550 678 4636 faciendam,
696 4547 784 4636 qnod
799 4549 890 4642 ipsos
901 4545 1101 4632 jobagiones
1121 4565 1209 4613 exer·

87 4664 219 4732 citantes
234 4659 471 4746 ordinauimus,
489 4658 647 4728 donantes
664 4655 787 4751 eisdem
804 4657 838 4723 in
854 4655 945 4723 willa
959 4653 1058 4737 Kuuy
1075 4651 1208 4734 triginta
1254 4747 1257 4756 Ι
