3112 5148
529 225 680 334 „Q

52 437 130 520 tegis
143 434 206 502 snb
227 433 363 520 proprio
389 428 539 517 dupplici
563 427 674 512 sigillo
691 425 837 494 eiusdem
854 446 940 494 anno
957 426 1000 492 ab
1017 427 1168 493 lucarna-

53 548 123 612 dene
144 541 287 611 Domini
311 539 489 607 millesimo
514 536 734 604 ducentesimo
759 533 1014 620 quadragesimo
1039 543 1168 619 quarto,

53 655 131 739 Regni
147 659 264 721 autern
275 652 329 718 sui
346 671 433 718 anno
449 669 546 732 nono,
563 653 681 713 octauo
691 642 852 712 kalendas
863 644 1053 711 Decembris
1070 665 1169 730 super·

53 762 178 830 annulis
187 761 345 847 ipsorum
361 757 571 825 libertatibus
583 761 614 822 et
629 753 849 842 prerogatiuis
865 752 984 820 litteris
1001 751 1034 817 in
1044 753 1169 819 eisdem

53 869 188 937 cumulis
206 875 378 955 emanata,
405 865 438 932 in
450 863 576 950 judicio
593 881 703 930 coram
718 867 831 928 nostra
846 859 1017 928 Personali
1037 861 1170 928 Pressu-

53 979 85 1041 rir
105 978 255 1046 exhibite
283 975 445 1042 luissent:
463 993 537 1040 mox
554 969 734 1055 Gregorius
759 967 801 1036 de
819 969 943 1054 Keraly
961 967 995 1034 in
1021 969 1169 1054 personis

53 1085 263 1170 religiosarum
292 1081 499 1150 dominarum
524 1076 820 1147 sanctimonialium
844 1077 878 1144 in
904 1077 1045 1143 claustro
1070 1077 1172 1143 Beate

53 1194 131 1259 llario
142 1191 301 1276 Virginis
316 1189 480 1256 deVeteri
496 1188 589 1254 Buda
604 1185 834 1271 degenerum·
826 1205 860 1251 rn
871 1185 1007 1252 eandem
1027 1191 1173 1253 nostram

19 1300 245 1369 Persoualem
273 1295 467 1382 erm-gendo
483 1296 700 1379 Preseneiarn,
726 1291 887 1380 quosdam
906 1298 974 1362 tres
1000 1293 1169 1377 articulos,

19 1375 21 1464 i
51 1409 146 1476 brtnrn
160 1406 300 1474 scilieet
325 1403 440 1472 tributi
455 1409 489 1469 et
504 1403 694 1487 cibrionum,
721 1421 781 1470 nee
797 1423 861 1470 non
877 1400 1076 1468 domorum
1068 1421 1101 1466 rn
1118 1421 1174 1468 ea·

19 1517 104 1583 den
117 1517 257 1584 ciuitate
273 1521 393 1582 nostra
407 1512 591 1580 teneneium
607 1521 641 1580 et
655 1511 851 1580 babencrum
860 1509 1068 1596 tangentes,
1060 1531 1094 1576 m
1110 1509 1173 1578 eis·

53 1626 105 1690 len
122 1622 246 1691 litteris
275 1618 495 1706 specificatos,
522 1639 560 1687 eo
585 1620 672 1705 quod
691 1618 791 1705 ijdem
817 1626 885 1686 tres
911 1617 1041 1684 articuli
1066 1619 1172 1684 eciam

19 1799 20 1830 ἶ
54 1732 133 1798 linas
147 1731 310 1799 dominas
335 1729 602 1798 sanctimoniales
621 1728 719 1796 certis
734 1747 776 1796 err
791 1725 903 1794 causis
928 1733 1172 1810 concernerent,

19 1835 20 1842 ’
53 1841 165 1924 prelatis
181 1839 389 1908 dominabus
406 1858 463 1925 per
478 1857 539 1908 nos
556 1835 628 1904 dari
644 1837 854 1924 supplicabit.
881 1834 1026 1914 Quorum
1042 1835 1173 1921 quidem

19 1995 20 2042 ,
56 1952 131 2016 niun
146 1948 383 2034 articulorum,
410 1967 492 2034 qnos
508 1947 593 2015 idern
611 1947 687 2015 olim
703 1947 785 2014 bela
799 1948 870 2013 Rex
895 1944 1019 2013 eisdem
1044 1945 1171 2013 ciuibus

19 2061 153 2162 restris
162 2057 383 2125 Budensibus
399 2055 545 2142 contulit,
562 2055 687 2142 primus
703 2053 732 2122 is
748 2060 816 2122 est.
834 2053 936 2140 „Item
951 2053 1038 2122 inira
1052 2054 1172 2122 limites

19 2105 21 2268 i
54 2167 135 2250 begui
149 2166 259 2236 nostri
277 2165 324 2230 ab
340 2163 429 2230 omni
453 2163 582 2250 tributo,
610 2164 706 2231 salua
729 2161 904 2249 tricesima,
932 2168 964 2230 et
983 2163 1113 2231 saluo
1099 2183 1173 2248 Jure

19 2273 177 2342 bernis
194 2271 378 2358 Budensis,
403 2277 558 2355 quantum
575 2271 618 2338 ad
643 2271 764 2339 tributa
791 2271 833 2336 de
848 2270 974 2338 salibus
1000 2270 1173 2357 exigenda,

19 2405 20 2430 r
54 2395 108 2450 sunt
124 2378 298 2468 exempti“
303 2403 311 2463 ;
339 2378 501 2446 secundus
515 2397 592 2446 vero
609 2378 766 2446 articulus
782 2377 829 2445 ita
844 2377 1027 2446 continetur
1043 2401 1051 2444 r
1070 2379 1174 2466 „Item

54 2491 82 2556 ie
95 2491 197 2559 vineis
212 2487 402 2558 eorundem
428 2486 589 2556 cibriones
613 2487 799 2556 nullatenus
824 2486 1029 2574 exigantur“;
1052 2485 1174 2554 tercius

54 2599 194 2682 siquidem
212 2596 381 2664 articulus
391 2595 454 2664 boe
469 2595 565 2664 modo
581 2595 740 2664 hebetur:
760 2597 861 2682 „Item
878 2596 987 2662 nullus
1003 2596 1123 2682 hospes
1133 2613 1174 2661 ex

56 2705 119 2788 ipsis
141 2703 386 2793 possessiones
410 2723 489 2770 suas
505 2703 558 2770 uel
574 2702 688 2772 domos
704 2703 846 2772 vendere
870 2704 982 2772 valeat
1007 2702 1106 2772 alicui
1121 2721 1175 2770 ex·

19 2837 20 2842 ¹
55 2824 156 2900 timeo,
173 2812 244 2881 nisi
261 2813 301 2879 in
317 2811 434 2878 eadem
451 2811 533 2878 villa
547 2811 670 2878 volenti
687 2811 805 2880 amodo
821 2811 989 2899 habitere;
1014 2814 1092 2880 itern
1108 2813 1175 2898 qui-

19 2937 20 3010 3
58 2942 161 3006 :mque
177 2942 224 2989 ex
241 2919 330 3006 ipsis
346 2919 418 2986 sine
434 2917 554 2987 herede
574 2919 763 3004 decesserit,
789 2921 1014 3006 possessiones
1033 2941 1112 2989 suas
1128 2921 1175 2988 di-

60 3029 185 3097 sitiendi
200 3029 403 3096 facultatem
419 3027 549 3112 habeat,
575 3029 628 3094 eui
643 3028 750 3112 volet3
776 3028 854 3096 item
871 3027 1054 3114 quicunque
1071 3049 1111 3096 ex
1128 3028 1175 3096 eis

19 3143 21 3232 l
60 3139 272 3218 umoeaiones
289 3136 416 3222 emerit,
434 3135 536 3222 siper
551 3155 672 3206 annum
689 3141 722 3205 et
737 3135 941 3204 diemnullns
955 3138 1062 3226 ipsum
1079 3157 1177 3224 snper

60 3244 102 3308 'noc
116 3243 319 3333 impedierit,
335 3242 377 3310 de
391 3250 567 3312 ceteroeas
583 3244 653 3314 sine
674 3243 935 3314 contradiecione
945 3245 1057 3332 aliqua
1075 3247 1178 3333 possi-

19 3343 20 3390 i
63 3349 117 3418 eeu
129 3354 277 3440 pacifice
293 3359 328 3418 et
354 3351 492 3437 quiete.“
511 3353 605 3420 Vnde
622 3373 682 3424 nos
708 3353 987 3442 supplicaciouem
1002 3352 1081 3420 dicti
1100 3355 1177 3424 Gre·

64 3463 126 3547 mrij
139 3461 182 3529 de
199 3460 336 3546 Keraly
359 3461 481 3545 jnstanr
507 3469 540 3528 et
549 3461 618 3547 juri
643 3460 840 3547 condignam
864 3461 933 3531 iore
952 3469 1176 3547 agnoscentes,

62 3571 194 3638 buculos
211 3574 387 3656 pretectos
411 3569 445 3634 in
461 3569 557 3638 dietis
572 3569 691 3644 litteris
707 3571 844 3657 predicti
860 3571 936 3639 olim
961 3569 1083 3640 domiui
1099 3571 1177 3638 Bele

63 3677 139 3763 legis
148 3677 253 3748 modo
265 3675 415 3744 antelato
426 3677 637 3765 conscriptos,
649 3679 721 3746 sine
732 3679 949 3749 diminucione
961 3686 994 3746 et
1005 3687 1178 3766 augmento

63 3788 178 3874 aliquali
193 3788 243 3854 de
259 3784 363 3854 verbo
379 3783 424 3852 ad
439 3787 572 3854 uerbum
583 3787 790 3873 presentibus
806 3786 923 3856 litteris
939 3789 1059 3856 nostris
1069 3796 1179 3876 pateu-

19 3885 21 3980 l
61 3895 128 3963 titus
142 3891 346 3964 transscribi
363 3900 396 3960 et
410 3896 641 3982 transsumpmi
657 3893 817 3984 iaciendo,
843 3897 1016 3984 prelibatis
1035 3895 1179 3964 domina-

64 3999 105 4068 lm
119 4000 433 4071 sanctimonialibus
449 4001 601 4070 duximus
627 4003 852 4072 concedendos
871 4003 1033 4072 communi
1044 4003 1180 4088 justicia

67 4113 241 4194 murmure.
269 4110 393 4176 Datum
409 4107 501 4176 Bude
517 4110 664 4196 predicto
681 4109 823 4180 secundo
850 4111 904 4179 die
919 4111 1047 4180 termini
1068 4129 1182 4196 preno-

67 4221 217 4302 btianno
235 4216 375 4286 Domini
401 4216 573 4286 millesimo
586 4209 915 4305 'quadringentesimo
940 4219 1181 4307 septuagesimo

67 4340 146 4396 sito.
790 4331 893 4398 Lecta
912 4331 966 4416 Dj.

19 4499 21 4552 Ξ
73 4471 178 4527 [meus
190 4475 322 4542 papirou,
337 4485 356 4522 a
374 4468 520 4536 kirilynalr
534 4469 604 4523 birci
626 4470 745 4538 peesdtje
764 4473 840 4536 ulatt,
859 4475 972 4527 abudai
985 4475 1035 4528 lrir.
1059 4475 1183 4528 lramnrai

19 4627 21 4712 Ι
522 4560 712 4632 lordltrirbnu.)
