3102 5160
608 980 686 1048 205.

86 1181 145 1245 Pal
168 1180 412 1266 orazdpbr'rdaulc
435 1179 532 1265 Dratp
556 1185 634 1245 aaa
650 1179 755 1265 felda
780 1186 932 1266 tdrqyazd
958 1183 1054 1246 tulere
1079 1180 1215 1247 Ldrdacz

342 1299 452 1350 mester
466 1291 497 1348 ἐκ
512 1285 619 1372 Draqi
633 1285 752 1351 Miklo'a
766 1285 844 1352 ludat.
859 1287 957 1353 1249.

190 1521 317 1586 Paulus
332 1519 444 1586 Judex
459 1517 541 1585 Aule
566 1519 669 1602 Regie
686 1517 802 1587 Comes
821 1517 1027 1588 Zaladieusis
1053 1521 1213 1588 uniuersis

87 1645 219 1710 presens
237 1626 396 1713 scriptum
405 1626 605 1693 intuentibus
622 1628 759 1694 salutem
775 1628 809 1692 in
819 1647 896 1695 rere
913 1628 1059 1694 salutari.
1079 1626 1132 1694 Ad
1146 1629 1214 1694 vni-

84 1755 252 1801 uerscrum
278 1735 429 1803 nolumus
455 1735 625 1820 peruenire
650 1735 814 1822 noticiam,
833 1735 920 1820 quod
934 1737 1081 1820 partibus
1104 1755 1214 1802 coram

85 1843 177 1910 nobis
194 1845 394 1927 constitutis,
416 1842 568 1910 videlicet
583 1843 714 1910 homine
730 1843 881 1928 Magistri
896 1843 1071 1928 Laurenoij
1092 1863 1133 1910 ex
1148 1865 1215 1910 una

83 1959 185 2037 parte,
203 1951 378 2036 Nycbolao
396 1951 437 2016 de
452 1952 545 2034 Drug
561 1971 603 2017 ex
620 1951 736 2036 altera,
763 1949 992 2037 intelleximus,
1009 1951 1097 2035 quod
1112 1951 1216 2036 blagi-

84 2067 146 2125 ster
157 2059 362 2126 Laurentius
378 2064 498 2124 terram
513 2059 547 2124 in
558 2060 660 2144 Drug,
671 2059 779 2145 ipsum
788 2057 995 2144 Nycbolanm
1011 2065 1044 2126 et
1058 2066 1215 2144 cognatos

84 2187 159 2235 snos
174 2165 217 2230 de
232 2165 305 2231 iure
322 2163 573 2250 contingentem,
599 2165 694 2232 metis
710 2163 807 2231 certis
830 2163 1043 2251 assignatam,
1067 2165 1213 2232 median·

84 2275 170 2340 tibna
184 2273 320 2339 bomine
342 2279 453 2339 nostro
469 2271 584 2358 Pasea,
610 2279 643 2338 et
657 2270 759 2338 fratre
775 2273 899 2339 Domus
915 2272 1045 2358 Templi
1061 2273 1102 2338 de
1121 2273 1213 2358 Belo,

84 2381 147 2468 ipsi
162 2379 305 2446 Nicolao
331 2386 364 2444 et
380 2379 528 2463 cognatis
545 2379 613 2444 suis
639 2379 842 2463 resignasset
866 2385 1023 2465 perpetuo
1042 2377 1213 2464 possiden-

84 2489 170 2572 dam,
188 2487 284 2554 saluo
300 2487 371 2554 iure
383 2487 530 2553 Ecclesia
546 2487 641 2554 Beati
651 2486 799 2554 Ladizlai
815 2489 1001 2554 obseruate.
1017 2486 1088 2552 Hoc
1104 2493 1213 2551 tamen

83 2597 287 2684 interposito,
317 2595 405 2678 quod
421 2602 597 2681 patronatu
621 2595 749 2681 prefate
765 2595 913 2664 Ecclesia
934 2600 1101 2682 pretactus
1117 2593 1213 2658 Nico-

84 2705 157 2771 laus
182 2725 250 2770 nna
266 2723 338 2770 cnm
355 2721 415 2769 sua
440 2703 640 2788 cognacione
655 2711 688 2770 et
704 2723 814 2770 eornm
829 2702 968 2770 heredes
992 2701 1213 2785 heredumque

83 2831 291 2880 successores
306 2810 497 2897 potirentur.
525 2809 675 2876 Ceterum
692 2811 732 2877 de
749 2811 876 2879 duobus
891 2809 1055 2897 iugeribus
1075 2808 1213 2894 singulis

82 2920 284 2986 inframetas
294 2917 424 2984 Nicolai
440 2925 472 2983 et
489 2923 699 3001 cognatorum
716 2937 847 2986 suorum
858 2917 1071 2984 existentibus
1088 2917 1215 3001 singule

83 3025 218 3114 capecie
244 3045 332 3092 anno
357 3025 465 3090 futuro
483 3025 524 3091 dc
539 3027 747 3112 presentibus
772 3027 867 3093 aunis
892 3023 1073 3110 seminatis,
1102 3023 1143 3089 de
1158 3045 1214 3110 po·

82 3136 160 3220 pulo
176 3133 222 3198 ad
237 3133 453 3198 Laurencium
480 3135 642 3218 spectanti
659 3133 745 3200 dieto
761 3133 899 3202 Nicolao
925 3140 958 3199 et
976 3131 1125 3218 cognatis
1145 3131 1214 3198 suis

84 3244 310 3324 soluerentur;
336 3239 426 3306 etde
449 3241 578 3326 inJ‘urijs
604 3248 636 3308 et
652 3238 815 3328 dampnis¹
829 3241 932 3307 illatis
958 3240 1043 3308 dicto
1059 3241 1100 3306 N.
1118 3245 1150 3306 et
1165 3260 1214 3306 co-

83 3349 238 3434 gnacioni
264 3367 323 3414 sue
339 3346 514 3435 sepedicta,
531 3349 688 3432 Magister
704 3351 742 3415 L.
759 3349 889 3416 iusticie
913 3348 1098 3436 peremnia
1122 3347 1215 3414 fecis-

83 3465 132 3525 set
159 3455 440 3542 complementum.
467 3457 539 3522 llce
562 3463 671 3523 autem
697 3462 772 3523 sunt
788 3464 872 3523 mete
895 3462 983 3522 terre
1008 3453 1214 3542 supradicte:

84 3567 194 3632 Prima
211 3562 326 3646 incipit
341 3561 384 3629 de
399 3563 517 3648 Ragna
532 3563 624 3630 iuxta
640 3563 870 3648 molendinum,
897 3569 930 3628 et
945 3561 1037 3628 vadit
1052 3560 1097 3627 ad
1112 3559 1215 3627 orien-

85 3683 161 3758 tem,
188 3681 221 3740 et
236 3672 297 3739 sub
314 3691 435 3757 magna
450 3671 525 3738 ilice
541 3677 591 3738 est
606 3680 711 3758 meta;
738 3677 771 3738 et
785 3671 862 3739 inde
877 3671 971 3738 radit
989 3670 1023 3736 in
1038 3669 1214 3738 Potoclrnr-

87 3782 205 3866 mand,
232 3789 265 3847 ct
289 3799 382 3847 secus
402 3781 573 3848 Karmand
597 3781 690 3847 uadit
712 3801 826 3848 uersus
854 3779 1156 3869 septemptrionem3
1183 3782 1216 3841 et

88 3889 162 3956 inde
176 3887 271 3955 uadit
287 3887 331 3954 ad
356 3887 512 3954 orientem
528 3908 630 3973 usqne
646 3889 688 3954 ad
705 3897 825 3956 metam
840 3888 959 3974 Regis;
986 3893 1018 3953 et
1033 3888 1111 3956 inde
1126 3887 1215 3955 uenit

90 4001 129 4067 ad
145 3998 346 4065 occidentem
358 3997 401 4063 ad
417 3999 566 4066 arborem
581 4001 747 4065 anomalae
755 4025 769 4078 ;
785 4005 818 4064 et
829 3997 905 4064 iude
920 3995 1012 4064 uadit
1022 3997 1065 4064 ad
1080 3997 1214 4084 plagam

91 4105 332 4173 meridionalem
349 4106 383 4171 iu
399 4105 604 4190 longitudine
614 4106 753 4191 jugeris,
780 4111 812 4172 et
827 4105 903 4170 inde
918 4103 1008 4170 uenit
1023 4103 1067 4170 ad
1081 4103 1215 4170 Minchi·

89 4215 236 4298 loutoucl,
263 4221 297 4281 et
313 4215 402 4280 uenit
417 4233 476 4299 per
501 4214 638 4301 plagam
654 4213 897 4280 occidendalem
917 4211 960 4278 ad
977 4211 1164 4296 Kurmand3
1182 4217 1215 4277 et

89 4320 162 4388 inde
175 4323 294 4389 transit
309 4341 368 4409 per
385 4321 554 4407 Opacuta;
572 4328 605 4388 et
620 4319 697 4386 inde
713 4321 804 4387 uenit
820 4318 863 4386 ad
878 4319 1005 4405 Regna,
1019 4325 1052 4385 et
1066 4321 1115 4388 sic
1129 4323 1214 4384 mete

90 4431 309 4496 terminantur.
334 4429 378 4495 vt
392 4436 502 4496 autem
517 4427 620 4495 series
645 4429 743 4512 hujus
770 4427 817 4494 rei
833 4435 866 4495 et
890 4433 996 4494 status
1020 4427 1215 4495 inconcusse

90 4537 240 4622 temporis
265 4554 423 4623 processu
448 4537 555 4622 possit
573 4555 773 4623 permanere,
799 4535 844 4602 ad
859 4533 957 4604 robur
973 4542 1006 4602 et
1030 4535 1214 4603 firmitatem

131 4725 326 4762 buccacanum.
344 4725 413 4760 urar.
432 4735 469 4744 —
489 4727 560 4760 nrrr..
578 4716 611 4756 12.
1012 4707 1048 4764 19
