3198 5160
820 243 972 346 stt„

330 443 431 508 missa
457 441 595 506 eandem
621 442 805 524 dominam,
831 441 885 506 uel
911 441 962 508 oui
987 443 1061 526 ipsa
1087 437 1219 507 dominu
1246 441 1286 506 ob
1312 439 1458 508 remedio

332 551 439 616 animo
455 568 514 615 sue
530 549 675 616 eonfene
692 548 890 634 dignaretur,
906 549 1030 614 nullum
1051 547 1234 615 molestiam
1256 569 1313 634 pro
1331 567 1458 632 posses-

330 657 477 724 sionibus
503 677 603 743 supra
628 657 723 724 dictis
749 656 856 723 faeere
884 655 1050 734 deberent,
1076 675 1136 722 nee
1166 663 1372 737 conarentur,
1400 655 1460 720 sed

331 765 442 850 posius
461 765 594 846 eisdem,
612 765 645 829 in
662 764 778 847 quibus
794 771 938 850 possent,
957 764 1115 830 auxilium
1131 770 1165 828 ot
1180 763 1332 830 iuuamen
1348 762 1460 829 faeere

331 878 587 957 assumpserunt.
614 870 786 954 Obligauit
801 874 907 938 eciam
923 893 960 939 se
976 870 1091 939 Comes
1109 870 1224 937 Bnken
1250 869 1383 956 propria
1398 889 1461 936 sua

330 981 515 1060 uoluntate,
533 977 620 1061 quod
631 977 838 1064 priuilegium
853 979 982 1046 domine
998 979 1112 1046 matris
1128 999 1187 1046 sue
1202 997 1329 1064 pernes
1346 977 1460 1045 datum

331 1107 403 1154 oum
427 1085 600 1172 priuilegio
627 1087 727 1172 Regis
753 1087 831 1153 Bele
857 1093 978 1172 quanto
1004 1087 1104 1154 oioius
1130 1092 1242 1174 posset
1265 1087 1462 1154 confirmare

331 1199 502 1260 teneretur.
528 1193 597 1258 Neo
621 1195 683 1262 hoo
708 1196 986 1282 pretermittimus,
1014 1195 1101 1278 quod
1126 1193 1259 1262 domina
1286 1194 1461 1260 Elisabeth

332 1297 548 1388 personaliter·
565 1318 674 1366 eoram
690 1300 784 1367 nobis
801 1307 913 1367 astans
931 1321 996 1368 vna
1019 1321 1091 1366 eum
1108 1299 1175 1366 filia
1192 1299 1327 1367 comitis
1342 1300 1462 1364 Boken

331 1405 444 1474 Katha
458 1404 588 1472 nomine
603 1413 700 1492 nepte
716 1427 778 1474 sua
793 1409 1021 1494 possessiones
1038 1405 1301 1492 suprascriptas,
1319 1425 1403 1489 quus
1417 1425 1461 1472 ex

332 1522 428 1601 parte
453 1513 512 1580 filii
539 1514 588 1580 sui
604 1514 755 1581 recitauit
770 1535 806 1582 se
822 1516 989 1600 habuisse,
1016 1511 1060 1580 ad
1084 1521 1215 1600 neptem
1241 1533 1333 1580 suam
1349 1513 1463 1580 Katha

330 1622 472 1709 nomine,
489 1631 525 1690 ut
541 1622 695 1710 diximus,
720 1645 793 1690 oum
810 1623 959 1691 omnibus
975 1621 1199 1689 instrumentis
1217 1621 1295 1706 suis,
1321 1641 1384 1706 que
1400 1623 1458 1689 ha-

332 1727 402 1795 buit
417 1733 450 1796 et
466 1730 573 1797 adhue
588 1730 712 1798 habere
728 1731 856 1816 poterit,
874 1730 988 1798 statuit
1002 1735 1035 1797 et
1049 1728 1186 1796 donauit
1201 1729 1291 1816 nepti
1306 1748 1365 1797 sue
1380 1750 1463 1816 sepe

247 1905 254 1915 ,
331 1839 498 1905 nominate
513 1859 624 1906 eoram
639 1839 746 1907 nobis.
774 1841 816 1907 Vt
830 1840 929 1924 igitur
946 1840 1042 1906 huius
1058 1838 1309 1926 composicionis
1325 1847 1358 1906 et
1374 1838 1457 1905 ordi·

332 1943 481 2012 nacionis
508 1945 639 2034 (series)
656 1948 756 2014 robur
780 1955 934 2034 perpetue
954 1947 1116 2013 firmitatis
1142 1947 1299 2033 obtineat,
1325 1965 1385 2014 nee
1400 1966 1463 2032 por

205 2136 212 2148 ι
332 2051 518 2136 quempiam
543 2073 698 2138 prooessu
723 2063 904 2142 temporum
929 2057 963 2122 in
987 2055 1112 2122 irritum
1129 2055 1250 2122 waleat
1276 2056 1460 2142 retraetari,

333 2155 376 2224 ad
391 2159 585 2228 instanciam
601 2168 634 2230 et
648 2163 844 2250 peticionem
861 2164 997 2232 Comitis
1013 2163 1128 2231 Buken
1146 2173 1179 2232 et
1194 2162 1325 2230 domine
1345 2163 1463 2232 matris

332 2283 390 2332 sue
406 2273 576 2351 presentes
602 2271 823 2338 eoncessimus
848 2270 949 2357 sigilii
966 2272 1070 2340 nostri
1085 2271 1212 2338 litteras
1233 2270 1464 2357 priuilegiales

331 2373 509 2442 munimine
533 2379 714 2446 roboratas.
751 2381 871 2448 Datum
897 2401 983 2447 anno
1009 2379 1140 2449 Domini
1166 2381 1211 2446 M⁰
1236 2377 1463 2446 ducentesimo

331 2501 549 2566 sexagesimo.

333 2661 391 2714 W.
405 2661 472 2716 leu
483 2661 631 2731 kirtlyuuk
642 2662 832 2736 okrninytboi,
845 2669 915 2735 mely
928 2671 1019 2722 annsk
1030 2665 1223 2736 megerir'sitsse
1236 2667 1329 2733 regett
1341 2665 1465 2729 keszillt,

468 2756 536 2805 mint
549 2751 631 2806 slsbb
645 2757 705 2810 38'1.
720 2773 755 2807 ιι.
770 2773 794 2808 a.
815 2759 893 2810 Kitali
907 2755 1329 2826 melt.btroNytryAlbors1tr)

766 3055 1028 3066 ...κῆ-...-
