3198 5160
682 836 760 906 381.

162 1023 194 1089 A
210 1024 299 1089 ociori
314 1020 527 1108 taptatannat
552 1020 819 1106 braoapadpleoele,
836 1018 917 1102 kopp
935 1039 955 1080 u
972 1013 1089 1086 Zoloolr
1111 1016 1289 1098 oernzetse'q-

253 1129 310 1194 auk
326 1131 392 1195 toth
409 1129 496 1216 topja
512 1129 627 1214 Bopoo
644 1127 846 1192 birtoiatboa
865 1121 1076 1190 oaztoatodott.
1102 1121 1199 1184 1260.

370 1281 1079 1354 'ABCDEF

271 1449 429 1518 Omnibus
450 1447 569 1515 Christi
588 1447 736 1514 fidelibus
759 1455 827 1512 tam
847 1443 1049 1530 presentibus
1067 1459 1163 1526 quam
1182 1445 1290 1524 poste-

161 1560 208 1626 ris
235 1558 436 1643 presentium
464 1557 631 1642 (noticiam
656 1555 829 1641 habituris)
856 1553 977 1619 humile
997 1572 1036 1618 ae
1061 1549 1212 1616 deuotum
1228 1548 1289 1612 Va·

162 1667 283 1734 aiensis
303 1665 451 1732 Euolesie
471 1664 655 1751 Capitulum
672 1662 839 1730 oraciones
856 1661 889 1729 in
905 1660 1053 1728 Domino.
1079 1653 1290 1724 Vniuersitati

163 1781 273 1843 nostre
288 1783 399 1842 tenore
415 1775 618 1860 presencium
634 1771 785 1839 duximus
801 1766 1042 1851 deurtarandnm,
1067 1764 1154 1850 qnod
1174 1762 1289 1850 Comes

162 1885 337 1949 Parnasus
358 1887 389 1948 et
408 1881 544 1950 Zounuk
562 1881 738 1966 degenere
755 1877 890 1946 Zounuk
908 1877 948 1942 de
965 1875 1045 1942 villa
1060 1875 1194 1957 Bagon;
1213 1871 1288 1938 item

163 1989 288 2072 Tunes,
307 1987 455 2072 Gothart,
472 1986 598 2054 Sandor
615 1993 647 2053 et
663 1989 791 2068 Ponsa3
814 1985 890 2050 item
906 1983 1028 2048 Paniua
1044 1979 1130 2047 fliius
1146 1977 1234 2044 Gara
1248 1978 1291 2044 de

162 2095 280 2162 eodem
296 2115 415 2180 genere
431 2095 568 2164 Zounnk
587 2096 627 2161 de
644 2095 758 2161 eadem
775 2094 855 2161 vilia
870 2093 986 2177 Bagou
1000 2093 1033 2156 in
1050 2097 1161 2158 nostra
1177 2087 1291 2153 eonsti-

162 2204 225 2269 tnti
238 2205 408 2288 presencia
425 2205 501 2270 vina
515 2223 594 2270 uooe
604 2211 679 2270 stunt
698 2203 880 2288 protestati,
893 2198 980 2285 quod
995 2207 1114 2264 terram
1132 2197 1211 2262 ville
1231 2197 1291 2262 Ba-

163 2330 229 2395 gon
240 2334 249 2396 ;
261 2331 324 2394 quo
336 2309 465 2379 eosdem
478 2314 551 2396 jure
561 2309 756 2378 hereditario
768 2307 935 2393 contingit,
954 2307 995 2372 ad
1006 2313 1072 2372 tres
1088 2311 1198 2390 partes
1210 2301 1291 2368 dini-

164 2420 287 2484 sissent
300 2419 360 2485 hoe
371 2416 476 2505 modo,
493 2425 527 2484 vt
538 2419 642 2485 dietus
653 2418 824 2483 Paznanus
836 2414 952 2483 Comes
963 2421 995 2480 ot
1005 2412 1141 2480 Zounuk
1153 2410 1289 2476 terciam

163 2531 290 2610 partem
310 2525 397 2592 illius
407 2531 492 2592 terre
502 2527 656 2592 retineret
672 2546 713 2592 ex
723 2531 817 2611 parte
832 2523 909 2589 ville
925 2525 1101 2606 Dengeneo
1112 2539 1169 2606 per
1188 2523 1290 2586 totum

163 2633 422 2716 conterminium,
440 2641 472 2699 et
488 2649 529 2700 ex
546 2639 641 2720 parte
656 2633 734 2698 ville
754 2632 861 2714 Sirok,
883 2637 915 2697 et
931 2635 1077 2714 exparte
1092 2627 1171 2694 ville
1186 2627 1291 2693 Henol

163 2759 269 2824 nsque
280 2741 323 2806 ad
333 2740 466 2806 fluuium
477 2741 593 2826 Fizeg5
611 2741 756 2808 secunda
766 2760 842 2806 uero
853 2758 930 2825 pars
939 2738 1080 2825 pertinet
1089 2735 1193 2801 Paulo
1203 2734 1290 2801 ultra

164 2850 301 2916 fluuium
311 2848 412 2933 Fizeg
423 2849 521 2932 juxta
536 2849 691 2916 terminos
707 2848 851 2916 eiusdem
867 2847 944 2914 viiie
960 2845 1075 2930 Henel,
1092 2850 1181 2912 etex
1197 2849 1291 2928 parte

162 2955 243 3022 ville
255 2955 381 3022 Chetke
397 2955 599 3038 aliquantum
615 2956 721 3024 eundo
738 2957 831 3023 iuxta
844 2961 948 3022 metas
963 2954 1042 3020 ville
1059 2950 1171 3036 Gede3
1189 2949 1291 3018 teroia

161 3084 242 3132 uero
259 3083 337 3151 pars
354 3065 452 3132 cessit
464 3066 622 3152 Tuneuni,
641 3064 809 3132 (iothardo
826 3073 857 3132 et
867 3066 983 3151 Pouse,
1001 3081 1136 3147 quorum
1153 3078 1290 3126 oomme-

160 3171 254 3239 tanei
280 3176 355 3238 sunt
373 3171 488 3237 villani
513 3171 555 3238 de
581 3169 681 3254 uada,
707 3172 969 3258 Miondhotuono,
997 3169 1290 3238 Oukennshotuono

162 3300 206 3346 ex
222 3286 358 3362 numne
374 3285 468 3363 parte
493 3277 584 3362 flnuij
602 3279 827 3363 prenominati,
843 3278 1030 3365 poroionem
1047 3285 1134 3344 terre
1152 3275 1291 3364 predicti

163 3387 301 3456 Comitis
317 3387 464 3454 Pannani
488 3393 520 3454 et
534 3387 669 3454 Zounuk
697 3394 866 3474 separata
888 3389 983 3456 terris
999 3387 1095 3456 Pauli
1114 3386 1291 3468 Tononnis,

162 3500 198 3562 et
213 3514 343 3561 suorum
356 3502 568 3578 cognatorum
578 3495 678 3580 Fizeg
689 3504 765 3563 ante
775 3495 952 3562 nominata.
969 3499 1163 3564 Dememore
1173 3501 1291 3576 autem,

160 3603 253 3687 quod
279 3603 409 3669 adiuuet
420 3604 516 3688 juxta
531 3603 664 3670 fluuium
684 3602 892 3687 antedictum,
918 3605 1018 3671 talem
1043 3604 1187 3670 feeerunt
1211 3601 1293 3667 diui·

160 3711 289 3778 sionem
306 3709 391 3776 inter
415 3717 528 3797 partes
545 3710 740 3794 diuidemus,
766 3712 853 3797 qnod
870 3714 1018 3800 superior
1042 3731 1119 3796 pars
1136 3731 1177 3778 ex
1199 3717 1291 3794 parte

160 3817 301 3885 orientis
325 3839 428 3903 usque
454 3820 497 3886 ad
523 3819 672 3887 arborum
699 3822 762 3906 piri
787 3824 909 3904 magni,
936 3820 970 3886 in
996 3839 1060 3904 qua
1088 3825 1137 3884 est
1161 3815 1290 3901 signum

159 3927 281 4012 erneis,
308 3929 405 3996 oessit
422 3929 454 3994 in
482 3936 608 4016 partem
636 3929 771 3996 Comitis
796 3928 940 3994 Paanani
965 3933 997 3994 et
1016 3926 1164 4010 Zounuk,
1189 3927 1292 3992 altera

158 4055 242 4102 uero
267 4056 345 4122 pars
372 4039 458 4104 nitra
485 4037 623 4104 eundem
649 4036 782 4102 fluuium
808 4057 849 4102 ex
874 4042 967 4122 parte
988 4036 1167 4105 oooidentis
1193 4035 1292 4101 oessit

159 4145 315 4236 Tuneuni
331 4149 364 4210 et
390 4145 539 4228 cognatis
556 4144 633 4229 suis,
659 4144 800 4210 tenendo
821 4151 947 4212 tantum
965 4145 1113 4232 spacium
1138 4144 1170 4208 in
1188 4143 1291 4227 longi-

158 4250 287 4338 tndine,
315 4259 471 4336 qnantum
490 4253 606 4321 Comes
623 4257 795 4320 Paznanus
821 4260 853 4321 et
878 4254 1034 4337 Zonnutr,
1060 4255 1193 4320 tereiam
1212 4271 1290 4320 uero

157 4365 289 4449 partem
315 4361 451 4428 inferius
469 4381 509 4427 ex
525 4367 662 4446 utraque
687 4367 780 4449 parte
797 4362 887 4446 fluuij
913 4363 1037 4448 optinet
1052 4362 1173 4428 Paulus
1201 4367 1289 4426 ante-

158 4469 280 4536 diotus.
308 4469 464 4536 Fenetum
481 4485 559 4537 uero
576 4489 617 4536 ex
631 4475 769 4554 utraque
786 4475 880 4557 parte
896 4468 987 4555 flnnij
1004 4467 1159 4536 adiacens
1175 4469 1210 4534 in
1224 4475 1291 4535 tres

161 4581 279 4662 partes
290 4575 374 4640 inter
390 4583 499 4666 partes
511 4575 700 4644 diruiseront.
716 4576 863 4644 Eeoiesia
877 4597 957 4643 uero
975 4577 1077 4665 ipsius
1088 4576 1166 4642 ville
1176 4577 1291 4666 Bagou
