<?xml version="1.0" encoding="UTF-8"?>
<!DOCTYPE html PUBLIC "-//W3C//DTD XHTML 1.0 Transitional//EN"
    "http://www.w3.org/TR/xhtml1/DTD/xhtml1-transitional.dtd">
<html xmlns="http://www.w3.org/1999/xhtml" xml:lang="en" lang="en">
 <head>
  <title>
</title>
<meta http-equiv="Content-Type" content="text/html;charset=utf-8" />
  <meta name='ocr-system' content='tesseract 3.04.00' />
  <meta name='ocr-capabilities' content='ocr_page ocr_carea ocr_par ocr_line ocrx_word'/>
</head>
<body>
  <div class='ocr_page' id='page_1' title='image "./codexdiplomatic15wenzgoog_0307.png"; bbox 0 0 3102 5160; ppageno 0'>
   <div class='ocr_carea' id='block_1_1' title="bbox 328 1079 1474 1364">
    <p class='ocr_par' dir='ltr' id='par_1_1' title="bbox 328 1079 1474 1364">
     <span class='ocr_line' id='line_1_1' title="bbox 331 1079 1474 1167; baseline 0 -21"><span class='ocrx_word' id='word_1_1' title='bbox 331 1081 393 1146; x_wconf 74' lang='lat' dir='ltr'><strong>Pet</strong></span> <span class='ocrx_word' id='word_1_2' title='bbox 408 1079 652 1166; x_wconf 71' lang='lat' dir='ltr'><strong>orardpbbonok</strong></span> <span class='ocrx_word' id='word_1_3' title='bbox 678 1081 946 1165; x_wconf 70' lang='lat' dir='ltr'><strong>bizoapso&#39;plecelc,</strong></span> <span class='ocrx_word' id='word_1_4' title='bbox 971 1080 1052 1165; x_wconf 76' lang='lat' dir='ltr'><strong>bopy</strong></span> <span class='ocrx_word' id='word_1_5' title='bbox 1076 1083 1284 1167; x_wconf 73' lang='lat' dir='ltr'><strong>ocoomeppco&#39;</strong></span> <span class='ocrx_word' id='word_1_6' title='bbox 1304 1081 1474 1166; x_wconf 73' lang='lat' dir='ltr'><strong>odrjobbci·</strong></span> 
     </span>
     <span class='ocr_line' id='line_1_2' title="bbox 328 1187 1473 1276; baseline -0.001 -21"><span class='ocrx_word' id='word_1_7' title='bbox 328 1189 408 1276; x_wconf 77' lang='lat' dir='ltr'><strong>pyok</strong></span> <span class='ocrx_word' id='word_1_8' title='bbox 422 1187 601 1268; x_wconf 70' lang='lat' dir='ltr'><strong>elimaret,</strong></span> <span class='ocrx_word' id='word_1_9' title='bbox 628 1188 728 1274; x_wconf 80' lang='lat' dir='ltr'><strong>milre&#39;p</strong></span> <span class='ocrx_word' id='word_1_10' title='bbox 745 1211 803 1274; x_wconf 74' lang='lat' dir='ltr'><strong>epp</strong></span> <span class='ocrx_word' id='word_1_11' title='bbox 818 1188 936 1274; x_wconf 83' lang='lat' dir='ltr'><strong>Re&#39;pcze</strong></span> <span class='ocrx_word' id='word_1_12' title='bbox 959 1191 1084 1255; x_wconf 78' lang='lat' dir='ltr'><strong>melletta&#39;</strong></span> <span class='ocrx_word' id='word_1_13' title='bbox 1101 1189 1214 1255; x_wconf 71' lang='lat' dir='ltr'><strong>rnulom</strong></span> <span class='ocrx_word' id='word_1_14' title='bbox 1229 1189 1357 1255; x_wconf 71' lang='lat' dir='ltr'><strong>Ariana</strong></span> <span class='ocrx_word' id='word_1_15' title='bbox 1373 1191 1473 1275; x_wconf 72' lang='lat' dir='ltr'><strong>melaj-</strong></span> 
     </span>
     <span class='ocr_line' id='line_1_3' title="bbox 790 1297 999 1364; baseline 0.019 -4"><span class='ocrx_word' id='word_1_16' title='bbox 790 1297 884 1360; x_wconf 83' lang='lat' dir='ltr'><strong>dooo.</strong></span> <span class='ocrx_word' id='word_1_17' title='bbox 904 1297 999 1364; x_wconf 76' lang='lat'><em>1248.</em></span> 
     </span>
    </p>
   </div>
   <div class='ocr_carea' id='block_1_2' title="bbox 322 1489 1470 4691">
    <p class='ocr_par' dir='ltr' id='par_1_2' title="bbox 322 1489 1470 4691">
     <span class='ocr_line' id='line_1_4' title="bbox 436 1489 1470 1576; baseline -0.001 -18"><span class='ocrx_word' id='word_1_18' title='bbox 436 1491 505 1560; x_wconf 84' lang='lat' dir='ltr'><strong>Nos</strong></span> <span class='ocrx_word' id='word_1_19' title='bbox 522 1491 644 1558; x_wconf 87' lang='lat' dir='ltr'><strong>Paulus</strong></span> <span class='ocrx_word' id='word_1_20' title='bbox 664 1489 782 1558; x_wconf 88' lang='lat' dir='ltr'><strong>Comes</strong></span> <span class='ocrx_word' id='word_1_21' title='bbox 798 1489 1006 1558; x_wconf 82' lang='lat' dir='ltr'><strong>Zaladiensis</strong></span> <span class='ocrx_word' id='word_1_22' title='bbox 1022 1501 1054 1560; x_wconf 89' lang='lat' dir='ltr'><strong>et</strong></span> <span class='ocrx_word' id='word_1_23' title='bbox 1070 1491 1177 1560; x_wconf 86' lang='lat' dir='ltr'><strong>Judex</strong></span> <span class='ocrx_word' id='word_1_24' title='bbox 1192 1491 1275 1558; x_wconf 84' lang='lat' dir='ltr'><strong>Aule</strong></span> <span class='ocrx_word' id='word_1_25' title='bbox 1290 1489 1395 1576; x_wconf 82' lang='lat' dir='ltr'><strong>Regie</strong></span> <span class='ocrx_word' id='word_1_26' title='bbox 1420 1492 1470 1557; x_wconf 87' lang='lat' dir='ltr'><strong>ad</strong></span> 
     </span>
     <span class='ocr_line' id='line_1_5' title="bbox 330 1597 1469 1684; baseline -0.004 -18"><span class='ocrx_word' id='word_1_27' title='bbox 330 1599 554 1667; x_wconf 83' lang='lat' dir='ltr'><strong>uniuersorum</strong></span> <span class='ocrx_word' id='word_1_28' title='bbox 571 1607 637 1666; x_wconf 84' lang='lat' dir='ltr'><strong>tum</strong></span> <span class='ocrx_word' id='word_1_29' title='bbox 655 1597 861 1684; x_wconf 88' lang='lat' dir='ltr'><strong>presencium</strong></span> <span class='ocrx_word' id='word_1_30' title='bbox 881 1616 978 1681; x_wconf 91' lang='lat' dir='ltr'><strong>quam</strong></span> <span class='ocrx_word' id='word_1_31' title='bbox 994 1597 1175 1666; x_wconf 79' lang='lat' dir='ltr'><strong>futurorum</strong></span> <span class='ocrx_word' id='word_1_32' title='bbox 1199 1597 1355 1665; x_wconf 82' lang='lat' dir='ltr'>noticiam</span> <span class='ocrx_word' id='word_1_33' title='bbox 1371 1597 1469 1664; x_wconf 91' lang='lat' dir='ltr'><strong>uolu-</strong></span> 
     </span>
     <span class='ocr_line' id='line_1_6' title="bbox 330 1703 1468 1794; baseline -0.002 -22"><span class='ocrx_word' id='word_1_34' title='bbox 330 1727 402 1774; x_wconf 92' lang='lat' dir='ltr'><strong>mus</strong></span> <span class='ocrx_word' id='word_1_35' title='bbox 427 1704 498 1772; x_wconf 86' lang='lat' dir='ltr'><strong>beri</strong></span> <span class='ocrx_word' id='word_1_36' title='bbox 517 1704 736 1790; x_wconf 75' lang='lat' dir='ltr'><strong>manifestum,</strong></span> <span class='ocrx_word' id='word_1_37' title='bbox 762 1704 848 1790; x_wconf 89' lang='lat' dir='ltr'><strong>qnod</strong></span> <span class='ocrx_word' id='word_1_38' title='bbox 873 1703 1094 1794; x_wconf 84' lang='lat' dir='ltr'><strong>(iobsgiones)</strong></span> <span class='ocrx_word' id='word_1_39' title='bbox 1111 1705 1223 1773; x_wconf 80' lang='lat' dir='ltr'><strong>Ferrei</strong></span> <span class='ocrx_word' id='word_1_40' title='bbox 1248 1703 1368 1788; x_wconf 83' lang='lat' dir='ltr'><strong>Gastri,</strong></span> <span class='ocrx_word' id='word_1_41' title='bbox 1385 1723 1468 1788; x_wconf 88' lang='lat' dir='ltr'><strong>qno-</strong></span> 
     </span>
     <span class='ocr_line' id='line_1_7' title="bbox 331 1810 1466 1898; baseline -0.003 -17"><span class='ocrx_word' id='word_1_42' title='bbox 331 1835 403 1882; x_wconf 90' lang='lat' dir='ltr'><strong>rum</strong></span> <span class='ocrx_word' id='word_1_43' title='bbox 419 1813 554 1881; x_wconf 89' lang='lat' dir='ltr'><strong>nomina</strong></span> <span class='ocrx_word' id='word_1_44' title='bbox 569 1819 646 1880; x_wconf 91' lang='lat' dir='ltr'><strong>sunt</strong></span> <span class='ocrx_word' id='word_1_45' title='bbox 660 1812 738 1897; x_wconf 90' lang='lat' dir='ltr'><strong>hec;</strong></span> <span class='ocrx_word' id='word_1_46' title='bbox 755 1811 909 1879; x_wconf 84' lang='lat' dir='ltr'><strong>videlicet</strong></span> <span class='ocrx_word' id='word_1_47' title='bbox 925 1813 1007 1880; x_wconf 84' lang='lat' dir='ltr'><strong>Paul</strong></span> <span class='ocrx_word' id='word_1_48' title='bbox 1023 1811 1064 1880; x_wconf 91' lang='lat' dir='ltr'><strong>de</strong></span> <span class='ocrx_word' id='word_1_49' title='bbox 1080 1810 1181 1898; x_wconf 84' lang='lat' dir='ltr'><strong>choy,</strong></span> <span class='ocrx_word' id='word_1_50' title='bbox 1198 1815 1290 1880; x_wconf 87' lang='lat' dir='ltr'><strong>Bana</strong></span> <span class='ocrx_word' id='word_1_51' title='bbox 1305 1812 1347 1879; x_wconf 91' lang='lat' dir='ltr'><strong>de</strong></span> <span class='ocrx_word' id='word_1_52' title='bbox 1363 1811 1466 1897; x_wconf 80' lang='lat' dir='ltr'><strong>Gely,</strong></span> 
     </span>
     <span class='ocr_line' id='line_1_8' title="bbox 329 1919 1460 2008; baseline -0.004 -18"><span class='ocrx_word' id='word_1_53' title='bbox 329 1923 491 2008; x_wconf 76' lang='lat' dir='ltr'>Georgius</span> <span class='ocrx_word' id='word_1_54' title='bbox 508 1921 549 1986; x_wconf 90' lang='lat' dir='ltr'><strong>de</strong></span> <span class='ocrx_word' id='word_1_55' title='bbox 565 1919 691 2006; x_wconf 79' lang='lat' dir='ltr'><strong>Oiody3</strong></span> <span class='ocrx_word' id='word_1_56' title='bbox 718 1919 874 2004; x_wconf 82' lang='lat' dir='ltr'><strong>Symoum</strong></span> <span class='ocrx_word' id='word_1_57' title='bbox 899 1920 984 1986; x_wconf 87' lang='lat' dir='ltr'><strong>filius</strong></span> <span class='ocrx_word' id='word_1_58' title='bbox 1010 1919 1142 2003; x_wconf 81' lang='lat' dir='ltr'><strong>Belkvs,</strong></span> <span class='ocrx_word' id='word_1_59' title='bbox 1168 1921 1219 2006; x_wconf 88' lang='lat' dir='ltr'><strong>Ly</strong></span> <span class='ocrx_word' id='word_1_60' title='bbox 1237 1956 1275 1967; x_wconf 93' lang='lat'><em>-</em></span> <span class='ocrx_word' id='word_1_61' title='bbox 1298 1956 1335 1967; x_wconf 93' lang='lat'><em>-</em></span> <span class='ocrx_word' id='word_1_62' title='bbox 1358 1956 1396 1967; x_wconf 93' lang='lat'>—</span> <span class='ocrx_word' id='word_1_63' title='bbox 1420 1957 1460 1968; x_wconf 90' lang='lat'>—</span> 
     </span>
     <span class='ocr_line' id='line_1_9' title="bbox 334 2026 1468 2114; baseline 0 -20"><span class='ocrx_word' id='word_1_64' title='bbox 334 2069 371 2080; x_wconf 94' lang='lat'><em>-</em></span> <span class='ocrx_word' id='word_1_65' title='bbox 389 2065 434 2078; x_wconf 90' lang='lat'><em>-</em></span> <span class='ocrx_word' id='word_1_66' title='bbox 452 2065 490 2076; x_wconf 93' lang='lat'><em>-</em></span> <span class='ocrx_word' id='word_1_67' title='bbox 509 2063 553 2076; x_wconf 93' lang='lat'><em>-</em></span> <span class='ocrx_word' id='word_1_68' title='bbox 570 2026 674 2095; x_wconf 88' lang='lat' dir='ltr'><strong>maior</strong></span> <span class='ocrx_word' id='word_1_69' title='bbox 689 2045 875 2112; x_wconf 82' lang='lat' dir='ltr'><strong>preconem,</strong></span> <span class='ocrx_word' id='word_1_70' title='bbox 901 2027 1103 2094; x_wconf 88' lang='lat' dir='ltr'><strong>Laurencius</strong></span> <span class='ocrx_word' id='word_1_71' title='bbox 1118 2027 1206 2094; x_wconf 91' lang='lat' dir='ltr'><strong>filius</strong></span> <span class='ocrx_word' id='word_1_72' title='bbox 1221 2026 1339 2114; x_wconf 78' lang='lat' dir='ltr'><strong>&#39;l&#39;yvan</strong></span> <span class='ocrx_word' id='word_1_73' title='bbox 1355 2030 1468 2114; x_wconf 86' lang='lat' dir='ltr'><strong>maj0r</strong></span> 
     </span>
     <span class='ocr_line' id='line_1_10' title="bbox 330 2133 1464 2223; baseline 0 -19"><span class='ocrx_word' id='word_1_74' title='bbox 330 2134 505 2223; x_wconf 87' lang='lat' dir='ltr'><strong>(eiusdem)</strong></span> <span class='ocrx_word' id='word_1_75' title='bbox 523 2135 640 2219; x_wconf 81' lang='lat' dir='ltr'><strong>Oestri,</strong></span> <span class='ocrx_word' id='word_1_76' title='bbox 656 2154 797 2203; x_wconf 90' lang='lat' dir='ltr'><strong>necnon</strong></span> <span class='ocrx_word' id='word_1_77' title='bbox 813 2135 871 2221; x_wconf 83' lang='lat' dir='ltr'><strong>aiij</strong></span> <span class='ocrx_word' id='word_1_78' title='bbox 888 2133 1079 2220; x_wconf 82' lang='lat' dir='ltr'><strong>iobegiones</strong></span> <span class='ocrx_word' id='word_1_79' title='bbox 1094 2135 1167 2222; x_wconf 89' lang='lat' dir='ltr'><strong>pari</strong></span> <span class='ocrx_word' id='word_1_80' title='bbox 1183 2142 1279 2220; x_wconf 91' lang='lat' dir='ltr'><strong>uoto;</strong></span> <span class='ocrx_word' id='word_1_81' title='bbox 1299 2137 1464 2204; x_wconf 82' lang='lat' dir='ltr'><strong>Artenam</strong></span> 
     </span>
     <span class='ocr_line' id='line_1_11' title="bbox 328 2241 1461 2330; baseline -0.001 -19"><span class='ocrx_word' id='word_1_82' title='bbox 328 2244 431 2312; x_wconf 87' lang='lat' dir='ltr'><strong>filium</strong></span> <span class='ocrx_word' id='word_1_83' title='bbox 446 2243 576 2312; x_wconf 84' lang='lat' dir='ltr'><strong>Sandur</strong></span> <span class='ocrx_word' id='word_1_84' title='bbox 601 2242 645 2308; x_wconf 86' lang='lat' dir='ltr'><strong>nd</strong></span> <span class='ocrx_word' id='word_1_85' title='bbox 667 2241 885 2330; x_wconf 87' lang='lat' dir='ltr'><strong>pres(euciam</strong></span> <span class='ocrx_word' id='word_1_86' title='bbox 902 2241 1114 2330; x_wconf 89' lang='lat' dir='ltr'><strong>Vi)ceindicis</strong></span> <span class='ocrx_word' id='word_1_87' title='bbox 1139 2242 1241 2310; x_wconf 79' lang='lat' dir='ltr'>nostri</span> <span class='ocrx_word' id='word_1_88' title='bbox 1265 2243 1299 2309; x_wconf 91' lang='lat' dir='ltr'><strong>in</strong></span> <span class='ocrx_word' id='word_1_89' title='bbox 1323 2262 1461 2310; x_wconf 86' lang='lat' dir='ltr'><strong>oausam</strong></span> 
     </span>
     <span class='ocr_line' id='line_1_12' title="bbox 329 2349 1463 2439; baseline -0.004 -18"><span class='ocrx_word' id='word_1_90' title='bbox 329 2353 475 2439; x_wconf 79' lang='lat' dir='ltr'><strong>legitime</strong></span> <span class='ocrx_word' id='word_1_91' title='bbox 500 2351 680 2418; x_wconf 75' lang='lat' dir='ltr'><strong>traxissent</strong></span> <span class='ocrx_word' id='word_1_92' title='bbox 696 2369 794 2437; x_wconf 89' lang='lat' dir='ltr'><strong>super</strong></span> <span class='ocrx_word' id='word_1_93' title='bbox 811 2371 875 2420; x_wconf 89' lang='lat' dir='ltr'><strong>uno</strong></span> <span class='ocrx_word' id='word_1_94' title='bbox 901 2351 1098 2436; x_wconf 89' lang='lat' dir='ltr'><strong>molendino,</strong></span> <span class='ocrx_word' id='word_1_95' title='bbox 1124 2350 1213 2435; x_wconf 90' lang='lat' dir='ltr'><strong>quod</strong></span> <span class='ocrx_word' id='word_1_96' title='bbox 1228 2359 1279 2418; x_wconf 94' lang='lat' dir='ltr'><strong>est</strong></span> <span class='ocrx_word' id='word_1_97' title='bbox 1294 2349 1387 2418; x_wconf 84' lang='lat' dir='ltr'><strong>iuxta</strong></span> <span class='ocrx_word' id='word_1_98' title='bbox 1401 2351 1463 2418; x_wconf 88' lang='lat' dir='ltr'><strong>iiu-</strong></span> 
     </span>
     <span class='ocr_line' id='line_1_13' title="bbox 329 2456 1461 2545; baseline -0.004 -16"><span class='ocrx_word' id='word_1_99' title='bbox 329 2461 418 2529; x_wconf 90' lang='lat' dir='ltr'><strong>uium</strong></span> <span class='ocrx_word' id='word_1_100' title='bbox 427 2458 746 2545; x_wconf 87' lang='lat' dir='ltr'><strong>Rabacbapositum,</strong></span> <span class='ocrx_word' id='word_1_101' title='bbox 758 2456 904 2526; x_wconf 87' lang='lat' dir='ltr'><strong>dicentes</strong></span> <span class='ocrx_word' id='word_1_102' title='bbox 914 2459 994 2526; x_wconf 88' lang='lat' dir='ltr'><strong>iilud</strong></span> <span class='ocrx_word' id='word_1_103' title='bbox 1004 2457 1112 2526; x_wconf 80' lang='lat' dir='ltr'><strong>Castri</strong></span> <span class='ocrx_word' id='word_1_104' title='bbox 1126 2493 1461 2508; x_wconf 81' lang='lat'>------</span> 
     </span>
     <span class='ocr_line' id='line_1_14' title="bbox 327 2563 1461 2652; baseline -0.005 -16"><span class='ocrx_word' id='word_1_105' title='bbox 327 2570 415 2638; x_wconf 88' lang='lat' dir='ltr'><strong>idem</strong></span> <span class='ocrx_word' id='word_1_106' title='bbox 431 2571 558 2636; x_wconf 81' lang='lat' dir='ltr'><strong>Artena</strong></span> <span class='ocrx_word' id='word_1_107' title='bbox 572 2566 775 2652; x_wconf 88' lang='lat' dir='ltr'><strong>respondens</strong></span> <span class='ocrx_word' id='word_1_108' title='bbox 805 2565 898 2650; x_wconf 83' lang='lat' dir='ltr'><strong>dixit,</strong></span> <span class='ocrx_word' id='word_1_109' title='bbox 925 2587 1019 2634; x_wconf 89' lang='lat' dir='ltr'><strong>sunm</strong></span> <span class='ocrx_word' id='word_1_110' title='bbox 1039 2585 1112 2634; x_wconf 88' lang='lat' dir='ltr'><strong>esse</strong></span> <span class='ocrx_word' id='word_1_111' title='bbox 1130 2565 1213 2634; x_wconf 89' lang='lat' dir='ltr'><strong>iilud</strong></span> <span class='ocrx_word' id='word_1_112' title='bbox 1238 2563 1461 2634; x_wconf 86' lang='lat' dir='ltr'><strong>molendinum</strong></span> 
     </span>
     <span class='ocr_line' id='line_1_15' title="bbox 326 2672 1461 2760; baseline -0.006 -15"><span class='ocrx_word' id='word_1_113' title='bbox 326 2675 559 2745; x_wconf 87' lang='lat' dir='ltr'><strong>bereditarium</strong></span> <span class='ocrx_word' id='word_1_114' title='bbox 569 2675 612 2741; x_wconf 85' lang='lat' dir='ltr'><strong>ab</strong></span> <span class='ocrx_word' id='word_1_115' title='bbox 622 2674 767 2759; x_wconf 87' lang='lat' dir='ltr'><strong>antiquo,</strong></span> <span class='ocrx_word' id='word_1_116' title='bbox 781 2672 867 2758; x_wconf 88' lang='lat' dir='ltr'><strong>quod</strong></span> <span class='ocrx_word' id='word_1_117' title='bbox 877 2673 976 2742; x_wconf 86' lang='lat' dir='ltr'><strong>etiam</strong></span> <span class='ocrx_word' id='word_1_118' title='bbox 987 2673 1085 2760; x_wconf 83' lang='lat' dir='ltr'><strong>ydem</strong></span> <span class='ocrx_word' id='word_1_119' title='bbox 1095 2674 1193 2758; x_wconf 77' lang='lat' dir='ltr'><strong>longe</strong></span> <span class='ocrx_word' id='word_1_120' title='bbox 1202 2681 1279 2740; x_wconf 89' lang='lat' dir='ltr'><strong>autc</strong></span> <span class='ocrx_word' id='word_1_121' title='bbox 1288 2673 1331 2739; x_wconf 86' lang='lat' dir='ltr'><strong>ab</strong></span> <span class='ocrx_word' id='word_1_122' title='bbox 1341 2672 1461 2740; x_wconf 91' lang='lat' dir='ltr'><strong>eodem</strong></span> 
     </span>
     <span class='ocr_line' id='line_1_16' title="bbox 327 2781 1461 2868; baseline -0.004 -17"><span class='ocrx_word' id='word_1_123' title='bbox 327 2784 508 2868; x_wconf 85' lang='lat' dir='ltr'><strong>requisi-</strong></span> <span class='ocrx_word' id='word_1_124' title='bbox 523 2819 568 2831; x_wconf 91' lang='grc'>-</span> <span class='ocrx_word' id='word_1_125' title='bbox 584 2819 629 2832; x_wconf 89' lang='grc'><strong>-</strong></span> <span class='ocrx_word' id='word_1_126' title='bbox 643 2819 687 2832; x_wconf 86' lang='lat'><em>-</em></span> <span class='ocrx_word' id='word_1_127' title='bbox 704 2782 883 2850; x_wconf 77' lang='lat' dir='ltr'><strong>venerabili</strong></span> <span class='ocrx_word' id='word_1_128' title='bbox 894 2790 987 2868; x_wconf 90' lang='lat' dir='ltr'><strong>patre</strong></span> <span class='ocrx_word' id='word_1_129' title='bbox 1007 2781 1250 2867; x_wconf 84' lang='lat' dir='ltr'><strong>HeymoneDei</strong></span> <span class='ocrx_word' id='word_1_130' title='bbox 1260 2782 1374 2868; x_wconf 77' lang='lat' dir='ltr'><strong>gracia</strong></span> <span class='ocrx_word' id='word_1_131' title='bbox 1383 2781 1461 2846; x_wconf 89' lang='lat' dir='ltr'><strong>Wa-</strong></span> 
     </span>
     <span class='ocr_line' id='line_1_17' title="bbox 330 2887 1461 2976; baseline -0.002 -20"><span class='ocrx_word' id='word_1_132' title='bbox 330 2889 466 2976; x_wconf 86' lang='lat' dir='ltr'><strong>obyeusi</strong></span> <span class='ocrx_word' id='word_1_133' title='bbox 482 2887 668 2975; x_wconf 78' lang='lat' dir='ltr'><strong>Episcop03</strong></span> <span class='ocrx_word' id='word_1_134' title='bbox 694 2908 820 2956; x_wconf 89' lang='lat' dir='ltr'><strong>necnon</strong></span> <span class='ocrx_word' id='word_1_135' title='bbox 837 2889 971 2956; x_wconf 91' lang='lat' dir='ltr'><strong>Herrico</strong></span> <span class='ocrx_word' id='word_1_136' title='bbox 988 2887 1115 2958; x_wconf 81' lang='lat' dir='ltr'><strong>Comite</strong></span> <span class='ocrx_word' id='word_1_137' title='bbox 1130 2890 1243 2956; x_wconf 85' lang='lat' dir='ltr'><strong>Ferrei</strong></span> <span class='ocrx_word' id='word_1_138' title='bbox 1258 2887 1367 2956; x_wconf 83' lang='lat' dir='ltr'><strong>Castri</strong></span> <span class='ocrx_word' id='word_1_139' title='bbox 1391 2890 1461 2956; x_wconf 84' lang='lat' dir='ltr'><strong>exi·</strong></span> 
     </span>
     <span class='ocr_line' id='line_1_18' title="bbox 330 2992 1461 3082; baseline -0.004 -15"><span class='ocrx_word' id='word_1_140' title='bbox 330 3003 445 3080; x_wconf 88' lang='lat' dir='ltr'><strong>stente,</strong></span> <span class='ocrx_word' id='word_1_141' title='bbox 462 2995 518 3079; x_wconf 89' lang='lat' dir='ltr'><strong>qui</strong></span> <span class='ocrx_word' id='word_1_142' title='bbox 531 3001 607 3062; x_wconf 89' lang='lat' dir='ltr'><strong>tunc</strong></span> <span class='ocrx_word' id='word_1_143' title='bbox 616 3001 760 3081; x_wconf 86' lang='lat' dir='ltr'><strong>tempore</strong></span> <span class='ocrx_word' id='word_1_144' title='bbox 773 2995 898 3064; x_wconf 89' lang='lat' dir='ltr'><strong>iudices</strong></span> <span class='ocrx_word' id='word_1_145' title='bbox 913 3001 1006 3064; x_wconf 85' lang='lat' dir='ltr'><strong>erant</strong></span> <span class='ocrx_word' id='word_1_146' title='bbox 1021 3015 1119 3082; x_wconf 91' lang='lat' dir='ltr'><strong>snper</strong></span> <span class='ocrx_word' id='word_1_147' title='bbox 1133 2995 1326 3064; x_wconf 87' lang='lat' dir='ltr'><strong>reuocandis</strong></span> <span class='ocrx_word' id='word_1_148' title='bbox 1338 2992 1398 3082; x_wconf 89' lang='lat'><strong>(—</strong></span> <span class='ocrx_word' id='word_1_149' title='bbox 1412 3033 1461 3046; x_wconf 95' lang='lat'>-</span> 
     </span>
     <span class='ocr_line' id='line_1_19' title="bbox 329 3099 1460 3192; baseline 0 -22"><span class='ocrx_word' id='word_1_150' title='bbox 329 3137 621 3156; x_wconf 58' lang='lat'><em>—————</em></span> <span class='ocrx_word' id='word_1_151' title='bbox 645 3099 752 3189; x_wconf 64' lang='lat' dir='ltr'><strong>Rogo</strong></span> <span class='ocrx_word' id='word_1_152' title='bbox 776 3103 960 3192; x_wconf 88' lang='lat' dir='ltr'><strong>constituti,</strong></span> <span class='ocrx_word' id='word_1_153' title='bbox 986 3124 1058 3171; x_wconf 91' lang='lat' dir='ltr'><strong>cum</strong></span> <span class='ocrx_word' id='word_1_154' title='bbox 1082 3103 1255 3190; x_wconf 85' lang='lat' dir='ltr'><strong>priuilegio</strong></span> <span class='ocrx_word' id='word_1_155' title='bbox 1280 3103 1460 3171; x_wconf 88' lang='lat' dir='ltr'><strong>eomndem</strong></span> 
     </span>
     <span class='ocr_line' id='line_1_20' title="bbox 332 3209 1457 3295; baseline -0.005 -14"><span class='ocrx_word' id='word_1_156' title='bbox 332 3211 396 3281; x_wconf 92' lang='lat' dir='ltr'><strong>sibi</strong></span> <span class='ocrx_word' id='word_1_157' title='bbox 411 3211 633 3278; x_wconf 81' lang='lat' dir='ltr'><strong>confirmatum</strong></span> <span class='ocrx_word' id='word_1_158' title='bbox 648 3209 835 3295; x_wconf 56' lang='lat' dir='ltr'><strong>asserebam</strong></span> <span class='ocrx_word' id='word_1_159' title='bbox 862 3209 950 3294; x_wconf 88' lang='lat' dir='ltr'><strong>quod</strong></span> <span class='ocrx_word' id='word_1_160' title='bbox 964 3209 1050 3276; x_wconf 94' lang='lat' dir='ltr'><strong>idem</strong></span> <span class='ocrx_word' id='word_1_161' title='bbox 1069 3212 1195 3276; x_wconf 76' lang='lat' dir='ltr'><strong>smum</strong></span> <span class='ocrx_word' id='word_1_162' title='bbox 1210 3211 1244 3277; x_wconf 89' lang='lat' dir='ltr'><strong>in</strong></span> <span class='ocrx_word' id='word_1_163' title='bbox 1260 3209 1313 3276; x_wconf 92' lang='lat' dir='ltr'><strong>die</strong></span> <span class='ocrx_word' id='word_1_164' title='bbox 1338 3209 1457 3294; x_wconf 90' lang='lat' dir='ltr'><strong>proba-</strong></span> 
     </span>
     <span class='ocr_line' id='line_1_21' title="bbox 330 3318 1455 3402; baseline -0.001 -16"><span class='ocrx_word' id='word_1_165' title='bbox 330 3319 441 3402; x_wconf 90' lang='lat' dir='ltr'><strong>cionis,</strong></span> <span class='ocrx_word' id='word_1_166' title='bbox 467 3318 591 3386; x_wconf 88' lang='lat' dir='ltr'><strong>scilicet</strong></span> <span class='ocrx_word' id='word_1_167' title='bbox 608 3318 642 3384; x_wconf 90' lang='lat' dir='ltr'><strong>in</strong></span> <span class='ocrx_word' id='word_1_168' title='bbox 668 3325 787 3387; x_wconf 89' lang='lat' dir='ltr'><strong>octava</strong></span> <span class='ocrx_word' id='word_1_169' title='bbox 805 3319 920 3386; x_wconf 87' lang='lat' dir='ltr'><strong>Sancti</strong></span> <span class='ocrx_word' id='word_1_170' title='bbox 936 3319 1036 3402; x_wconf 78' lang='lat' dir='ltr'><strong>Regis</strong></span> <span class='ocrx_word' id='word_1_171' title='bbox 1050 3355 1455 3368; x_wconf 86' lang='lat'>———————</span> 
     </span>
     <span class='ocr_line' id='line_1_22' title="bbox 326 3425 1458 3514; baseline 0.002 -21"><span class='ocrx_word' id='word_1_172' title='bbox 326 3462 370 3474; x_wconf 89' lang='lat'><em>-</em></span> <span class='ocrx_word' id='word_1_173' title='bbox 381 3463 425 3475; x_wconf 94' lang='lat'><em>-</em></span> <span class='ocrx_word' id='word_1_174' title='bbox 440 3427 474 3493; x_wconf 92' lang='lat' dir='ltr'><strong>in</strong></span> <span class='ocrx_word' id='word_1_175' title='bbox 490 3426 606 3493; x_wconf 89' lang='lat' dir='ltr'><strong>litteris</strong></span> <span class='ocrx_word' id='word_1_176' title='bbox 617 3425 814 3493; x_wconf 86' lang='lat' dir='ltr'><strong>Vioeiudicis</strong></span> <span class='ocrx_word' id='word_1_177' title='bbox 830 3427 933 3493; x_wconf 85' lang='lat' dir='ltr'><strong>nostri</strong></span> <span class='ocrx_word' id='word_1_178' title='bbox 947 3434 1024 3493; x_wconf 86' lang='lat' dir='ltr'><strong>ante</strong></span> <span class='ocrx_word' id='word_1_179' title='bbox 1034 3427 1203 3495; x_wconf 90' lang='lat' dir='ltr'><strong>memorati</strong></span> <span class='ocrx_word' id='word_1_180' title='bbox 1218 3427 1458 3514; x_wconf 75' lang='lat' dir='ltr'><strong>perspeximus,</strong></span> 
     </span>
     <span class='ocr_line' id='line_1_23' title="bbox 327 3533 1457 3621; baseline 0.002 -21"><span class='ocrx_word' id='word_1_181' title='bbox 327 3534 562 3621; x_wconf 87' lang='lat' dir='ltr'><strong>comprobauit.</strong></span> <span class='ocrx_word' id='word_1_182' title='bbox 578 3533 703 3612; x_wconf 84' lang='lat' dir='ltr'><strong>Quibus</strong></span> <span class='ocrx_word' id='word_1_183' title='bbox 714 3534 882 3621; x_wconf 87' lang='lat' dir='ltr'><strong>inspectis,</strong></span> <span class='ocrx_word' id='word_1_184' title='bbox 899 3543 932 3602; x_wconf 90' lang='lat' dir='ltr'><strong>et</strong></span> <span class='ocrx_word' id='word_1_185' title='bbox 944 3535 1122 3602; x_wconf 89' lang='lat' dir='ltr'><strong>earundem</strong></span> <span class='ocrx_word' id='word_1_186' title='bbox 1133 3536 1347 3621; x_wconf 89' lang='lat' dir='ltr'><strong>continencijs</strong></span> <span class='ocrx_word' id='word_1_187' title='bbox 1357 3535 1457 3602; x_wconf 89' lang='lat' dir='ltr'><strong>fidem</strong></span> 
     </span>
     <span class='ocr_line' id='line_1_24' title="bbox 327 3640 1458 3728; baseline 0.004 -22"><span class='ocrx_word' id='word_1_188' title='bbox 327 3641 458 3727; x_wconf 86' lang='lat' dir='ltr'><strong>plenam</strong></span> <span class='ocrx_word' id='word_1_189' title='bbox 476 3640 678 3726; x_wconf 81' lang='lat' dir='ltr'><strong>adhibentes,</strong></span> <span class='ocrx_word' id='word_1_190' title='bbox 696 3643 805 3728; x_wconf 94' lang='lat' dir='ltr'><strong>ipsum</strong></span> <span class='ocrx_word' id='word_1_191' title='bbox 820 3679 865 3692; x_wconf 94' lang='lat'>-</span> <span class='ocrx_word' id='word_1_192' title='bbox 879 3679 924 3692; x_wconf 94' lang='lat'>-</span> <span class='ocrx_word' id='word_1_193' title='bbox 939 3679 984 3692; x_wconf 90' lang='lat'><strong>·-</strong></span> <span class='ocrx_word' id='word_1_194' title='bbox 999 3645 1125 3710; x_wconf 85' lang='lat' dir='ltr'><strong>Artuna</strong></span> <span class='ocrx_word' id='word_1_195' title='bbox 1140 3660 1179 3709; x_wconf 93' lang='lat' dir='ltr'><strong>eo</strong></span> <span class='ocrx_word' id='word_1_196' title='bbox 1195 3641 1274 3721; x_wconf 84' lang='lat' dir='ltr'><strong>iure,</strong></span> <span class='ocrx_word' id='word_1_197' title='bbox 1295 3661 1360 3727; x_wconf 90' lang='lat' dir='ltr'><strong>quo</strong></span> <span class='ocrx_word' id='word_1_198' title='bbox 1377 3651 1458 3711; x_wconf 91' lang='lat' dir='ltr'><strong>ante</strong></span> 
     </span>
     <span class='ocr_line' id='line_1_25' title="bbox 326 3747 1457 3836; baseline 0.001 -19"><span class='ocrx_word' id='word_1_199' title='bbox 326 3749 529 3836; x_wconf 79' lang='lat' dir='ltr'><strong>possederat,</strong></span> <span class='ocrx_word' id='word_1_200' title='bbox 555 3749 707 3817; x_wconf 83' lang='lat' dir='ltr'><strong>duximus</strong></span> <span class='ocrx_word' id='word_1_201' title='bbox 723 3747 990 3835; x_wconf 75' lang='lat' dir='ltr'><strong>relinquendum,</strong></span> <span class='ocrx_word' id='word_1_202' title='bbox 1009 3750 1141 3816; x_wconf 89' lang='lat' dir='ltr'><strong>tandem</strong></span> <span class='ocrx_word' id='word_1_203' title='bbox 1158 3767 1230 3815; x_wconf 92' lang='lat' dir='ltr'><strong>cum</strong></span> <span class='ocrx_word' id='word_1_204' title='bbox 1248 3749 1457 3834; x_wconf 81' lang='lat' dir='ltr'><strong>iobagiones,</strong></span> 
     </span>
     <span class='ocr_line' id='line_1_26' title="bbox 325 3855 1456 3943; baseline 0.001 -21"><span class='ocrx_word' id='word_1_205' title='bbox 325 3855 542 3943; x_wconf 83' lang='lat' dir='ltr'><strong>prenominati</strong></span> <span class='ocrx_word' id='word_1_206' title='bbox 566 3857 601 3922; x_wconf 91' lang='lat' dir='ltr'><strong>in</strong></span> <span class='ocrx_word' id='word_1_207' title='bbox 621 3865 740 3925; x_wconf 83' lang='lat' dir='ltr'><strong>octava</strong></span> <span class='ocrx_word' id='word_1_208' title='bbox 765 3858 866 3924; x_wconf 87' lang='lat' dir='ltr'><strong>Beate</strong></span> <span class='ocrx_word' id='word_1_209' title='bbox 891 3857 1037 3943; x_wconf 79' lang='lat' dir='ltr'><strong>Virginis</strong></span> <span class='ocrx_word' id='word_1_210' title='bbox 1052 3891 1456 3906; x_wconf 83' lang='lat'>———————</span> 
     </span>
     <span class='ocr_line' id='line_1_27' title="bbox 324 3965 1457 4052; baseline 0.001 -22"><span class='ocrx_word' id='word_1_211' title='bbox 324 4001 368 4013; x_wconf 89' lang='lat'><em>-</em></span> <span class='ocrx_word' id='word_1_212' title='bbox 384 4003 428 4013; x_wconf 91' lang='lat'><em>-</em></span> <span class='ocrx_word' id='word_1_213' title='bbox 444 4001 489 4012; x_wconf 92' lang='lat'><strong>-·</strong></span> <span class='ocrx_word' id='word_1_214' title='bbox 504 4002 548 4014; x_wconf 91' lang='lat'>-</span> <span class='ocrx_word' id='word_1_215' title='bbox 563 3965 663 4050; x_wconf 79' lang='lat' dir='ltr'><strong>Regis</strong></span> <span class='ocrx_word' id='word_1_216' title='bbox 679 3966 905 4052; x_wconf 85' lang='lat' dir='ltr'><strong>accessissent,</strong></span> <span class='ocrx_word' id='word_1_217' title='bbox 922 3986 988 4032; x_wconf 91' lang='lat' dir='ltr'><strong>una</strong></span> <span class='ocrx_word' id='word_1_218' title='bbox 1004 3985 1076 4032; x_wconf 87' lang='lat' dir='ltr'><strong>cum</strong></span> <span class='ocrx_word' id='word_1_219' title='bbox 1092 3967 1217 4032; x_wconf 85' lang='lat' dir='ltr'><strong>Artuna</strong></span> <span class='ocrx_word' id='word_1_220' title='bbox 1233 3981 1342 4031; x_wconf 90' lang='lat' dir='ltr'><strong>coram</strong></span> <span class='ocrx_word' id='word_1_221' title='bbox 1358 3965 1457 4031; x_wconf 89' lang='lat' dir='ltr'><strong>nobis</strong></span> 
     </span>
     <span class='ocr_line' id='line_1_28' title="bbox 326 4069 1455 4159; baseline -0.003 -20"><span class='ocrx_word' id='word_1_222' title='bbox 326 4072 501 4156; x_wconf 90' lang='lat' dir='ltr'><strong>constituti,</strong></span> <span class='ocrx_word' id='word_1_223' title='bbox 529 4092 568 4139; x_wconf 96' lang='lat' dir='ltr'><strong>eo</strong></span> <span class='ocrx_word' id='word_1_224' title='bbox 593 4072 680 4154; x_wconf 92' lang='lat' dir='ltr'><strong>quod</strong></span> <span class='ocrx_word' id='word_1_225' title='bbox 705 4073 857 4159; x_wconf 85' lang='lat' dir='ltr'><strong>ampliori</strong></span> <span class='ocrx_word' id='word_1_226' title='bbox 881 4073 1066 4141; x_wconf 89' lang='lat' dir='ltr'><strong>testimonio</strong></span> <span class='ocrx_word' id='word_1_227' title='bbox 1092 4091 1194 4138; x_wconf 78' lang='lat' dir='ltr'><strong>causa</strong></span> <span class='ocrx_word' id='word_1_228' title='bbox 1218 4069 1323 4156; x_wconf 89' lang='lat' dir='ltr'><strong>ipsius</strong></span> <span class='ocrx_word' id='word_1_229' title='bbox 1342 4075 1455 4137; x_wconf 87' lang='lat' dir='ltr'><strong>contir-</strong></span> 
     </span>
     <span class='ocr_line' id='line_1_29' title="bbox 323 4177 1456 4262; baseline -0.002 -18"><span class='ocrx_word' id='word_1_230' title='bbox 323 4199 411 4246; x_wconf 89' lang='lat' dir='ltr'><strong>mare</strong></span> <span class='ocrx_word' id='word_1_231' title='bbox 436 4177 556 4246; x_wconf 92' lang='lat' dir='ltr'><strong>debeat</strong></span> <span class='ocrx_word' id='word_1_232' title='bbox 571 4215 1089 4232; x_wconf 81' lang='lat'>---------</span> <span class='ocrx_word' id='word_1_233' title='bbox 1109 4177 1203 4244; x_wconf 92' lang='lat' dir='ltr'><strong>nobis</strong></span> <span class='ocrx_word' id='word_1_234' title='bbox 1219 4179 1281 4245; x_wconf 87' lang='lat' dir='ltr'><strong>init</strong></span> <span class='ocrx_word' id='word_1_235' title='bbox 1298 4177 1456 4262; x_wconf 88' lang='lat' dir='ltr'><strong>debitum,</strong></span> 
     </span>
     <span class='ocr_line' id='line_1_30' title="bbox 326 4283 1455 4372; baseline 0.002 -22"><span class='ocrx_word' id='word_1_236' title='bbox 326 4285 370 4351; x_wconf 88' lang='lat' dir='ltr'><strong>ad</strong></span> <span class='ocrx_word' id='word_1_237' title='bbox 386 4283 518 4353; x_wconf 92' lang='lat' dir='ltr'><strong>eosdem</strong></span> <span class='ocrx_word' id='word_1_238' title='bbox 531 4285 667 4352; x_wconf 86' lang='lat' dir='ltr'><strong>fecimus</strong></span> <span class='ocrx_word' id='word_1_239' title='bbox 683 4287 944 4372; x_wconf 65' lang='lat' dir='ltr'><strong>inquisitionem</strong></span> <span class='ocrx_word' id='word_1_240' title='bbox 962 4305 1062 4372; x_wconf 89' lang='lat' dir='ltr'><strong>super</strong></span> <span class='ocrx_word' id='word_1_241' title='bbox 1078 4307 1141 4371; x_wconf 91' lang='lat' dir='ltr'><strong>quo</strong></span> <span class='ocrx_word' id='word_1_242' title='bbox 1151 4284 1253 4371; x_wconf 87' lang='lat' dir='ltr'><strong>ijdem</strong></span> <span class='ocrx_word' id='word_1_243' title='bbox 1270 4285 1347 4350; x_wconf 84' lang='lat' dir='ltr'><strong>viva</strong></span> <span class='ocrx_word' id='word_1_244' title='bbox 1362 4305 1455 4370; x_wconf 89' lang='lat' dir='ltr'><strong>noce,</strong></span> 
     </span>
     <span class='ocr_line' id='line_1_31' title="bbox 325 4389 1457 4479; baseline 0.006 -25"><span class='ocrx_word' id='word_1_245' title='bbox 325 4389 402 4472; x_wconf 89' lang='lat' dir='ltr'><strong>qnia</strong></span> <span class='ocrx_word' id='word_1_246' title='bbox 426 4390 509 4458; x_wconf 83' lang='lat' dir='ltr'><strong>falso</strong></span> <span class='ocrx_word' id='word_1_247' title='bbox 526 4393 655 4461; x_wconf 90' lang='lat' dir='ltr'><strong>tramite</strong></span> <span class='ocrx_word' id='word_1_248' title='bbox 680 4394 857 4479; x_wconf 82' lang='lat' dir='ltr'><strong>procedere</strong></span> <span class='ocrx_word' id='word_1_249' title='bbox 882 4413 918 4461; x_wconf 94' lang='lat' dir='ltr'><strong>se</strong></span> <span class='ocrx_word' id='word_1_250' title='bbox 943 4399 1275 4479; x_wconf 86' lang='lat' dir='ltr'><strong>recognoscentes-</strong></span> <span class='ocrx_word' id='word_1_251' title='bbox 1294 4427 1330 4440; x_wconf 89' lang='lat'><em>-</em></span> <span class='ocrx_word' id='word_1_252' title='bbox 1350 4427 1394 4440; x_wconf 88' lang='lat'><strong>·-</strong></span> <span class='ocrx_word' id='word_1_253' title='bbox 1408 4429 1457 4443; x_wconf 91' lang='lat'><em>-</em></span> 
     </span>
     <span class='ocr_line' id='line_1_32' title="bbox 322 4495 1455 4583; baseline -0.002 -21"><span class='ocrx_word' id='word_1_254' title='bbox 322 4531 367 4544; x_wconf 94' lang='lat'>-</span> <span class='ocrx_word' id='word_1_255' title='bbox 383 4531 427 4542; x_wconf 89' lang='lat'>—</span> <span class='ocrx_word' id='word_1_256' title='bbox 445 4533 487 4542; x_wconf 96' lang='lat'>—</span> <span class='ocrx_word' id='word_1_257' title='bbox 503 4533 546 4543; x_wconf 90' lang='lat'><strong>—</strong></span> <span class='ocrx_word' id='word_1_258' title='bbox 562 4499 719 4565; x_wconf 86' lang='lat' dir='ltr'><strong>excedere</strong></span> <span class='ocrx_word' id='word_1_259' title='bbox 743 4499 901 4583; x_wconf 88' lang='lat' dir='ltr'><strong>nolentes,</strong></span> <span class='ocrx_word' id='word_1_260' title='bbox 919 4517 1029 4566; x_wconf 89' lang='lat' dir='ltr'><strong>eoram</strong></span> <span class='ocrx_word' id='word_1_261' title='bbox 1054 4495 1149 4565; x_wconf 89' lang='lat' dir='ltr'><strong>uobis</strong></span> <span class='ocrx_word' id='word_1_262' title='bbox 1166 4495 1368 4581; x_wconf 87' lang='lat' dir='ltr'><strong>sepedictum</strong></span> <span class='ocrx_word' id='word_1_263' title='bbox 1387 4516 1455 4561; x_wconf 92' lang='lat' dir='ltr'><strong>mo-</strong></span> 
     </span>
     <span class='ocr_line' id='line_1_33' title="bbox 324 4601 1459 4691; baseline 0.004 -25"><span class='ocrx_word' id='word_1_264' title='bbox 324 4601 492 4666; x_wconf 88' lang='lat' dir='ltr'><strong>lendinum</strong></span> <span class='ocrx_word' id='word_1_265' title='bbox 517 4601 603 4670; x_wconf 93' lang='lat' dir='ltr'><strong>dicto</strong></span> <span class='ocrx_word' id='word_1_266' title='bbox 628 4605 765 4690; x_wconf 83' lang='lat' dir='ltr'><strong>Artuns,</strong></span> <span class='ocrx_word' id='word_1_267' title='bbox 792 4613 888 4691; x_wconf 90' lang='lat' dir='ltr'><strong>prout</strong></span> <span class='ocrx_word' id='word_1_268' title='bbox 904 4605 1052 4690; x_wconf 88' lang='lat' dir='ltr'><strong>decebat,</strong></span> <span class='ocrx_word' id='word_1_269' title='bbox 1078 4605 1111 4671; x_wconf 90' lang='lat' dir='ltr'><strong>in</strong></span> <span class='ocrx_word' id='word_1_270' title='bbox 1131 4625 1213 4691; x_wconf 86' lang='lat' dir='ltr'><strong>pace</strong></span> <span class='ocrx_word' id='word_1_271' title='bbox 1232 4602 1459 4688; x_wconf 85' lang='lat' dir='ltr'><strong>relinquerunt</strong></span> 
     </span>
    </p>
   </div>
   <div class='ocr_carea' id='block_1_3' title="bbox 0 0 1556 5160">
    <p class='ocr_par' dir='ltr' id='par_1_3' title="bbox 0 0 1556 5160">
     <span class='ocr_line' id='line_1_34' title="bbox 0 0 1556 5160; baseline 0 2"><span class='ocrx_word' id='word_1_272' title='bbox 0 0 1556 5160; x_wconf 95' lang='lat' dir='ltr'><strong> </strong></span> 
     </span>
    </p>
   </div>
  </div>
 </body>
</html>
