3148 5156
362 477 433 542 Hae
448 476 552 542 eciam
577 473 784 558 obligacionc
809 475 987 559 interiecta,
1014 477 1148 561 quodsi
1175 495 1233 562 per
1249 477 1394 560 aliquam
1413 495 1485 560 que·

263 623 265 628 ,
361 584 499 651 stionem
516 584 556 650 de
572 583 668 649 terris
686 584 751 650 iam
762 582 937 652 nominatis
953 582 1059 650 amitti
1076 584 1288 668 contingeret,
1305 590 1430 652 tontum
1446 583 1486 649 de

361 691 430 758 alia
444 697 530 758 terra
540 696 651 757 nostra
661 690 841 776 ubicunque
861 711 901 758 ex
911 691 977 758 ista
989 697 1082 778 parte
1092 692 1214 758 Drawa
1226 695 1334 776 preter
1345 697 1487 756 castrum

361 806 506 866 nostram
522 798 726 884 habebimus,
742 805 890 866 tenemur
906 799 1012 867 eidem
1028 800 1101 866 siue
1117 800 1174 866 lite
1189 804 1383 868 restaurare.
1410 799 1486 878 Qni-

363 907 422 973 bus
438 891 702 993 possessionibus
728 906 756 972 si
772 905 917 992 peccatis
933 907 1138 993 exigentibus
1164 927 1293 974 carrere
1312 907 1486 990 debemus;

361 1015 590 1082 nichilominus
614 1014 656 1081 (le
672 1023 759 1082 terra
774 1019 888 1083 nostra
903 1015 1044 1103 propria,
1072 1015 1257 1100 vbiouuque
1275 1014 1369 1082 nobis
1386 1033 1487 1080 rema-

361 1127 472 1204 neret,
498 1126 623 1187 tantam
649 1127 681 1188 et
705 1122 873 1206 equalem;
906 1121 998 1188 iuxta
1023 1121 1223 1188 sentenciam
1248 1120 1488 1188 uenerabilium

361 1229 515 1313 uirorum,
531 1226 683 1296 uidelicet
698 1229 861 1296 Abbotum
878 1229 919 1296 dc
936 1230 1073 1314 Simigio
1089 1236 1122 1297 et
1137 1228 1288 1314 Zaladia,
1305 1228 1413 1296 eidem
1431 1229 1490 1296 Co·

363 1336 431 1404 miti
447 1337 483 1402 L.
501 1341 645 1403 statuere
661 1337 853 1422 tenebimur,
878 1343 985 1424 preter
1000 1347 1144 1406 castrum
1160 1341 1305 1406 nostram
1320 1335 1490 1422 supradic-

362 1453 439 1511 tam.
465 1444 585 1510 Verum
602 1443 715 1529 eciam,
733 1444 763 1510 si
778 1463 837 1512 nos
854 1445 937 1512 mori
953 1445 1131 1532 contingat,
1156 1452 1190 1512 et
1204 1446 1279 1531 ipsa
1294 1461 1398 1512 causa
1412 1463 1490 1527 que-

362 1549 479 1620 stionis
506 1555 651 1634 tempore
673 1550 731 1634 filij
758 1551 861 1618 nostri
886 1553 1024 1622 forsitan
1049 1552 1279 1636 suscitabitur,
1305 1551 1378 1637 ipse
1403 1550 1492 1616 lilius

362 1666 472 1726 noster
497 1663 630 1742 propter
655 1657 829 1726 iulanoiam
855 1679 990 1728 causam
1016 1681 1080 1728 non
1098 1661 1196 1728 debet
1219 1677 1408 1747 prorogare,
1431 1656 1492 1724 sed

362 1763 527 1852 subplebit
541 1765 813 1850 composicionem
837 1768 1046 1851 antedictam,
1063 1768 1146 1836 siout
1165 1767 1199 1833 in
1223 1765 1341 1833 litteris
1357 1762 1492 1832 Andree

363 1881 440 1940 tuno
457 1871 592 1939 Comitis
609 1874 850 1942 Warosdieusis
874 1879 1072 1962 continctum
1093 1876 1147 1962 qui
1163 1875 1248 1944 iuter
1272 1894 1332 1942 uos
1351 1893 1393 1941 eu
1419 1893 1493 1959 spe·

363 1981 441 2047 ciali
457 1979 611 2047 mandato
621 1981 700 2047 Belo
716 1981 839 2050 domini
859 1987 961 2052 nostri
970 1985 1112 2052 illustris
1124 1985 1225 2070 Regis
1235 1983 1382 2070 Ungarie
1392 2001 1493 2068 super

363 2088 436 2175 ipso
452 2089 641 2156 concambio
658 2091 765 2157 extitit
781 2091 977 2160 ordinatum.
1002 2097 1096 2162 Anno
1113 2092 1246 2161 Domini
1261 2093 1306 2158 llo
1317 2089 1384 2158 00⁰
1399 2090 1492 2175 qnin-

363 2197 554 2284 quagesimo
579 2203 682 2264 serto.

363 2396 500 2463 (Ersdstie
513 2389 685 2460 borhirtyin,
699 2385 819 2458 apscsit
829 2393 966 2456 elucescit,
980 2396 1087 2448 abrodat
1101 2395 1153 2446 lrir.
1168 2397 1290 2448 lamanai
1300 2391 1494 2463 lertltlrbsn.)

800 2679 1053 2692 *nun-

889 3109 967 3178 318.
1024 3145 1033 3167 ⁴

364 3297 497 3380 Royoao
524 3299 552 3357 e's
569 3293 699 3357 Ancona
725 3289 916 3356 odroaoknok
931 3291 1074 3376 ortzonpoa
1099 3293 1216 3376 ierapoli
1236 3291 1498 3358 bataimaolrodu'-

501 3400 615 3464 oolmol·
630 3399 852 3483 lfieyyeolr'te'ae't
867 3403 1017 3484 tcirpyczo'
1032 3385 1232 3485 o'pyezkecle'se.
1250 3397 1348 3464 1256.

471 3597 508 3662 ln
533 3591 819 3662 nomine'Domini
835 3593 949 3662 Amen.
973 3592 1068 3660 Anno
1085 3591 1230 3682 ciusdem
1255 3592 1499 3664 M.GO.L.V1.

362 3716 507 3792 tempore
517 3702 638 3772 domini
648 3700 828 3768 Alexandri
839 3703 930 3786 Papo
947 3701 1054 3784 quarti
1070 3738 1114 3748 -
1130 3738 1175 3749 -
1190 3737 1235 3750 ·-
1250 3739 1295 3750 -
1309 3703 1501 3772 Carbonius

362 3813 491 3899 rugoli,
507 3813 652 3880 lacobus
669 3811 710 3878 de
725 3809 920 3894 Patinianis‚
937 3810 1043 3877 etalii
1059 3810 1258 3898 infrascripti
1274 3813 1363 3879 cives
1384 3813 1501 3880 Anco-

363 3921 468 3990 nitani
484 3920 643 3988 habereut
669 3919 840 3986 licenciam
857 3924 889 3984 et
905 3925 1100 4005 potestatem
1116 3940 1139 3986 a
1152 3921 1322 3987 Potestate
1346 3927 1380 3987 et
1399 3919 1501 3986 Gom-

364 4031 452 4099 muni
467 4031 612 4112 Ancone,
637 4026 789 4112 cupiendi
805 4061 1087 4074 -----
1105 4025 1218 4094 uitatis
1235 4026 1373 4110 Ragusii
1390 4046 1505 4110 usqne

363 4139 406 4206 ad
421 4138 565 4205 valorem
581 4141 613 4203 et
629 4135 843 4219 quantitatem
857 4134 945 4202 mille
961 4141 994 4202 et
1009 4141 1198 4201 sexcentum
1214 4131 1371 4202 librarum
1386 4136 1505 4204 Anco·

353 4241 547 4312 'nitanarum
573 4250 606 4310 et
622 4247 747 4328 septem
772 4263 831 4327 pro
857 4241 954 4309 rebus
979 4241 1027 4308 eis
1052 4240 1173 4307 ablatis
1199 4239 1232 4306 in
1248 4239 1400 4308 hannone
1421 4241 1508 4308 sive

363 4370 447 4418 nare
472 4350 579 4433 Sergii
604 4351 646 4418 de
671 4349 815 4434 Rugusio
839 4349 883 4416 ad
906 4356 1035 4436 portum
1053 4385 1096 4396 -
1115 4387 1156 4396 -
1172 4386 1215 4396 —
1232 4355 1445 4418 ——natorum
1479 4373 1510 4418 a

365 4455 502 4540 pyratis,
529 4457 588 4522 sub
605 4455 681 4522 dolo
698 4462 730 4522 et
748 4455 862 4522 fraude
878 4455 957 4523 dicti
973 4457 1079 4544 Sergij
1098 4463 1131 4526 et
1145 4456 1396 4524 mortuariorum
1416 4475 1510 4525 suo-

365 4579 436 4626 rum
453 4559 493 4624 de
503 4561 617 4627 eadem
627 4563 868 4648 terraRagusii,
885 4563 941 4646 qui
952 4571 1046 4634 eraut
1057 4563 1090 4631 in
1101 4563 1295 4650 dictanaue,
1311 4563 1515 4636 secundum
