3134 5158
791 308 948 412 „ne-

310 509 401 577 cione
426 508 544 576 fratres
561 507 792 594 strigoniensis
810 506 954 594 Capituli
970 503 1158 574 tenerentur
1184 506 1323 576 reddere
1341 507 1441 576 abso·

307 620 413 702 lutos;
432 615 620 699 dictamque
630 634 789 683 summam
801 615 938 702 pecunie
959 613 1099 683 confessi
1116 623 1190 683 sunt
1205 617 1294 683 seed
1303 616 1441 703 plenum

307 725 480 812 recepisse,
509 723 739 791 renunciantes
759 724 846 792 omni
862 725 936 810 iuri,
961 722 1048 807 quod
1071 723 1154 810 ipsis
1170 733 1203 792 et
1226 725 1370 812 ipsorum
1386 745 1441 794 co

307 834 416 919 gnatis
433 833 467 899 in
495 831 642 918 predicta
658 839 746 898 terra
766 830 857 898 Ebed
884 849 1076 916 quocunque
1100 831 1193 901 titulo
1220 833 1440 920 competebat.

307 943 428 1008 Datum
455 959 513 1027 per
539 959 656 1007 manus
681 939 833 1024 Magistri
850 939 1016 1026 Ambrosij
1034 940 1191 1026 lectoris,
1216 961 1301 1009 anno
1326 941 1443 1026 gracie

308 1050 483 1117 millesimo
500 1045 567 1114 (30ο
585 1048 872 1133 quinquagesimo;
899 1051 1010 1116 Aaron
1026 1047 1176 1133 (lentore,
1194 1048 1320 1118 Thema
1334 1049 1441 1116 tercio

311 1157 396 1247 (lgy)
413 1157 568 1242 Custode,
586 1158 688 1226 Paulo
706 1158 838 1225 Decano
855 1165 887 1225 et
903 1159 1019 1225 ceteris
1036 1157 1261 1225 existentibus.

309 1337 358 1403 (Aa
373 1339 473 1394 ersdeti
492 1336 558 1392 utuln
573 1341 670 1391 Knaus
682 1340 706 1390 N
712 1335 803 1402 dndor,
823 1341 936 1405 Magyar
956 1339 1022 1390 Sion
1035 1341 1071 1390 11.
1086 1339 1142 1394 ket.
1158 1340 1219 1391 ote.
1233 1339 1251 1389 l.
1270 1339 1302 1389 V.
1316 1344 1339 1390 ὅ.
1355 1335 1442 1404 Fejer

643 1427 707 1480 (lod.
721 1427 792 1494 Dipl.
807 1427 853 1480 1v.
868 1428 924 1480 ket.
938 1430 963 1478 2.
978 1444 999 1480 r.
1012 1427 1055 1477 81.
1069 1421 1099 1494 l.)

737 1731 1005 1748 m

829 2183 906 2251 219.

308 2349 532 2416 diocesaraea
558 2353 737 2436 ecaterpama'
760 2350 973 2434 kortvcatjc'nek
1000 2347 1268 2434 bc'zortpao'qlecelc,
1295 2331 1356 2407 Oro
1374 2345 1437 2408 bir-

617 2459 726 2524 alcala
741 2459 1004 2541 batdtp'drciadrdl.
1028 2455 1125 2520 1250.

417 2655 485 2722 Nos
501 2654 600 2720 irater
614 2655 654 2720 H.
670 2653 826 2738 Magister
843 2661 874 2719 et
890 2653 1033 2719 uniuersi
1061 2649 1177 2716 fratres
1195 2646 1439 2716 cruciferorum

309 2764 455 2830 Ecclesia
471 2763 583 2829 sancti
599 2762 758 2848 Stephani
769 2763 869 2846 Regis
886 2763 927 2827 de
944 2759 1110 2846 strigonio
1126 2758 1348 2842 significamus
1365 2757 1437 2838 qui·

309 2871 368 2937 bus
385 2870 517 2956 expedit
533 2869 693 2937 uniuersis
709 2869 912 2956 presencium
928 2889 988 2955 per
1002 2875 1157 2952 tenorem,
1181 2864 1267 2950 quod
1284 2885 1356 2930 enm
1373 2884 1437 2930 nos

309 2978 401 3044 iuxta
426 2983 614 3064 preceptum
638 2979 865 3047 litteratorium
892 2979 1015 3044 domini
1040 2977 1144 3045 nostri
1170 2976 1249 3041 Belo
1265 2972 1365 3057 Regis
1391 2973 1438 3038 ad

309 3083 513 3151 statuendam
530 3086 695 3168 quandam
711 3087 952 3171 possessionem
969 3087 1033 3152 Vrs
1049 3090 1201 3152 uocatam
1219 3083 1254 3146 in
1271 3080 1436 3147 Oomitatn

307 3191 522 3274 strigoniensi
548 3191 750 3278 existentem,
776 3193 1051 3260 in-concambium
1068 3191 1236 3258 cuiusdam
1253 3187 1438 3274 possessio·

309 3301 359 3367 nis
383 3299 691 3387 Arcbiepiscopatus
714 3301 946 3385 strigoniensis
977 3299 1088 3367 Securi
1112 3305 1261 3365 vocatam
1286 3295 1438 3362 Ecclesia

311 3413 344 3474 et
358 3407 660 3494 Arcbiepiscopatui
678 3408 892 3494 strigoniensi
921 3427 979 3492 per
993 3409 1101 3493 ipsum
1127 3404 1292 3473 dominum
1309 3404 1437 3486 Regem

309 3515 472 3598 traditam,
490 3534 561 3582 cum
578 3515 703 3582 Gemite
718 3515 894 3601 Lamperto
911 3515 1041 3582 homine
1051 3513 1153 3598 Regio
1170 3517 1317 3580 nostrum
1331 3510 1437 3578 homi-

308 3643 392 3708 nem,
410 3621 534 3690 scilicet
549 3621 682 3690 fratrem
697 3623 899 3707 Myehaelem
916 3643 974 3707 pro
991 3621 1177 3690 testimonio
1198 3616 1434 3686 transmisisse·

309 3748 391 3814 mue,
416 3729 516 3815 ijdem
534 3731 577 3796 ad
592 3750 651 3796 nos
671 3731 795 3798 reuersi
811 3731 873 3798 hoc
888 3729 984 3800 modo
1001 3730 1198 3810 retulerunt3
1226 3725 1311 3812 quod
1326 3726 1437 3812 ipsam

308 3845 428 3904 terram
445 3837 506 3904 Vre
522 3837 726 3923 presentibus
751 3839 833 3924 ipsis
849 3837 1111 3923 condicionarijs,
1141 3855 1277 3921 quorum
1301 3833 1438 3902 nomina

308 3946 341 4012 in
367 3945 540 4032 priuilegio
565 3946 669 4032 ipsius
695 3946 817 4014 domini
842 3946 920 4014 Bele
940 3945 1039 4030 Regis
1066 3943 1193 4030 plenius
1219 3942 1435 4026 continentur,

308 4073 406 4140 super
430 4055 503 4140 ipso
529 4054 656 4124 cambio
684 4061 833 4124 emanato
844 4107 852 4141 ,
884 4061 916 4122 et
942 4073 1052 4123 coram
1076 4051 1192 4120 vicinis
1217 4052 1321 4138 ipsius
1348 4056 1437 4118 terre

309 4160 604 4246 reambulauerunt,
623 4167 654 4228 et
665 4161 751 4230 facta
767 4162 916 4248 legitima
926 4161 1189 4230 reambulaeione
1198 4159 1286 4229 nullo
1302 4159 1435 4246 penitus

312 4269 556 4338 contradicente
573 4269 668 4338 simul
684 4291 756 4339 cum
782 4271 931 4339 omnibus
946 4269 1141 4340 utilitatibus
1157 4267 1261 4356 ipsius
1280 4273 1374 4354 terre,
1402 4275 1438 4336 et

310 4373 573 4464 conditionarijs,
584 4379 887 4465 Arcbiepiscopatui
898 4377 1114 4465 strigoniensi
1124 4383 1281 4464 perpetuo
1293 4377 1354 4443 sub
1370 4381 1435 4443 ter-

310 4481 406 4547 minis
424 4487 616 4553 statuissent
631 4487 864 4576 infrascriptis;
894 4485 1047 4556 videlicet
1066 4486 1154 4571 quod
1180 4485 1288 4574 prima
1314 4482 1434 4574 (mete)

310 4587 468 4675 inciperet
484 4612 504 4658 a
519 4601 612 4677 parte
629 4595 833 4667 meridionali
848 4597 882 4664 in
899 4594 1041 4682 quodam
1057 4595 1155 4683 plano
1175 4591 1361 4679 monticulo,
1377 4593 1438 4662 vbi
