3134 5158
612 287 774 393 Q

139 486 288 554 cracionis
313 494 347 553 et
372 485 632 554 confirmacionis
659 489 700 555 ab
727 487 842 556 eodem
867 488 1028 577 Episcopo
1059 493 1254 580 suscepturi.

138 595 196 662 lieo
212 595 533 682 omniasupradiota,
551 604 618 664 tam
628 617 670 666 ex
685 603 780 684 parte
791 597 913 664 domiui
923 599 1087 686 'l'reguaui
1100 602 1255 690 Episcopi

135 701 367 787 liaguriensis,
396 723 493 786 quam
510 722 551 770 ex
567 711 661 790 purte
678 703 950 791 Archipresbiteri
967 706 1135 774 Staniruiri
1161 714 1195 775 et
1210 717 1256 778 to-

136 811 196 878 cius
216 810 303 879 Oleri
328 811 549 882 Sibenicensis
575 817 714 900 accepta
739 821 823 898 sunt,
850 819 883 879 et
909 832 1019 882 eorum
1046 817 1253 903 beneplacito

134 920 288 987 stubffiter
299 919 654 1009 attideliterroborcta,
671 921 888 1010 inpresencia
899 929 930 988 et
942 923 1130 992 testimonio
1141 925 1252 993 fratris

27 1099 28 1130 ,
134 1028 231 1112 llegsi
247 1026 310 1116 (et)
325 1027 438 1097 fratris
453 1029 532 1098 Jose
546 1029 589 1098 de
605 1030 981 1115 ordiuePredioatorum,
1001 1032 1084 1100 Biue
1100 1039 1133 1100 et
1144 1034 1252 1102 Michc

27 1137 28 1140 ’
134 1137 301 1220 proborum
318 1137 478 1205 nobilium
495 1137 649 1223 virorum,
674 1138 844 1207 Michaelis
861 1139 996 1206 Comitis
1012 1142 1194 1208 castellani
1212 1143 1253 1211 de

27 1323 28 1352 ᾖ
133 1243 264 1328 Cilissa,
291 1249 325 1312 et
340 1245 544 1328 quorundum
560 1245 709 1316 aliorum.
736 1246 806 1313 Nos
831 1267 907 1318 vero
923 1247 1066 1316 Thomas
1083 1247 1251 1316 Archidia-

132 1371 233 1440 conus,
254 1353 425 1421 Prodamus
441 1355 613 1442 Sacerdos,
631 1355 807 1440 Petrosius,
833 1354 1007 1441 Rudosius,
1024 1356 1180 1425 Nicolaus
1195 1359 1251 1424 Sa-

27 1465 28 1520 l
131 1461 230 1547 orista,
248 1463 403 1547 Joannes,
416 1463 568 1548 Saniuus,
586 1463 742 1551 lacobus,
760 1481 832 1530 cum
843 1463 919 1548 alijs
934 1460 1089 1530 iratribus
1103 1462 1251 1551 decepi·

27 1551 28 1568 ³
131 1571 191 1638 tulo
201 1568 400 1656 supradicto,
417 1570 522 1654 rogati
537 1570 579 1635 ab
594 1575 732 1654 utraque
748 1576 843 1656 parte
859 1569 923 1654 hijs
940 1569 1089 1637 omnibus
1105 1569 1250 1638 interfui·

130 1698 202 1762 mus,
219 1683 252 1744 et
261 1677 306 1744 ad
315 1678 414 1745 robur
426 1685 582 1764 perpetue
592 1677 755 1745 firmitatis
767 1684 950 1763 presentem
966 1679 1121 1767 pogicam
1137 1681 1249 1766 sigillo

131 1784 264 1873 Capituli
280 1786 383 1854 nostri
399 1785 533 1853 fecimus
550 1785 753 1854 communiri.

129 2003 240 2065 (Lucius,
260 2003 392 2054 Memorio
410 2003 528 2056 storiche
551 2004 578 2054 di
591 2004 663 2056 Trou
683 2003 767 2066 ue.1.;
792 2019 858 2054 ouen
878 1998 995 2068 olrmiuy
1015 2001 1155 2056 toreutice
1175 2005 1247 2058 lrttcli

27 2085 28 2096 ¹
388 2091 470 2160 Fejer
484 2094 550 2146 Coti.
563 2095 636 2162 Dipl.
649 2095 712 2145 Vll.
726 2094 783 2145 ket.
798 2096 820 2144 i.
837 2110 857 2144 r.
874 2094 933 2145 161.
946 2092 977 2158 1.)

123 3084 143 3147 Ι
147 3085 176 3148 V.
192 3085 270 3152 Belo
296 3085 463 3171 Mrdlpaak
473 3087 705 3174 privilcpioma,
730 3086 872 3171 culplpcl
886 3085 981 3172 Sept
1003 3098 1112 3152 necuter
1128 3087 1242 3154 Robert

123 3192 267 3256 ccncoenek
282 3193 349 3275 ficit
363 3192 503 3278 Kotpacc
518 3197 549 3256 e'o
568 3191 703 3257 coemere
729 3191 910 3257 &melchan
933 3192 1114 3277 mopertetci.
1144 3194 1239 3260 1252.

215 3387 297 3455 Bela
316 3388 380 3454 Dei
405 3386 520 3474 gracia
544 3383 721 3470 Hungarie,
745 3385 926 3471 Dalmaoie,
951 3385 1098 3473 Oroacie,
1123 3390 1237 3476 Rome,

120 3493 233 3582 Seruie,
246 3497 397 3583 Gallicis,
415 3495 617 3580 Lodomerie,
635 3495 934 3582 CumaniequeRex
951 3497 1101 3564 omnibus
1118 3495 1238 3564 Christi
1354 3531 1358 3536 ·

119 3601 258 3672 fidelibus
284 3611 469 3692 presentem
486 3603 645 3692 paginam
670 3603 867 3689 inspecturis
887 3605 1026 3671 salutem
1042 3604 1075 3670 in
1092 3605 1235 3672 omnium

118 3711 283 3781 saluatore.
309 3711 389 3780 Cum
404 3711 509 3797 Regia
534 3710 717 3780 liberalitas
734 3711 936 3797 singulorum
952 3711 1094 3779 fidelium
1117 3711 1234 3778 merita

118 3837 355 3906 recompensare
375 3817 478 3904 digna
502 3818 766 3886 remuneracione
792 3819 921 3902 debeat,
950 3827 983 3886 et
1008 3818 1234 3886 munificencia

118 3927 257 4012 ampliori
271 3927 475 4012 instaurare;
493 3925 631 4013 proinde
649 3925 691 3993 ad
705 3925 929 3996 uniuersorum
945 3931 1012 3991 tum
1028 3923 1232 4011 presencium

117 4052 203 4115 quam
227 4033 409 4102 futurorum
434 4033 588 4102 noticiam
614 4035 730 4100 harum
756 4033 841 4101 serie
868 4031 1017 4102 volumus
1049 4034 1231 4120 peruenire,

117 4142 192 4223 quod
208 4142 368 4210 accedens
388 4141 436 4209 ‘ad
452 4149 598 4210 nostram
622 4142 828 4229 presenciam
844 4141 1002 4226 Magister
1018 4139 1122 4229 Stepk
1146 4141 1232 4208 filius

115 4247 235 4318 Roberti
251 4249 399 4336 Comitis,
427 4248 564 4317 dilectus
592 4256 625 4316 et
642 4249 748 4318 fidelis
764 4257 882 4335 noster,
909 4269 968 4317 nos
984 4247 1148 4316 humiliter
1174 4271 1230 4337 po·

116 4357 229 4426 stulaus
245 4365 279 4425 et
293 4363 427 4444 ateute,
444 4357 595 4445 exposuit
610 4357 715 4443 nobis,
733 4355 820 4444 quod
831 4357 944 4425 voleus
960 4354 1105 4424 remedio
1122 4355 1231 4423 anime

115 4482 162 4531 sue
187 4475 262 4534 ante
290 4466 378 4534 diem
394 4464 504 4533 obitus
530 4466 581 4534 sui
606 4465 789 4553 prouidere,
815 4464 977 4550 quasdam
1002 4463 1230 4551 possessiones

115 4589 182 4642 sucu
196 4573 378 4662 Oulputeuu
392 4572 634 4662 hereditariam,
660 4581 693 4641 et
709 4571 913 4641 cherneteuu
932 4571 1119 4657 empticium
1136 4571 1227 4638 habi-
