3134 5158
564 353 725 457 joo-

84 551 137 636 qui
153 552 276 622 dicitnr
292 552 415 636 illata,
441 549 517 618 hinc
533 551 682 620 ascendit
697 571 796 637 super
811 552 917 635 bercz,
944 556 976 616 et
991 550 1140 637 peraenit
1164 549 1207 616 ad

82 671 145 728 tres
162 663 302 729 arbores
317 660 409 745 ffugi,
431 664 464 726 et
480 680 578 746 super
593 661 726 728 easdem
742 668 818 728 sunt
836 661 932 743 sigua
948 661 1062 746 crucis,
1084 667 1117 726 et
1131 658 1208 726 inde

83 769 233 837 ascendit
257 769 302 835 ad
316 769 472 836 verticem
488 767 646 854 eiusdem,
673 777 706 836 et
721 768 870 856 peruenit
885 768 928 834 ad
946 767 1095 835 arborem
1111 765 1206 849 ilicis,

83 881 136 946 rbi
151 885 203 946 est
229 886 320 946 meta
335 885 461 962 terrea,
488 877 564 944 iude
590 877 759 945 descendit
775 876 818 942 ad
843 896 972 943 cursum
996 875 1090 942 unius
1105 873 1206 960 putei,

82 995 113 1053 et
128 987 249 1052 transit
273 985 422 1069 eundem,
452 993 485 1051 et
510 986 660 1052 ascendit
674 986 709 1052 in
728 987 843 1070 berca;
870 985 944 1052 hinc
968 982 1138 1051 descendit
1163 979 1207 1046 ad
1291 1055 1295 1060 ,

84 1115 181 1160 vnum
198 1093 339 1160 rivulum
354 1093 485 1160 nomine
501 1093 659 1179 Treztem,
684 1091 881 1161 transeundo
898 1091 1035 1160 eundem
1060 1086 1207 1158 ascendit

82 1208 111 1268 et
135 1203 287 1289 peruenit
312 1201 356 1268 ad
371 1202 461 1270 riam
476 1202 651 1289 publicam,
677 1202 769 1269 iuxta
794 1221 893 1288 quam
919 1207 968 1269 est
987 1209 1076 1268 meta
1099 1205 1206 1266 terrea

80 1310 112 1374 in
129 1310 249 1378 arbore
264 1309 361 1397 ilicis,
387 1311 442 1377 vbi
457 1311 492 1376 in
508 1311 641 1378 sinistro
667 1317 744 1376 sunt
765 1310 962 1396 jobagionos
979 1308 1104 1393 Castri3
1130 1308 1205 1376 inde

80 1417 184 1484 tendit
198 1437 313 1484 versus
336 1418 522 1502 aquilonem
537 1440 597 1506 per
612 1419 752 1485 eandem
770 1418 857 1484 viam
874 1419 906 1483 in
931 1418 1017 1485 bono
1034 1417 1155 1504 spacio,
1173 1423 1206 1482 ct

78 1526 231 1612 pernenit
245 1525 289 1592 ad
305 1524 495 1610 indaginem
511 1527 663 1612 Budyna‚
680 1525 736 1592 vbi
752 1526 786 1592 in
802 1526 933 1594 sinistro
950 1528 1055 1594 Marco
1076 1531 1126 1591 est
1141 1523 1205 1590 sibi

77 1639 339 1720 eommetaneus;
366 1620 443 1701 inde
461 1635 554 1704 vadit
573 1633 786 1722 pereundam
801 1636 888 1702 viam
904 1633 1107 1718 longitudine
1126 1631 1202 1699 duo·

78 1762 149 1807 rum
161 1742 328 1827 jugerum,
355 1747 389 1808 et
402 1741 550 1828 peruenit
566 1742 610 1808 ad
624 1762 722 1809 vnum
739 1741 910 1809 rotundum
926 1741 1081 1827 lapidem,
1106 1759 1205 1826 super

80 1871 142 1934 quo
159 1854 209 1917 est
224 1855 312 1917 meta
327 1855 453 1937 terrea,
476 1850 553 1917 binc
567 1851 715 1938 procedit
730 1852 763 1918 in
780 1849 895 1917 eadem
913 1849 967 1917 via
982 1869 1041 1936 per
1057 1847 1204 1934 spacium

78 1957 175 2024 trium
183 1959 351 2044 jugerum,
369 1963 401 2022 et
415 1958 564 2044 peruenit
579 1958 622 2025 ad
639 1961 789 2026 arborem
805 1977 953 2044 quercus,
979 1957 1034 2023 vbi
1051 1961 1101 2022 est
1118 1961 1205 2022 meta

79 2075 205 2150 terrea3
233 2065 308 2132 binc
324 2066 443 2133 transit
458 2066 557 2153 viam,
583 2072 616 2133 et
630 2067 750 2134 transit
765 2087 879 2134 versus
896 2065 1063 2148 orientem,
1083 2069 1116 2129 et
1130 2084 1202 2149 pro·

80 2175 167 2240 sedit
181 2174 227 2241 ad
241 2172 381 2260 foueam,
408 2193 470 2259 que
486 2180 621 2242 uocatur
636 2177 739 2262 Rupa,
762 2194 822 2262 per
837 2195 935 2257 quam
951 2173 1040 2241 cadit
1054 2172 1099 2238 ad
1114 2177 1203 2238 ante-

80 2281 201 2347 dictum
217 2279 340 2348 iontem
354 2280 541 2366 Priobayni,
559 2288 592 2348 et
607 2282 726 2350 transit
740 2281 863 2350 iontem
879 2283 922 2348 ad
943 2283 1090 2351 arborem
1107 2279 1201 2362 ilicis,

78 2387 133 2453 rbi
150 2395 201 2452 est
216 2395 306 2454 meta
320 2393 447 2471 terrea;
464 2387 541 2453 hinc
551 2388 726 2474 pertransit
741 2409 837 2455 unam
848 2388 976 2473 siluam,
992 2409 1054 2473 que
1067 2391 1202 2454 vocatur

77 2495 192 2580 Jalezi,
223 2499 257 2560 et
280 2493 429 2580 peruenit
446 2492 489 2560 ad
505 2515 603 2561 vnum
627 2515 765 2581 paruum
785 2495 929 2581 fluuium,
954 2514 1050 2579 quem
1075 2492 1201 2575 transit,

76 2611 105 2668 et
121 2603 158 2670 in
185 2603 298 2670 stricto
323 2603 396 2670 loeo
422 2602 511 2670 cadit
535 2601 579 2669 ad
604 2623 724 2688 aquam
741 2605 927 2692 (lupohyna,
954 2604 1046 2672 ubia
1071 2602 1202 2669 sinistro

75 2710 249 2794 generacio
277 2709 417 2795 (lraysig
447 2718 497 2778 est
522 2717 763 2798 eommetanea;
795 2713 871 2780 inde
901 2733 962 2800 por
988 2710 1202 2798 Cupchynam

74 2815 251 2883 reuertitur
275 2813 319 2881 ad
335 2815 475 2902 priorem
492 2823 621 2884 metam.
647 2819 728 2886 ltem
745 2819 851 2906 prima
877 2827 964 2886 meta
982 2825 1068 2885 terre
1083 2817 1203 2885 Machi-

75 2925 137 3010 cin,
157 2943 222 3007 que
237 2927 287 2992 est
301 2923 436 3009 Thomu,
462 2925 578 3012 incipit
593 2927 626 2992 in
643 2927 769 2994 duabus
787 2927 957 2995 arboribus
973 2951 1034 3015 apr
1049 2933 1082 2993 et
1097 2928 1204 2993 borozt

75 3031 265 3111 nominatis,
292 3031 381 3098 circa
396 3051 478 3116 quas
504 3033 566 3100 due
580 3035 633 3100 vic
657 3035 755 3102 simul
780 3036 1029 3121 coniunguntur,
1057 3043 1089 3101 et
1111 3034 1203 3102 vadit

74 3161 193 3225 parurn
210 3138 244 3205 in
259 3157 324 3205 una
340 3138 514 3206 earundem
531 3141 667 3226 viarum,
694 3147 726 3208 et
741 3145 891 3229 peruenit
905 3145 949 3210 ad
965 3164 1062 3210 vnum
1086 3147 1201 3224 bornat,

72 3251 104 3315 in
122 3268 189 3332 quo
207 3248 396 3333 estsignum
414 3249 539 3333 crucis3
557 3249 632 3316 binc
647 3249 741 3317 vadit
755 3251 788 3318 in
799 3252 905 3338 lorea,
923 3253 956 3318 in
973 3271 1039 3338 qua
1054 3250 1202 3338 procedit

72 3359 182 3422 siccus
209 3355 338 3442 fluuius,
364 3363 397 3423 et
419 3377 477 3444 per
503 3357 641 3424 eundem
665 3358 786 3426 siccum
808 3360 941 3426 fluuium
965 3361 1056 3426 vadit
1080 3378 1202 3442 magna

71 3461 292 3550 longitudine,
310 3471 342 3529 et
356 3463 506 3551 peruenit
521 3463 565 3530 ad
580 3465 714 3532 fluuium
730 3467 923 3550 Machicum,
948 3467 1002 3534 ubi
1018 3467 1052 3533 in
1068 3465 1200 3534 sinistro

69 3571 243 3657 Hyreebilr
256 3571 395 3657 jobagio
413 3572 521 3642 Oaatri
541 3581 592 3640 est
607 3581 858 3659 eommetanens,
884 3575 1035 3642 adextro
1052 3594 1129 3642 vero
1152 3579 1201 3641 est

68 3685 161 3746 terra
176 3679 303 3746 'l'lrome
319 3677 494 3766 antedicti,
521 3681 597 3748 hinc
612 3681 646 3748 in
661 3683 747 3750 dicto
774 3682 874 3750 fluuio
891 3684 981 3751 vadit
1004 3681 1048 3750 ad
1071 3683 1199 3766 siluam,

69 3787 103 3853 in
119 3807 190 3871 qna
205 3787 294 3853 idem
311 3787 454 3855 Thomas
471 3793 521 3856 ert
535 3791 711 3877 particeps,
735 3791 832 3875 juxta
847 3810 945 3876 quam
960 3791 1068 3877 pergit
1087 3809 1199 3857 uersus

67 3897 260 3980 aquilonem
287 3896 374 3964 bona
399 3897 602 3982 longitudine
628 3899 671 3966 ad
697 3897 778 3967 duos
802 3899 929 3986 fluuios,
961 3918 1096 3984 qnorum
1117 3916 1199 3963 unus

69 4013 119 4070 est
147 4005 237 4070 circa
263 4003 413 4072 Orebouz
439 4007 659 4092 nominatum,
691 4007 810 4074 dehinc
841 4009 1033 4094 peripsum
1064 4005 1198 4071 fluuium

66 4113 222 4179 ascenfflt
236 4112 271 4178 in
286 4113 384 4198 valle,
410 4113 466 4180 vbi
483 4115 695 4182 eommetanei
720 4121 795 4182 sunt
813 4115 943 4202 Bogdui
968 4122 1000 4181 et
1025 4112 1199 4199 generacio

68 4219 214 4304 Marcus,
240 4242 262 4287 a
277 4227 373 4307 parte
397 4222 545 4308 Beruen,
573 4229 605 4288 et
621 4223 734 4290 exiens
761 4222 802 4290 de
827 4223 913 4290 ualle
936 4222 1026 4290 cadit
1051 4222 1084 4287 in
1101 4223 1197 4308 viam,

71 4345 131 4411 per
151 4348 248 4412 quam
258 4329 432 4395 reuertitur
447 4329 491 4395 ad
508 4335 626 4396 metam
642 4331 845 4417 priorem.th
860 4336 969 4398 autem
987 4329 1083 4398 huius
1099 4330 1201 4415 inqui-

69 4433 205 4502 sicionis
221 4441 255 4502 et
271 4435 528 4504 confirmacionis
546 4436 651 4504 series
667 4438 911 4506 irretractabilis
932 4440 1098 4523 consistat,
1115 4439 1198 4506 litte·

69 4559 124 4606 ras
141 4549 272 4611 nostras
288 4541 334 4609 ad
349 4543 544 4630 peticionem
561 4545 707 4630 parcium
723 4546 951 4632 concessimus,
979 4546 1081 4632 sigilli
1097 4551 1197 4616 nostri
