3134 5158
829 915 907 985 280.

311 1101 342 1166 Α
360 1103 437 1166 ticeli
450 1100 662 1188 kdptcluanek
677 1100 945 1186 diacopedplecde,
962 1099 1044 1183 kopp
1060 1095 1210 1180 Nembyz,
1218 1094 1269 1176 fic
1285 1089 1447 1157 Felienalr

313 1211 523 1294 ezcbcdsdprit
546 1209 717 1274 olcloceai
739 1207 948 1294 kdptulancdl
973 1206 1086 1290 Babcp
1108 1204 1231 1288 talpae'p
1255 1201 1334 1266 etat
1356 1221 1445 1284 mep-

748 1316 887 1382 edltcttu.
906 1313 1005 1382 1251.

419 1517 489 1585 Nos
504 1513 662 1601 Magister
686 1511 834 1582 Andreas
850 1511 1040 1600 Propositus
1059 1507 1261 1598 Tytuliensis
1286 1513 1319 1574 et
1333 1511 1443 1573 totum

310 1623 456 1692 ciruedenr
481 1621 544 1693 loci
560 1621 747 1710 Capitulum
772 1619 922 1688 omnibns
938 1617 1060 1686 Christi
1076 1616 1226 1686 fidelibus
1250 1620 1442 1702 presentem

310 1728 864 1819 peginaminspecturissolutemin
880 1727 1207 1798 omniumsaluatere.
1229 1723 1443 1814 Quamquam

311 1840 517 1908 sconditore
542 1838 672 1924 generis
696 1838 829 1906 humani
853 1855 966 1906 ornnes
992 1835 1140 1904 homines
1165 1853 1249 1918 equo
1273 1831 1442 1900 libertatis

309 1947 483 2032 priuilegio
499 1946 565 2016 sint
579 1946 697 2032 pauni,
721 1951 755 2012 et
769 1933 829 2033 pro
846 1944 925 2012 iuris
941 1943 1100 2012 naturalis
1116 1941 1273 2010 beneficio
1289 1938 1441 2026 gaudere

310 2053 469 2138 debeant3
485 2061 595 2122 tumen
612 2053 789 2122 seeundum
809 2053 898 2122 duris
914 2052 1028 2120 Ciuilis
1044 2056 1167 2120 statuta
1192 2047 1314 2118 diuersi
1330 2047 1441 2115 diuer-

310 2159 436 2230 sinrode
451 2159 495 2230 ad
510 2163 682 2230 seruitutes
698 2160 900 2248 rediguntur,
924 2161 1087 2230 nonnulos
1100 2160 1205 2228 eciam
1231 2155 1358 2226 oblaeio
1377 2177 1440 2242 pa·

309 2276 404 2338 terna
418 2287 592 2338 annuemus
609 2269 686 2338 facit
701 2277 734 2337 et
748 2271 912 2338 subiectos
922 2268 1081 2338 seruituti.
1097 2267 1239 2336 Proinde
1254 2263 1440 2332 aduniner-

307 2397 417 2448 sorum
433 2377 587 2448 noticiam
613 2379 726 2447 harum
743 2378 828 2448 serie
854 2379 1001 2446 velumus
1020 2375 1203 2464 peruenire,
1230 2374 1318 2460 quod
1342 2391 1438 2440 acce-

308 2489 389 2556 dens
406 2485 450 2554 ad
474 2487 680 2574 presenciam
697 2495 839 2556 nostram
856 2487 1004 2572 Nemhyz
1019 2485 1061 2554 de
1076 2485 1205 2572 Babay,
1231 2481 1366 2570 prestito
1382 2502 1438 2548 oo·

307 2615 378 2664 reru
395 2597 491 2666 nobis
507 2597 670 2683 eorporeli
695 2604 899 2666 sacramento
916 2596 1059 2664 asseruit
1074 2602 1107 2664 et
1122 2593 1206 2660 dixit
1226 2589 1437 2680 presentibus

307 2704 570 2791 procuratoribus
596 2702 739 2790 Capituli
756 2701 978 2788 Ooloolrensis,
1003 2701 1157 2770 videlicet
1172 2701 1248 2767 lilia
1263 2697 1436 2766 Archidia-

306 2831 389 2882 cono
405 2810 550 2878 eiusdem
567 2811 641 2897 loci,
657 2819 690 2880 et
705 2813 814 2882 Pousa
828 2813 1031 2898 presbytero,
1048 2811 1089 2878 N.
1107 2811 1242 2876 Decauo
1257 2814 1290 2874 et
1305 2806 1435 2874 Jacobo

307 2917 484 3002 tirunculae,
510 2919 668 2987 canonice
693 2926 726 2986 et
740 2919 887 3004 legitime
911 2919 1079 3004 institutis,
1104 2916 1191 3004 qnod
1217 2915 1316 2983 lilium
1336 2933 1435 2982 suurn

307 3027 438 3094 nomine
453 3026 546 3094 Felix
559 3027 676 3095 obtulit
700 3027 742 3094 ad
759 3029 865 3096 altare
881 3027 995 3098 Sancti
1011 3027 1107 3096 Pauli
1131 3027 1189 3094 tali
1205 3023 1335 3092 adiecta
1357 3041 1433 3090 con·

306 3135 442 3220 dicione,
459 3135 546 3222 quod
563 3135 718 3222 quamdiu
734 3137 820 3206 filius
837 3156 914 3206 suns
932 3136 1052 3206 vixerit
1070 3135 1264 3222 antedictus,
1288 3133 1434 3202 officium

305 3243 483 3330 pulsatoris
507 3244 628 3314 debeat
652 3263 813 3312 exercere.
846 3245 913 3314 Sed
936 3245 1101 3334 predictus
1126 3263 1248 3332 parens
1272 3241 1434 3310 antedicti

306 3352 398 3437 pueri
414 3351 541 3438 videns,
567 3353 668 3422 filiurn
683 3371 777 3420 suum
793 3353 949 3440 proficere
964 3353 998 3420 in
1015 3359 1103 3424 etate
1126 3359 1160 3422 et
1174 3372 1294 3440 genere
1308 3351 1434 3420 littera·

306 3463 387 3543 turo,
412 3459 595 3546 posteritati
610 3461 743 3547 proprie
761 3480 951 3549 precedens,
977 3482 1051 3531 curn
1067 3461 1187 3530 dilecta
1207 3459 1432 3546 coniugem,

307 3571 410 3634 matre
425 3566 564 3654 predicti
579 3567 683 3653 Felix,
707 3569 847 3637 accessit
871 3575 904 3636 et
920 3569 1072 3656 (rapiente
1089 3569 1283 3640 Ooloohensi
1303 3568 1434 3636 bumili-

306 3681 356 3742 ter
382 3675 565 3764 suplicent,
590 3675 676 3762 quod
693 3697 764 3746 euru
789 3677 968 3764 preciosior
992 3699 1056 3756 non
1082 3679 1204 3746 sitnisi
1228 3676 1434 3764 posteritatis

305 3783 452 3870 libertas,
468 3784 585 3854 obtulit
596 3803 755 3854 consensu
765 3787 876 3856 vxoris
892 3787 1284 3856 suevltroneavoluntate
1302 3806 1341 3854 ao
1356 3783 1434 3852 sine

306 3893 491 3978 coaeoione
517 3893 759 3981 possessionem
774 3913 878 3980 suum,
904 3901 1024 3964 terram
1041 3895 1196 3964 videlieet
1210 3895 1327 3980 Babay
1351 3913 1433 3962 nun-

305 4009 457 4089 cupatem
483 4005 516 4072 in
541 4001 799 4091 redempcionern
823 4003 990 4075 seruitutis
1016 4005 1172 4092 predicte.
1202 4006 1246 4072 lit
1269 4003 1346 4072 licet
1370 4023 1433 4088 pre

305 4109 420 4178 ualere
434 4109 653 4197 possessionis
669 4117 840 4198 pretaxate
865 4111 1005 4180 seruitus
1023 4111 1117 4198 pueri
1137 4111 1308 4180 memorati
1326 4110 1432 4176 multo

302 4216 507 4301 prestaneior
533 4225 566 4285 et
583 4217 721 4286 validior
744 4218 945 4304 habebatur;
974 4220 1052 4305 quia
1068 4227 1177 4287 temen
1205 4217 1433 4286 ecclesiastiae

307 4327 474 4392 consueuit
490 4325 738 4412 mansuetudini,
749 4345 926 4413 oppressos
942 4327 1150 4394 aseruuitote
1166 4325 1340 4408 exhimere,
1355 4345 1430 4391 ma·

307 4432 395 4498 xime
410 4433 495 4519 illos,
509 4435 565 4519 qui
581 4455 602 4501 a
616 4433 780 4503 nobilibus
790 4435 1037 4520 descenderunt,
1057 4434 1164 4522 ipsam
1174 4431 1430 4521 possessionem,

304 4555 414 4624 ymmo
430 4541 594 4624 terrulam,
620 4547 769 4628 respectu
783 4539 948 4610 seruitutis
968 4539 1192 4629 prenominato
1207 4540 1242 4608 in
1257 4541 1432 4629 presencia

302 4651 415 4716 nostre
431 4645 630 4734 sepedictum
646 4645 833 4740 Capitulum
848 4649 882 4716 in
889 4648 1106 4720 concanbium
1123 4647 1246 4741 recepit
1260 4647 1430 4719 seruitutis
