3102 5160
334 1051 394 1119 Pol
408 1045 659 1134 orsadpba'rdaak,
683 1069 705 1110 a
719 1041 896 1128 daltonpbele'
918 1039 1052 1127 apdtsdp
1076 1042 1106 1103 ds
1130 1062 1151 1102 a
1164 1037 1290 1105 1000100οηο
1302 1046 1363 1107 oda·
1380 1043 1456 1127 joh-

597 1153 712 1239 bdpyae‘
724 1150 804 1215 la'r'zti
817 1145 1078 1214 birtoloreadeze'aa
1093 1143 1192 1211 1249.

439 1350 561 1418 Paulus
583 1346 690 1416 Judex
705 1344 789 1413 Aule
803 1343 906 1428 Regia
922 1349 954 1410 et
969 1341 1087 1410 (lomes
1111 1341 1316 1412 Zaladiensis
1330 1345 1463 1412 uniuer-

333 1459 380 1528 sis
395 1477 529 1545 presens
554 1455 708 1540 seriptum
723 1451 923 1519 intuentibus
942 1453 1083 1518 salntem
1097 1449 1132 1516 in
1146 1470 1195 1536 eo,
1220 1451 1276 1534 qui
1293 1458 1344 1519 est
1368 1454 1463 1520 salus

333 1567 486 1636 omnium.
510 1564 563 1631 Ad
578 1565 800 1630 universorum
826 1558 974 1628 volumus
998 1557 1165 1644 peruenire
1179 1559 1343 1647 noticiam,
1371 1561 1464 1645 quod

334 1673 516 1742 constitutis
532 1692 639 1739 ceram
656 1669 751 1738 nobis
767 1668 925 1754 partibus,
951 1666 1104 1734 videlieet
1118 1669 1247 1735 Abbate
1266 1675 1299 1735 et
1308 1669 1463 1755 jobagio-

334 1783 430 1850 nibns
446 1779 636 1848 Monosterii
652 1779 693 1845 de
709 1777 787 1843 Beel
802 1796 843 1842 ex
859 1796 924 1843 una
939 1781 1053 1861 parte;
1070 1782 1102 1842 et
1109 1776 1341 1862 jobagionibus
1351 1777 1463 1844 eastri

333 1890 471 1956 Korkon
498 1908 539 1953 ex
564 1887 689 1972 altera,
724 1883 943 1950 intelleximus
969 1882 1109 1970 partium
1134 1904 1307 1969 consensu,
1338 1892 1463 1951 terram

197 2013 199 2016 ·
334 1996 413 2062 dieti
428 1994 628 2079 Monasterij,
655 2012 717 2076 que
733 1991 946 2058 communiter
961 1992 1026 2057 sita
1041 1991 1148 2058 suerat
1163 1997 1249 2060 terre
1263 1993 1462 2078 populorum

335 2104 376 2170 de
392 2103 472 2168 villa
487 2101 611 2184 Soeloh‚
628 2101 746 2166 aratris
762 2098 888 2168 duobus
904 2101 1095 2185 subjectam,
1111 2107 1257 2168 trecenta
1272 2109 1305 2168 et
1320 2101 1464 2185 quadra·

335 2211 428 2294 ginta
439 2211 558 2296 jugera
572 2209 606 2274 in
622 2227 659 2274 se
675 2206 901 2293 continentem,
916 2208 1013 2292 juxta
1030 2212 1177 2276 tenorem
1193 2208 1357 2294 privilegij
1383 2208 1464 2275 Illu-

334 2319 409 2386 stris
436 2324 513 2384 tuno
531 2314 630 2398 Regis
654 2314 736 2381 Belo
761 2313 867 2381 leliois
891 2317 1056 2400 memorie,
1082 2321 1206 2382 aterra
1229 2315 1356 2402 prefate
1379 2313 1463 2382 ville

333 2424 449 2494 Soeloh
465 2421 584 2490 debere
598 2421 777 2508 segregari.
802 2421 870 2488 Nos
888 2423 999 2506 itaque
1015 2421 1168 2507 congruis
1186 2421 1335 2509 parcium
1351 2425 1463 2506 acqui-

333 2541 479 2602 ostentes
503 2531 738 2616 voluntatibus,
763 2530 927 2598 mediante
942 2530 1073 2598 homine
1097 2537 1207 2599 nostro
1232 2530 1391 2597 Miohaele
1417 2531 1463 2597 de

334 2642 418 2726 (iely
434 2647 553 2707 terram
572 2639 617 2706 ad
641 2638 705 2704 duo
723 2645 835 2706 aratra
859 2645 983 2705 aterra
1006 2639 1173 2724 sepediote
1199 2639 1278 2705 ville
1301 2639 1464 2731 iacientes

333 2747 482 2834 separari
497 2754 630 2834 propter
646 2747 821 2814 oautellam
836 2746 1064 2815 alteroaoionis
1079 2747 1175 2831 juxta
1190 2746 1331 2832 priorem
1347 2766 1462 2812 nurne-

333 2876 405 2920 rum
434 2855 588 2939 jugerum
620 2855 769 2942 aplaga
798 2854 1055 2942 septemtrionali
1089 2853 1206 2940 sitam,
1239 2853 1343 2920 tribus
1367 2851 1463 2920 villis

334 2962 443 3029 Castri
461 2963 698 3050 Soproniensis,
717 2964 871 3032 videlieet
892 2965 1057 3050 Keyouolr,
1082 2965 1205 3049 Gentey
1229 2969 1261 3032 et
1275 2964 1376 3032 Suroh
1399 2983 1464 3048 per

333 3069 467 3137 erubrus
483 3070 577 3137 binas
602 3077 718 3157 metus,
743 3090 925 3157 usquequo
942 3070 1068 3138 venitur
1091 3071 1136 3137 ad
1151 3069 1310 3154 (irenohe,
1335 3071 1369 3136 in
1384 3091 1464 3156 pos·

334 3176 514 3244 sessionem
530 3176 608 3244 dieti
624 3179 812 3264 Monasterij
839 3178 974 3246 feoimus
995 3177 1157 3262 assignari
1182 3181 1338 3264 perpetuo
1352 3179 1463 3264 possi-

334 3283 485 3350 dendam.
510 3285 561 3350 Ne
574 3283 674 3369 igitur
689 3305 787 3371 snper
802 3285 889 3353 lauto
914 3285 999 3352 dioto
1022 3291 1108 3351 terre
1123 3283 1279 3369 temporis
1304 3303 1465 3370 prooessn

333 3391 471 3459 nonaoio
486 3393 540 3460 vel
554 3393 596 3459 lis
612 3392 725 3478 aliqua
740 3393 863 3461 oriatur
878 3415 937 3480 pro
953 3391 1105 3462 distinete
1113 3397 1199 3460 terre
1214 3399 1312 3480 statu,
1328 3393 1372 3459 ad
1386 3413 1466 3480 par-

334 3499 420 3566 oinm
435 3499 629 3586 peticionem
655 3501 802 3569 dedimus
818 3509 987 3599 presentes
1002 3501 1128 3569 litteras
1153 3501 1255 3587 sigilli
1271 3501 1374 3568 nostri
1390 3521 1463 3566 mu·

333 3607 454 3675 nimine
478 3608 656 3675 roboratas.
683 3611 775 3676 Anno
791 3609 962 3678 Dominioe
986 3609 1228 3677 Inoamaoionis
1244 3608 1459 3692 110000000-

333 3714 519 3802 dragesimo
537 3737 633 3786 nono.

436 3911 572 3979 (Eredetis
585 3906 749 3976 bdrhdrtydn
762 3923 779 3959 a
791 3907 984 3974 pannonhalmi
996 3903 1139 3974 illapdtsdg
1151 3903 1359 3974 levdltdrdban.)

756 4175 1021 4187 -Μ
